1858 3126
365 142 461 187 300
944 144 1203 188 PROCOPII

355 251 581 294 Ῥαιὸεστοῦ
611 253 686 309 γὰρ
717 251 900 306 ἀνέστησε
934 252 1069 305 πόλιν,
1102 256 1213 309 τείχει
1235 256 1303 308 μὲν
1331 256 1521 312 ἐρυμνὴν,
1554 257 1712 312 μεγέθει
1734 258 1778 299 δὲ

362 319 629 375 διαφερόντως
655 319 880 375 ὑπέρογκον.
948 316 994 362 οὗ
1020 322 1070 375 δὴ
1096 321 1311 378 βαρβάρων
1339 325 1472 379 σφίσιν
1490 325 1714 379 ἐγκειμένων
1741 325 1779 365 οἱ

361 385 624 442 πλησιόχωροι
650 386 817 435 ἅπαντες
838 388 891 436 εἰς
916 388 1052 444 καιρὸν
1079 387 1386 445 καταφεύγοντες
1404 391 1477 433 σὺν
1498 398 1579 441 τοῖς
1599 389 1779 448 χρήμασι

361 453 634 504 διασώζονται.

309 529 340 562 Β
496 519 534 560 ι’.
604 519 669 560 Τὰ
686 519 757 571 μὲν
787 513 855 560 οὖν
884 521 946 561 ἐπὶ
965 518 1192 562 Ῥαιδεστοῦ
1206 521 1465 578 Ἰουστινιανῷ
1481 526 1641 574 βασιλεῖ’
1654 520 1810 577 ταύτῃζὸ

362 604 416 639 πη
443 585 564 638 ἴσχεν.
631 584 706 626 ὅσα
732 586 775 626 δὲ
803 586 910 642 αὐτῷ
940 587 1042 643 ἀμφὶ
1068 586 1311 643 Χερρονήσῳ
1348 587 1644 642 διαπεπόνηται,
1680 591 1779 644 ἓριῦν

360 653 539 706 ἔρχομαι.
607 653 872 708 προβέβληται
890 655 961 706 μὲν
981 652 1109 707 πάσης
1133 652 1158 705 ἦ
1179 652 1433 709 ,Χερρόνησος
1453 659 1524 708 τῆς
1544 656 1633 696 κατ’
1657 655 1780 708 αὐτὴν

365 718 540 776 Θρᾴκης.
611 719 899 771 ἐπεμβαίνουσα
924 721 999 776 γὰρ
1018 726 1065 775 τῇ
1085 718 1273 775 θαλάσσῃ
1292 722 1355 761 καὶ
1374 720 1503 776 ὥσπερ
1531 721 1692 775 ἐχομένη
1710 725 1781 763 τοῦ

361 785 520 839 πρόσω,
555 783 714 839 δόκησιν
729 787 936 841 παρέχεται
954 787 1014 828 ὅτι
1033 787 1081 841 δὴ
1106 789 1166 828 ε’πὶ
1183 788 1254 840 τὴν
1271 788 1405 829 Ἀσίαν
1417 793 1550 842 χωρεῖ’.
1616 787 1714 841 ἀκτὴ
1737 788 1781 828 δὲ

363 852 486 905 αὐτῆς
515 853 619 907 ἀμφὶ
650 851 762 894 πόλιν
776 853 1005 895 Ἐλαιοῦντα
1030 854 1258 909 προῦχουσα
1278 855 1374 907 μία,
1408 855 1526 907 σχίζει
1555 871 1598 896 τε
1626 857 1680 903 εἷς
1709 851 1780 894 δύο
1793 862 1835 896 10

361 919 433 972 τὴν
455 917 666 960 θάλασσαν
684 921 838 975 μοίρας,
872 923 938 962 καὶ
959 921 1058 974 αὐτὴ
1081 925 1137 977 τῷ
1161 921 1287 977 ῥοθίῳ
1312 921 1599 974 ἄποτεμνομένη
1619 925 1689 974 τῆς
1710 919 1783 961 ἄλ·-

360 989 432 1039 λης
447 986 619 1041 ἠπείρου,
653 988 718 1027 καὶ
739 987 956 1043 προσιούσῃ
976 990 1213 1043 ἐπίπροσθεν
1233 992 1282 1042 τῇ
1299 986 1486 1042 θαλάσσῃ
1506 986 1782 1043 ὗποχωροῦσα,

359 1053 428 1093 τὸν
447 1054 618 1093 ΖΙῖΙέλανα
633 1052 873 1104 καλούμενον
888 1061 994 1095 ποιεῖ’
1010 1053 1166 1095 κόλπον.
1232 1059 1350 1107 νῆσος
1371 1055 1413 1095 δὲ
1431 1053 1476 1095 τό
1498 1054 1633 1095 λοιπὸν
1651 1055 1782 1108 ὀλίγου
1818 1104 1821 1108 .

311 1125 341 1158 C
365 1120 518 1167 δέοντος
539 1121 705 1172 γίνεται,
740 1118 865 1172 ὄνομα
886 1124 943 1176 τῷ
965 1122 1183 1176 ποιουμένῳ
1202 1125 1399 1176 προσῆκον
1419 1121 1606 1174 κτωμένη.
1671 1122 1783 1175 Χερ-

360 1184 527 1241 ρόνησος
545 1185 645 1240 γὰρ,
681 1183 734 1234 (ὃς
755 1186 799 1227 τὸ
822 1185 943 1236 εἰκὸς,
978 1186 1206 1239 ὀνομάζεται
1215 1217 1228 1238 ,
1262 1189 1395 1243 ῗσθμῷ
1419 1188 1656 1243 διειργομένη
1678 1190 1782 1242 βρα-
1795 1195 1836 1229 15

355 1259 440 1306 χεῖ,
474 1252 530 1305 μὴ
552 1257 670 1306 νῆσος
691 1251 938 1294 παντάπασιν
961 1251 1069 1295 εἶναι.
1137 1254 1239 1295 κατὰ
1260 1257 1398 1295 τοῦτον
1423 1253 1459 1294 οἳ
1478 1253 1600 1294 πάλαι
1622 1252 1780 1308 ἄνθρω-

359 1337 426 1360 ποι
462 1320 530 1361 τὸν
557 1319 706 1372 ἴσθμὸν
732 1320 937 1375 παρέργως
965 1337 1006 1361 τε
1037 1322 1101 1361 καὶ
1135 1322 1221 1361 λίαν
1253 1320 1558 1374 ἀπημελημένως
1583 1321 1783 1372 ἒὸείμαντο

361 1388 606 1439 διατείχισμα
628 1387 787 1440 κλίμακι
813 1385 977 1428 ἁλωτόν.
1043 1391 1165 1440 κῆπον
1190 1385 1265 1441 γάρ
1291 1385 1365 1428 πού
1388 1404 1474 1428 τινα
1503 1388 1584 1439 εἰκῆ
1613 1387 1785 1438 κείμενον

359 1454 530 1511 αἱμασιᾷ
554 1453 801 1508 περιβάλλειν
823 1452 991 1506 οἰόμενοι
999 1485 1012 1504 ,
1047 1452 1179 1506 ἶσχνόν
1205 1470 1245 1494 τε
1269 1453 1364 1494 αὐτὸ
1386 1455 1451 1494 καὶ
1474 1453 1602 1507 ὀλίγον
1621 1456 1692 1506 τῆς
1712 1455 1785 1506 γῆς

357 1518 670 1575 ὖπερανεστηκὸς
700 1520 985 1576 ἐξειργάσαντο.
1052 1520 1150 1575 πρὸς
1186 1521 1227 1560 δὲ
1260 1521 1325 1560 καὶ
1355 1519 1426 1572 τὴν
1461 1517 1679 1574 ἑκατέρωθι
1712 1523 1852 1560 τοῢ20·

359 1589 510 1639 ἰσθμοῦ
538 1586 752 1629 θάλασσαν
781 1585 1003 1643 προβόλους
1029 1585 1301 1640 τεκτηνάμενοι
1329 1590 1492 1642 βραχεῖς
1518 1602 1558 1627 τε
1587 1587 1652 1626 καὶ
1678 1583 1785 1640 φαύ-

358 1658 472 1704 λους,
508 1653 652 1709 οὕσπερ
676 1658 807 1695 καλεῖν
829 1655 1052 1707 νενομίκασι
1080 1652 1261 1706 μώλους,
1297 1653 1368 1706 τὴν
1387 1651 1533 1705 μεταξὺ
1554 1650 1692 1708 χώραν
1712 1655 1785 1694 τοῦ

358 1737 399 1762 τε
424 1720 564 1775 ῥοθιόυ
595 1722 662 1761 καὶ
682 1726 753 1762 τοῦ
773 1719 984 1775 περιβόλου
1008 1719 1228 1776 ἐφράξαντο
1237 1750 1251 1770 ,
1285 1719 1331 1760 οὗ
1358 1717 1481 1773 ταύτῃ
1510 1718 1603 1768 τοὺς
1623 1719 1785 1772 ἐπιβου-

301 1791 333 1825 D
362 1786 570 1836 λεύσοντας
600 1785 868 1840 ἀπωσόμενοι,
903 1786 995 1828 ἀλλ’
1031 1788 1093 1828 ἐπὶ
1121 1786 1193 1835 τὰς
1222 1784 1400 1836 εἰσόδους
1427 1785 1783 1843 παρακαλέσαντες·

447 1894 504 1929 23.
527 1890 739 1937 περιβόλου]
762 1890 950 1937 προβόλον
971 1891 1088 1926 Tolos-

359 1983 465 2016 dedit.
511 1982 637 2026 Urbem
653 1981 738 2015 enim
753 1981 932 2015 Rhaedesti
947 1980 1107 2022 condidit,
1131 1980 1298 2015 moenibus
1313 1980 1473 2022 validam,
1495 1979 1785 2024 magnitudineque

357 2028 540 2070 insignemz
564 2038 630 2070 quo
651 2027 751 2060 vicini
772 2038 899 2068 omnes,
922 2025 1164 2059 imminentibus
1187 2025 1357 2067 barbaris,
1377 2025 1575 2069 recipientes
1597 2035 1636 2058 se
1657 2029 1785 2068 tempe-

357 2072 465 2114 stive,
489 2070 592 2104 vitam
610 2082 680 2104 cum
696 2071 844 2115 pecuniis
857 2075 1002 2103 servunt.

451 2118 503 2149 10.
551 2115 610 2148 Sic
626 2114 804 2148 Rhaedesti
824 2125 861 2148 se
884 2115 1029 2147 habuere
1045 2114 1213 2147 Iustiniani
1229 2116 1314 2157 Aug.
1333 2116 1470 2158 coepta:
1493 2112 1535 2146 ad
1549 2112 1606 2146 illa
1622 2122 1709 2145 nunc
1722 2123 1784 2146 ve-

359 2161 435 2202 nio,
458 2171 543 2203 quae
565 2160 647 2192 idem
664 2160 753 2203 apud
770 2160 1007 2193 Cherronesum
1031 2159 1170 2202 peregit.
1215 2159 1443 2192 Cherronesus
1457 2163 1560 2191 totam
1573 2157 1662 2191 illum
1675 2157 1786 2190 Thra-

361 2205 433 2237 ciae
455 2210 602 2247 partem,
628 2204 681 2236 cui
703 2204 901 2248 respondet,
923 2203 1099 2248 praetegit.
1145 2204 1183 2236 In
1209 2215 1298 2236 mare
1321 2202 1498 2247 prominet,
1518 2213 1559 2236 ac
1579 2206 1733 2246 tanquam
1755 2200 1786 2235 si

361 2261 433 2282 cum
450 2260 508 2281 ora
529 2249 684 2281 ulteriore
703 2249 876 2281 coniuncta
897 2253 1003 2291 esset,
1027 2249 1074 2281 sic
1096 2248 1128 2280 in
1145 2247 1252 2281 Asiam
1270 2248 1399 2280 videtur
1414 2248 1565 2282 evadere,
1609 2247 1647 2280 In
1660 2245 1786 2287 littore,

360 2295 449 2326 circa
475 2294 589 2326 urbem
604 2293 817 2336 Elaeuntem,
841 2293 1097 2337 promontorium
1119 2294 1237 2334 habet,
1261 2303 1326 2336 quo
1350 2303 1440 2326 mare
1464 2291 1612 2324 bifariam
1625 2290 1784 2324 finditur:

359 2338 498 2383 ipsaque
519 2338 642 2370 fluento
666 2338 781 2371 avulsa
805 2349 824 2370 a
848 2339 975 2382 reliqua
991 2338 1177 2371 continente
1193 2348 1232 2370 uc
1248 2336 1472 2382 progredienti
1486 2335 1565 2370 mari
1581 2335 1719 2376 cedens,
1741 2334 1789 2368 si-

359 2394 435 2416 num
459 2383 580 2422 eflicit,
604 2394 699 2426 quem
715 2383 876 2416 Melanem
900 2394 957 2415 seu
974 2383 1100 2426 nigrum
1115 2387 1247 2416 vocant.
1292 2382 1413 2415 Parum
1435 2381 1531 2414 abest
1548 2379 1626 2423 quin
1650 2379 1712 2412 fiat
1734 2379 1787 2412 in-

360 2428 434 2462 sula
448 2439 455 2458 :
478 2427 565 2459 unde
581 2433 614 2460 et
631 2439 745 2460 nomen
760 2432 1013 2460 consentaneum
1038 2432 1134 2460 nacta
1150 2432 1221 2460 est:
1245 2425 1403 2470 siquidem
1419 2425 1645 2458 Cherronesus
1667 2424 1784 2457 merito

362 2472 500 2515 dicitur,
523 2478 666 2515 angusta
681 2472 843 2516 dirempta
860 2472 998 2512 isthmo,
1022 2483 1064 2505 ne
1080 2471 1184 2506 insula
1203 2471 1329 2504 omnino
1345 2470 1400 2504 sit.
1445 2469 1482 2502 In
1507 2470 1570 2502 hoc
1593 2468 1711 2502 isthmo
1727 2480 1786 2502 ve-

361 2523 453 2550 teres
475 2527 598 2549 murum
615 2516 820 2559 negligenter
835 2521 1067 2560 extruxerant,
1091 2515 1188 2549 scalis
1203 2514 1431 2559 superabilem.
1476 2513 1621 2547 Perinde
1634 2513 1718 2547 enim
1733 2517 1786 2546 te·-

363 2572 458 2594 nuem
475 2561 691 2604 humilemque
706 2562 874 2602 fecerant,
898 2561 993 2604 quasi
1010 2562 1156 2600 hortum,
1179 2559 1297 2592 alicubi
1319 2565 1444 2591 temere
1459 2557 1620 2602 positum,
1643 2557 1784 2591 maceria

364 2607 543 2649 cingerent.
597 2606 648 2639 Ad
674 2610 847 2648 utrumque
869 2605 979 2638 isthmi
1002 2606 1107 2645 latus,
1129 2615 1290 2648 aggeres,
1312 2614 1396 2648 quos
1413 2603 1582 2647 appellant
1603 2604 1726 2643 moles,
1746 2601 1781 2635 iu

360 2650 443 2684 niati
460 2651 684 2684 excitaverant
704 2661 824 2694 parvos
841 2649 1010 2683 admodum
1028 2654 1061 2682 et
1077 2648 1349 2682 contemnendos:
1371 2660 1411 2681 ac
1426 2647 1584 2692 spatium,
1606 2646 1696 2691 qnod
1709 2656 1782 2679 mu-

360 2707 433 2729 rum
448 2695 533 2728 inter
548 2695 716 2738 undasque
729 2695 888 2728 intererat
899 2720 910 2736 ‚
932 2694 980 2727 ita
994 2699 1186 2738 sepserant,
1210 2698 1246 2726 ut
1265 2705 1329 2725 non
1345 2698 1410 2726 tam
1429 2691 1624 2737 prohibituri
1639 2691 1704 2725 vim
1719 2701 1781 2733 op-

362 2740 596 2786 pugnantium,
618 2750 715 2785 quam
737 2740 780 2774 ud
804 2743 939 2786 puratos
958 2738 1065 2774 aditus
1087 2738 1258 2775 invitaturi
1271 2737 1478 2774 viderentur:
1501 2736 1586 2772 adeo
1607 2734 1780 2771 ridiculum
