1800 3126
284 125 382 172 456
431 99 433 101 ¹
731 128 790 172 IN
821 128 963 172 Hlsr.
1000 128 1251 172 ARGANAM

284 231 373 282 λαὶ,“
408 240 523 285 atque
555 232 647 271 inde
685 228 892 286 σχολᾶριοι.
946 234 1156 284 Procopius
1193 234 1222 271 1.
1251 236 1290 275 8.
1332 233 1374 274 οἴ
1404 233 1492 288 περὶ
1526 236 1598 284 τῆς
1633 235 1706 274 τοῦ

284 290 472 329 παλατίου
503 291 684 340 φυλακῆς
710 285 836 338 λόχοι,
868 284 1014 340 οὕσπερ
1047 286 1186 340 σχολοές
1214 284 1459 339 ὀνομάζουσι.
1523 289 1706 327 Mlitum

286 345 487 394 manipuli
515 346 583 395 qai
611 342 669 379 ad
687 343 841 393 palatii
869 342 1091 380 custodiam
1119 342 1308 380 destinati
1344 352 1458 394 sunt3
1493 343 1565 381 hos
1593 344 1706 380 ,90]ιο-

287 399 352 435 las
379 407 533 438 vocant.
589 400 673 434 Hoc
702 405 771 446 est,
800 399 957 446 milites,
990 406 1034 435 ut
1063 398 1158 446 dixi,
1187 399 1357 435 feriatos.
1412 401 1534 444 Quare
1562 413 1614 437 ex
1641 401 1706 436 iu-

287 455 402 503 genio
432 455 498 490 alii
527 455 844 503 interpretantur:
879 453 1018 490 domas
1043 455 1148 503 regis
1185 464 1339 490 senonA
1368 451 1538 502 dicitur,
1569 453 1615 491 id
1641 462 1706 501 est,

288 509 528 558 disciplina.-
562 511 660 558 qnia
686 522 762 545 non
788 515 946 545 tantum
983 520 1268 555 SCROLASTICI,
1296 506 1342 544 id
1367 515 1435 556 est,
1463 507 1708 560 disciplinati

289 571 325 600 et
353 564 442 600 bene
475 565 636 599 correcti
663 570 768 610 sant,
797 566 903 600 sicut
930 564 1030 603 alii.-
1060 562 1130 600 sed
1148 565 1289 614 potius
1316 564 1406 612 ipsa
1432 563 1580 611 schola,
1609 578 1709 615 quae

288 620 566 667 interpretatur
591 617 831 668 disciplina,
860 617 908 655 id
935 626 1014 666 est,
1042 620 1247 668 correctio,
1275 616 1450 654 dicitur.-
1478 631 1580 668 quae
1605 619 1708 655 alios

287 673 454 721 habitu,
494 675 669 724 incessu,
696 673 830 722 verbo,
867 681 902 710 et
931 681 1043 720 actu,
1073 681 1190 724 atque
1218 674 1339 710 totius
1366 674 1561 710 vanitatis
1587 675 1711 711 conti-

288 729 424 765 nentia
452 730 640 778 corrigat.
697 730 881 779 Episcopi
907 730 950 765 in
979 730 1139 779 epistola
1167 727 1217 765 ad
1243 727 1498 766 Ludovicum.

146 786 175 819 V
201 786 267 822 377
399 785 445 819 P.
477 784 577 831 135,
612 784 673 823 16.
731 783 852 821 Inerti
879 791 914 820 et
944 784 1091 820 imbelli
1119 786 1259 834 cuique
1286 797 1423 820 nomen·
1452 781 1500 820 id
1533 781 1610 819 sibi
1637 780 1713 818 ad.

289 840 451 875 sciscere
479 838 614 884 licuit]
645 839 801 875 Scilicet
828 845 1002 890 tempore
1030 841 1220 886 Zenonis3
1251 838 1506 889 adstipulatur
1526 835 1713 887 Agathias

289 894 319 930 l.
349 893 374 934 5
404 900 441 930 et
467 906 550 929 rem
579 901 713 930 exacte
740 901 882 931 narrat.
938 897 1037 931 Nam
1065 907 1086 930 a
1109 897 1266 931 Zenone
1293 890 1494 946 γνώριμοι,
1525 899 1563 929 et
1591 889 1715 941 συνή-

287 953 398 997 θεις,
437 950 521 985 noti
559 961 603 985 ac
627 949 866 998 familiares
902 962 948 986 ea
975 951 1116 985 militia
1146 948 1276 986 donati
1304 956 1406 985 sunt.
1461 946 1612 985 Deinde
1647 947 1714 984 alii

289 1000 341 1042 οὕ
368 1001 463 1054 πρὸς
492 999 627 1051 (ἰξίαν,
668 1000 764 1043 cisso?
791 1002 887 1056 πρὸς
913 1001 1046 1055 χάριν,
1086 1018 1162 1041 ηοη
1186 1018 1260 1053 pro
1288 1003 1483 1054 dignitate
1509 1003 1603 1053 eligi
1631 1015 1717 1038 coe-

282 1065 449 1110 perunt,
486 1057 556 1094 sed
590 1057 648 1093 ad
672 1061 863 1108 gratiam.
919 1060 1094 1110 Denique
1133 1072 1154 1095 a
1182 1061 1394 1096 Iustiniano
1425 1059 1479 1106 εἰς
1507 1057 1716 1108 ἕμπορείαν

288 1112 447 1165 μετέστη
475 1111 518 1152 τὸ
545 1115 685 1163 χρῆμα,
715 1112 773 1149 ad
792 1115 1094 1163 negotiationem
1111 1113 1274 1150 redacta
1296 1128 1355 1151 res
1379 1121 1445 1150 est.
1503 1111 1556 1158 ὥς
1584 1111 1730 1163 μηκέτι

290 1166 418 1214 ἄλλως
455 1167 496 1207 ἐν
530 1168 654 1213 τοῐςδε
690 1172 768 1214 τοῖς
807 1165 1062 1220 στρατεύμασι
1091 1168 1368 1220 καταλέγεσθαι
1399 1165 1490 1214 τούς
1529 1165 1719 1218 βουλομέ-

291 1238 386 1270 νους
421 1222 515 1274 πρὶν
553 1220 603 1262 ἂν
638 1224 800 1273 χρυσίου
832 1223 867 1262 τὶ
907 1223 1046 1276 μέτρον
1079 1228 1306 1263 καταθεῖενε
1347 1225 1406 1260 ita
1434 1229 1480 1259 ut
1507 1222 1647 1259 nullus
1674 1223 1718 1258 ιή,

290 1280 346 1315 iis
373 1279 548 1314 numeris
575 1278 859 1329 inscriberetur,
887 1280 968 1316 nisi
996 1281 1068 1330 qai
1085 1281 1206 1330 prius
1232 1285 1378 1316 certam
1404 1279 1497 1316 auri
1524 1290 1721 1314 summam

291 1334 485 1372 solvisset.

402 1391 448 1425 P.
481 1390 578 1436 136,
607 1391 646 1430 9.
708 1388 840 1426 Certa*
859 1387 1058 1439 stipendia
1091 1389 1253 1427 Caesari
1289 1385 1584 1438 condonarunt]
1621 1387 1720 1424 Sae-

291 1444 454 1494 pissime
491 1445 534 1480 iu
568 1445 727 1495 reliquis
758 1457 850 1481 suae
878 1443 1061 1482 historiae
1089 1445 1197 1481 libris
1227 1443 1301 1482 hoc
1328 1445 1538 1494 Procopius
1566 1443 1720 1493 repetit.

291 1500 373 1537 Nec
401 1501 566 1546 mirum,
605 1499 760 1550 quando
800 1506 839 1535 et
875 1501 993 1537 militi
1028 1502 1069 1536 in
1098 1501 1326 1537 stationibus
1353 1505 1391 1535 et
1417 1500 1459 1534 in
1488 1499 1620 1535 castris
1650 1497 1722 1534 de-

292 1556 402 1603 genti
426 1553 564 1591 eadem
593 1554 785 1604 stipendia
813 1557 1050 1594 lastinianus
1076 1557 1247 1606 negavit.
1302 1556 1408 1604 Lege
1432 1555 1460 1590 1.
1483 1557 1503 1594 1
1527 1560 1565 1590 et
1583 1555 1610 1593 2
1628 1553 1723 1590 bell.

290 1610 401 1647 Pers.
433 1617 470 1646 et
497 1610 525 1645 l.
556 1609 581 1647 8
611 1609 807 1647 historiae.

403 1665 447 1701 P.
474 1667 561 1710 136,
595 1664 660 1703 14.
717 1666 816 1701 Sunt
845 1665 887 1701 in
915 1665 1172 1714 imperatoria
1201 1662 1315 1700 domo
1343 1661 1543 1714 dignioris
1569 1660 1725 1700 ordinis

292 1718 463 1768 milites]
501 1721 683 1756 Nominat
712 1718 775 1755 hic
804 1718 1056 1768 domesticos,
1087 1727 1125 1756 et
1149 1726 1404 1769 protectores,
1432 1718 1534 1754 infra
1561 1731 1602 1769 p.
1632 1720 1724 1758 117.

293 1775 566 1812 Silentiarios:
603 1775 708 1825 iique
738 1776 915 1811 omnium
944 1774 1164 1824 dignissimi
1190 1775 1370 1821 fuerunt,
1406 1775 1550 1824 quippe
1580 1774 1648 1824 qui
1676 1773 1724 1809 ab

294 1830 434 1866 intimo
463 1830 703 1879 imperatoris
733 1830 910 1866 cubiculo
941 1837 1080 1877 essent,
1113 1831 1160 1868 ob
1189 1829 1309 1880 idque
1339 1828 1580 1866 cubicularii
1608 1829 1726 1864 etiam

292 1885 495 1934 appellati.
552 1886 672 1921 Porro
704 1885 927 1921 cubiculum
956 1887 1126 1922 anterius
1168 1898 1220 1921 ex
1248 1897 1324 1935 quo
1364 1886 1493 1921 statim
1527 1885 1567 1920 in
1595 1885 1726 1934 ipsum

293 1939 540 1989 imperatoris
572 1939 701 1975 ibatur
730 1941 973 1988 cubiculum,
1015 1941 1062 1977 ob
1091 1941 1291 1978 silentium
1319 1937 1424 1990 quod
1449 1940 1634 1989 principis
1662 1952 1726 1975 re-

293 1996 470 2035 verentia
500 1995 736 2042 servabatur,
766 2003 947 2032 vocatum
974 1996 1049 2032 fuit
1077 1996 1294 2041 silentium,
1323 2001 1360 2030 et
1385 1995 1522 2030 Graeci
1550 2000 1726 2043 corrupto
1781 2015 1784 2018 ι

293 2050 485 2086 vocabulo
521 2051 837 2101 σιλεντιαρίκιονε
878 2058 916 2087 et
953 2052 1082 2087 intimi
1117 2051 1178 2086 illi
1215 2049 1463 2096 cubicularii,
1503 2049 1728 2095 silentiarii,

295 2105 550 2154 quamobrem
579 2102 783 2151 ἐπιστάτας
809 2108 881 2155 τῆς
909 2102 1012 2156 ἀμφὶ
1041 2103 1105 2144 τὸν
1129 2103 1288 2156 βασιλέα
1318 2106 1450 2155 σιγῆς,
1481 2105 1729 2154 praepositos

293 2159 447 2195 silentii
483 2158 592 2209 qaod
618 2160 924 2209 imperatoribus
952 2159 1216 2210 impenditur,
1252 2158 1323 2196 hos
1354 2157 1542 2208 Agathias
1576 2171 1731 2195 nuncu-

295 2215 419 2263 pavit.
478 2215 646 2263 Cyrillus
676 2213 1041 2265 scythopolitanus,
1084 2216 1138 2262 εἰς
1176 2212 1220 2254 τὸ
1256 2210 1466 2266 λεγόμενον
1501 2214 1730 2264 σιλεντιαρί-

296 2282 385 2307 κιον
422 2269 657 2318 φθάσαντας
695 2270 735 2308 οἷ
772 2269 835 2309 ἐπὶ
869 2273 946 2309 τῶν
981 2273 1123 2323 θυρῶν
1161 2266 1409 2322 σιλεντιᾶριοι
1447 2268 1559 2308 ἔνδον
1587 2266 1730 2308 εἰσεδέ-

297 2323 425 2370 ξαντο.
487 2325 568 2373 Qui
590 2338 678 2360 cum
698 2323 755 2360 ad
778 2327 982 2362 silentium
1005 2327 1281 2375 pervenissent,
1314 2338 1341 2361 a
1367 2325 1603 2361 silentiariis
1629 2325 1729 2360 ostio

291 2379 535 2428 praepositis
557 2379 776 2416 introdacti-
805 2387 909 2418 sunt.
966 2383 1040 2417 Hic
1068 2383 1176 2418 locus
1205 2379 1404 2416 dicebatur
1431 2378 1489 2416 ad
1513 2377 1730 2416 secundum

297 2434 448 2482 velccm3
486 2447 579 2470 nam
601 2436 781 2484 primam
809 2436 940 2473 velam
973 2444 1054 2473 erat
1081 2438 1122 2472 iu
1150 2437 1285 2486 primis
1313 2436 1430 2485 ipsis,
1460 2440 1499 2470 et
1527 2435 1731 2471 exteriori-

296 2487 371 2525 bus
401 2489 600 2536 cubiculis,
638 2490 743 2539 quod
772 2493 1048 2528 consistorium
1075 2491 1286 2529 vocabatur
1314 2503 1336 2526 a
1365 2491 1597 2527 consistente
1624 2489 1731 2525 mul-

164 2549 193 2580 A
214 2546 281 2581 104
303 2543 491 2591 titudine,
530 2551 568 2580 et
610 2547 796 2595 principis
835 2546 1073 2583 audientiam
1113 2547 1387 2596 praestolante.
1444 2547 1550 2581 Haec
1583 2543 1731 2580 ibidem

300 2600 469 2649 Cyrillus
500 2598 680 2636 declarat.
740 2601 1051 2638 silentiariorum
1080 2601 1247 2652 dignitas
1277 2607 1315 2637 et
1345 2599 1468 2638 honor
1502 2601 1730 2650 praecipuus

298 2655 394 2702 fuit,
424 2661 467 2691 ut
496 2668 630 2692 eorum
659 2656 764 2692 tituli
793 2656 1015 2693 ostendunt.
1073 2659 1239 2707 Magnus
1270 2656 1537 2702 Silentiarius,
1574 2659 1732 2704 θαυμα-

299 2706 504 2758 σιώτατος,
540 2712 582 2747 in
612 2712 705 2749 actis
742 2712 896 2748 concilii
925 2711 1272 2762 Chalcedonensis,
1311 2718 1350 2749 et
1385 2713 1426 2748 in
1462 2711 1730 2763 antiquissimo
