1800 3126
548 147 738 194 NOTAE
770 143 1066 191 ALEMANNI.
1439 140 1540 189 427

82 273 120 305 et
146 263 294 304 honore
321 261 598 310 lastinianus,
642 273 722 312 quo
762 259 921 297 nullum
958 255 1130 295 antehac
1157 255 1339 308 legatum
1368 256 1542 307 ωσι-φῆ,-

82 335 174 361 cum
201 321 305 359 enim
343 319 414 356 ille
442 332 574 356 cecum
604 316 875 369 epulabatur,
917 313 1217 355 Braducionem
1249 314 1336 350 eius¹
1366 319 1546 349 assecta-

83 386 230 427 torem,
265 389 317 414 ac
356 377 626 427 interpretem,
667 375 711 411 in
748 386 886 410 mensa
915 371 1031 423 apud
1063 385 1104 407 ce
1137 369 1365 407 decumbere
1393 369 1544 414 voluit,-

84 432 198 487 quod
229 446 441 484 nunquam
477 445 523 470 ex
561 432 671 468 omni
707 430 884 467 anteacti
923 429 1113 479 temporis
1141 428 1337 464 memoria
1366 438 1547 476 usurpa-

83 498 172 529 tum
204 490 306 539 fuit.
366 490 475 527 Nam
513 490 789 539 interpretem,
828 499 922 523 cum
958 485 1022 524 vel
1059 484 1192 535 infimi
1228 482 1384 520 ordinis
1413 484 1550 533 magi-

83 553 242 595 stratu,
281 544 429 583 nedum
459 559 553 582 cum
581 546 839 595 imperatore,
880 540 938 579 ad
963 555 1142 579 mensam
1174 538 1397 589 considere,
1438 551 1550 576 nemo

84 610 143 642 eat
184 604 255 655 qui
293 601 454 640 viderit.
514 602 625 651 Quin
663 607 698 637 et
725 597 952 650 Isdigunen·
981 600 1115 649 ipsum
1144 598 1260 649 longe
1287 596 1552 647 honorificen-

83 661 189 708 tius,
228 673 353 710 quam
386 672 462 710 pro
501 657 629 709 legati
664 654 911 704 conditione,
949 656 1120 706 excepit,
1158 667 1208 691 ac
1246 654 1418 703 remisit3
1459 653 1551 690 licet

83 716 256 767 nullam,
288 722 335 752 ut
364 714 464 765 dixi,
493 728 574 751 rem
603 714 690 751 eius
718 713 868 764 legatio
900 712 1126 751 contineret.
1183 712 1292 748 Haec
1319 711 1453 747 minus
1482 722 1552 745 ac-

85 779 244 821 curate,
288 779 333 810 ut
362 785 480 823 saepe
510 771 610 818 alia,
649 771 927 820 interpretatus
959 775 1019 806 est
1046 765 1228 818 Raphael
1255 768 1552 805 Volaterrauus.

83 830 295 867 Caeterum
330 827 524 866 chosroes
561 825 855 864 Braducionem
902 826 1182 876 interpretem,
1226 831 1315 875 post
1363 822 1549 871 reditum,

84 888 170 937 egit
197 886 240 922 in
272 898 448 932 crucem,
486 886 572 921 iure
609 890 835 934 suspectam
862 879 1014 919 habens
1050 879 1332 928 immodicam,
1376 886 1415 917 et
1448 878 1552 916 effu-

86 955 175 981 sam
202 943 246 978 in
275 954 367 979 eum
395 940 603 978 Iustiniani
635 939 970 977 benevolentiam.
1027 939 1198 989 Procop.
1228 938 1257 974 l.
1284 937 1310 976 8
1342 935 1438 974 hist.

198 999 246 1036 P.
271 1000 338 1046 87,
370 999 437 1039 16.
494 995 568 1034 Ad
595 995 863 1034 barbarorum
892 1008 1039 1032 morem
1069 1008 1111 1031 se
1139 995 1264 1031 citius
1297 993 1552 1044 comparavit
1574 994 1605 1029 A
1627 995 1673 1030 76

85 1068 276 1105 sermone,
303 1053 460 1102 habitu,
492 1051 668 1105 ingenio]
710 1054 891 1090 Fortasse
920 1065 1158 1099 sermonem,
1189 1049 1450 1102 habitumque
1479 1062 1555 1100 pa-

86 1113 210 1150 trium
237 1109 406 1158 indicat,
434 1108 512 1147 hoc
541 1116 622 1158 est,
647 1110 876 1160 Illyricum3
917 1121 1013 1146 nam
1040 1109 1191 1159 passim
1218 1109 1433 1158 Procopius
1465 1119 1556 1143 eam

87 1175 249 1219 gentem
275 1168 485 1205 barbaram
513 1172 648 1214 vocat,
690 1173 729 1203 et
766 1164 833 1203 hic
871 1179 911 1216 p.
943 1164 998 1207 94
1026 1167 1230 1202 Romanus
1259 1177 1389 1202 sermo
1418 1165 1461 1200 in
1491 1176 1556 1200 re-

87 1227 258 1276 scriptis,
291 1231 331 1261 et
358 1223 555 1261 mandatis
585 1223 774 1274 principis
805 1221 1037 1274 aliquandiu
1065 1220 1318 1272 perduravit,
1347 1222 1390 1257 in
1419 1221 1557 1271 priva-

89 1283 140 1319 tis
173 1294 266 1319 vero
304 1280 633 1319 collocutionibus
675 1278 782 1330 apud
818 1279 978 1317 orientis
1014 1279 1270 1329 imperatores
1306 1278 1425 1328 longe
1464 1283 1557 1313 ante

88 1339 356 1375 Iustinianum
388 1335 552 1374 desueta
590 1349 652 1373 res
684 1342 780 1372 erat.
838 1337 885 1372 In
919 1335 1090 1385 publicis
1127 1334 1384 1371 conventibus
1413 1334 1558 1370 Latine

89 1401 130 1432 et
159 1395 308 1431 Graece
345 1392 471 1430 iidem
500 1392 685 1439 orabant3
725 1398 770 1429 ut
797 1392 1021 1429 Marcianus
1051 1392 1092 1428 in
1128 1392 1296 1428 concilio
1333 1388 1560 1427 Chalcedo-

88 1451 230 1488 nensi:
264 1451 548 1489 Constantinus
576 1461 746 1499 magnus
775 1450 818 1485 in
847 1449 996 1485 Nicena
1030 1446 1183 1499 synodo
1213 1454 1303 1499 post
1333 1448 1560 1484 Romanam

91 1508 332 1555 orationem,
372 1507 466 1543 licet
495 1506 688 1542 Graecam
722 1511 761 1542 et
798 1505 980 1555 linguam
1010 1505 1189 1552 calleret,
1232 1505 1382 1541 Graeco
1423 1510 1562 1540 tamen

92 1570 152 1602 est
187 1577 284 1602 usus
321 1564 560 1614 interprete,
600 1568 646 1599 ut
686 1568 800 1599 autor
841 1568 899 1598 est
927 1561 1126 1599 Eusebius
1155 1561 1183 1597 l.
1214 1561 1241 1600 3
1273 1559 1322 1597 de
1354 1561 1424 1597 vit.
1454 1560 1563 1597 Con-

91 1627 210 1659 stant.
242 1633 276 1657 c.
310 1623 376 1660 13.
434 1621 520 1665 Qua
547 1617 690 1656 itidem
718 1619 870 1655 ratione
906 1619 1118 1668 rescripta,
1156 1617 1345 1668 legesque
1373 1629 1566 1653 nonuun-

93 1690 217 1729 quam
244 1683 413 1727 utraque
440 1676 579 1726 lingua
605 1675 940 1726 proponebantur.
998 1675 1072 1711 Rei
1102 1686 1263 1710 causam
1289 1671 1418 1710 reddit
1442 1673 1566 1710 lusti-

91 1735 237 1770 nianus
266 1733 426 1770 novella
453 1734 521 1773 66.
578 1732 726 1768 Graece
758 1730 923 1783 quidem
952 1728 1019 1770 6202
1044 1727 1087 1770 τὸ
1108 1732 1164 1785 τῷ
1187 1726 1339 1780 πλήθει
1367 1726 1566 1780 κατάλλη-

92 1793 190 1836 λον,
226 1790 368 1826 Latine
396 1801 490 1825 vero
521 1784 588 1827 διοέ
615 1786 659 1827 τὸ
689 1790 821 1838 σχῆμα
849 1789 922 1838 τῆς
950 1787 1160 1833 πολιτείας.
1218 1789 1264 1823 Iu
1294 1786 1463 1837 publicis
1498 1787 1565 1822 in-

93 1845 386 1897 scriptionibus,
416 1846 650 1895 praesertim
673 1845 962 1891 ecclesiasticis,
991 1844 1142 1894 passim
1168 1844 1411 1880 Iustinianus
1438 1844 1566 1880 Grae—

94 1915 184 1940 cam
211 1903 394 1952 linguam
425 1900 652 1938 admiserat.
710 1901 756 1936 Iu
787 1901 964 1937 nummis
1000 1902 1202 1949 integrum
1230 1901 1401 1936 servavit
1429 1901 1565 1936 locum

93 1959 286 1997 Romanis
316 1957 502 2005 vocibus3
536 1970 587 1994 ex
618 1956 761 2008 quibus
789 1958 909 2007 primi
938 1957 1158 2003 Mauritius,
1194 1963 1233 1992 et
1261 1957 1468 1993 Heraclius
1498 1967 1565 1992 eas

95 2021 312 2067 coeperunt
339 2027 584 2066 expungere.
644 2011 760 2059 Quod
799 2014 853 2050 ait
883 2012 932 2050 de
963 2014 1136 2064 corporis
1166 2010 1329 2059 habitu,
1369 2013 1567 2050 curiosam

94 2072 139 2110 in
167 2073 308 2123 primis
337 2084 422 2108 rem
450 2071 641 2107 brevitate
671 2069 884 2107 occultavit
905 2070 1050 2121 potius,
1084 2082 1205 2121 quam
1230 2069 1446 2120 explicavit
1465 2071 1568 2106 Pro-

98 2131 254 2180 copius3
284 2140 380 2164 nam
410 2140 464 2164 ex
492 2127 666 2178 antiquis
685 2127 895 2163 Iustiniani
923 2127 1099 2163 nummis
1127 2127 1287 2163 nonnisi
1316 2126 1567 2177 imperialem

98 2186 183 2223 eius
214 2185 353 2222 aetatis
382 2185 536 2221 cultum
566 2184 774 2221 observare
805 2189 876 2220 est.
935 2184 998 2219 En
1027 2182 1101 2218 tibi
1121 2184 1318 2220 Iustinum
1347 2185 1434 2234 ipso
1465 2195 1567 2233 pene
1591 2183 1621 2217 P
1648 2182 1716 2219 145

97 2241 307 2280 Iustiniani
341 2247 482 2278 ornatu
510 2253 555 2277 ac
586 2240 836 2291 supellectile
865 2240 1054 2277 vestitum
1085 2238 1192 2290 apud
1222 2239 1442 2291 Corippum
1470 2239 1500 2277 l.
1530 2241 1570 2279 2.

265 2296 515 2349 Egreditur,
545 2298 764 2348 tunicaque
783 2297 888 2347 pius
918 2294 1130 2334 inducitur
1159 2303 1292 2346 artus,

264 2355 408 2392 Aurea
437 2367 478 2390 ce
505 2360 610 2390 vecte
635 2360 783 2404 tegens.

265 2412 483 2460 Purpureo
511 2423 634 2447 curae
663 2417 854 2447 resonant
869 2410 1062 2460 fulgente
1090 2408 1300 2459 cothurno,

272 2466 480 2517 Crat-aque
501 2467 690 2518 puniceis
719 2465 883 2504 induxit
909 2467 1024 2518 regia
1053 2466 1212 2516 vinclis,

266 2523 467 2560 Parthica
497 2537 696 2575 campano
726 2521 919 2561 dederant
948 2536 1051 2574 quae
1079 2530 1242 2574 tergora
1258 2522 1384 2573 fuco.

271 2579 477 2631 Augustis
504 2580 606 2617 colis
633 2580 710 2618 hoc
738 2580 851 2618 cultu
878 2580 1066 2631 competit
1094 2581 1171 2628 uti,

270 2635 352 2673 Sub
382 2650 554 2688 quorum
576 2635 754 2688 pedibus=
782 2650 924 2688 regum
952 2643 1010 2674 est
1037 2650 1172 2675 cruor.

274 2691 486 2730 ‚Nobilibus
509 2695 704 2744 gemmis,
735 2700 773 2731 et
801 2700 910 2732 cocto
940 2691 1107 2730 lucidus
1135 2705 1239 2730 auro

274 2747 448 2786 Balteus·
476 2750 672 2802 effulgens
701 2750 861 2788 lumbos
881 2751 1112 2802 praecinxit
1140 2747 1298 2797 heriles,

275 2803 574 2859 Subctrictoque
600 2808 697 2846 sinu
725 2809 850 2846 vestis
877 2806 1023 2846 divina
1048 2802 1237 2857 pependit
