1800 3126
547 169 739 215 NOTAE
771 166 1064 212 ALEMANNI.
1323 151 1325 153 ’
1352 142 1356 148 ’
1440 162 1537 210 395

74 287 227 327 Ariana
253 283 447 322 infectum
472 281 586 331 labe,
615 281 785 319 vocavit.
853 281 893 317 Is
932 276 1140 330 (quoniam
1167 272 1234 316 hic
1262 275 1375 313 locus
1404 282 1463 313 est
1493 274 1543 313 de

83 344 242 382 Graecis
274 341 482 392 episcopis,
513 346 551 376 et
579 338 830 390 imperatrice
859 332 1092 386 Theodora)
1121 332 1172 370 ad
1191 333 1408 370 Eusebiam
1436 333 1545 370 Con-

81 400 216 439 stantii
253 399 487 449 coniugem,
527 396 748 434 foeminam
781 395 824 431 in
864 394 1070 444 episcopos
1101 390 1308 428 insolentis
1342 390 1545 441 supercilii

79 458 139 495 ita
164 455 333 506 scripsit.
391 454 437 492 Si
466 451 525 490 ad
551 461 586 490 te
615 453 750 490 venire
777 463 838 488 me
864 450 1061 496 volueris,
1093 446 1229 484 debita
1257 447 1452 498 episcopis
1481 459 1548 482 re-

81 513 260 553 verentia
288 517 547 557 conservata,
578 516 624 546 ut
653 521 725 558 ego
756 503 916 559 quidem
947 502 1184 556 ingrediar.-
1221 510 1266 541 tu
1294 510 1429 540 autem
1458 509 1551 539 eta-

82 571 158 607 tim
185 566 233 606 de
260 567 429 605 sublimi
456 568 533 604 isto
564 566 666 603 solio
697 561 955 613 descendene,
996 569 1211 599 reverenter
1250 560 1353 597 mila·
1390 559 1551 597 obviam

76 623 297 678 proceda-9,
326 631 363 662 et
389 630 512 675 caput
539 624 639 660 meis
665 619 856 659 manibus
884 631 1109 671 supponas,
1139 615 1448 667 benedictionem
1478 629 1552 653 ac-

80 688 267 733 ceptura,
298 694 348 718 ac
370 678 514 718 deinde
543 693 613 731 ego
636 676 807 724 sedeam,
832 683 880 713 tu
902 673 1120 714 verecunde
1147 673 1308 725 adele-⁹,-
1339 687 1432 711 cum
1460 674 1553 710 ius-

82 752 191 785 sero,
229 739 347 789 signo
375 736 500 786 dato,
536 749 720 775 sessura.-
760 735 799 771 εἰ
826 733 926 783 leae,
965 733 1155 783 inquam,
1198 730 1273 768 tibi
1305 730 1553 768 conditiones

77 796 325 848 placuerint,
352 795 513 832 veniam
542 791 602 830 ad
627 799 687 829 te.-
717 792 783 828 εἰη
812 789 897 827 alio
926 790 1058 838 modo,
1087 802 1166 826 non
1196 795 1283 825 tam
1312 788 1445 825 multa
1474 785 1555 824 da-

84 852 173 901 bis,
212 858 298 889 tam
333 863 487 902 magna
514 863 596 887 non
616 849 792 900 poteris,
833 853 880 884 ut
907 859 982 884 noa
1009 845 1157 882 honore
1186 846 1382 896 episcopi-5·
1411 858 1558 881 conve-

86 910 217 947 niente
234 907 423 959 neglecto,
452 905 639 944 divinum
658 901 877 942 sacerdotii
896 903 1130 940 institutum
1149 902 1356 939 violemus.
1415 900 1558 938 Graeci

87 966 236 1003 autoris
276 963 484 1002 historiam
517 961 642 1000 habes
683 959 791 1013 apud
818 958 988 999 suidam
1026 960 1069 996 in
1097 959 1280 998 Leontio,
1339 956 1556 996 Theodora
1580 957 1615 994 V
1639 958 1708 994 357

88 1029 129 1059 et
155 1022 396 1059 lastinianus
434 1020 483 1057 ab
523 1019 799 1057 ecclesiasticis
838 1015 996 1054 domini
1034 1014 1114 1053 dici
1150 1016 1385 1053 voluerunt:
1426 1028 1477 1052 an
1516 1021 1556 1052 et

87 1079 224 1117 oscula
258 1076 409 1128 pedum
447 1076 495 1113 ab
533 1075 679 1114 iisdem
707 1082 752 1113 ut
780 1087 804 1112 a
831 1072 1075 1112 secularibus
1105 1073 1381 1125 requisierint,
1423 1070 1555 1109 dicam

88 1133 142 1172 ad
169 1149 211 1187 p.
241 1133 322 1174 133
350 1134 379 1170 l.
403 1135 472 1174 31.

197 1191 246 1228 P.
275 1191 343 1238 69,
374 1191 415 1230 9.
470 1189 578 1228 Erat
612 1185 826 1225 Theodora
852 1192 1023 1224 venusta
1038 1183 1183 1237 facie]
1223 1183 1439 1235 Procopius
1469 1183 1498 1220 l.
1531 1186 1554 1225 1

89 1245 210 1285 aedis.
251 1245 300 1284 de
337 1253 466 1284 statua
493 1243 733 1283 Theodorae
771 1257 795 1281 a
829 1244 1033 1295 Byzantiis
1061 1243 1205 1294 posita.
1261 1239 1314 1280 ‘H
1335 1238 1408 1291 μὲν
1437 1236 1559 1280 εἰκών

88 1299 368 1358 εὐπρόσωπος,
396 1298 495 1342 ἀλλά
522 1304 595 1353 τῆς
619 1301 823 1353 βασιλίδος
850 1302 906 1355 τῷ
934 1295 1070 1339 κάλλει
1099 1294 1289 1347 ἐλάσσων,
1318 1295 1403 1337 ἐπεὶ
1432 1292 1560 1348 αὐτῆς

89 1357 164 1411 τὴν
203 1355 443 1412 εὐπρέπειαν
483 1354 589 1411 λόγῳ
628 1373 670 1397 τε
708 1353 880 1410 φράσαι,
918 1354 988 1396 καὶ
1027 1355 1238 1407 ι’νδοὲλματι
1271 1349 1564 1405 ἀπομιμεῖσθαι

91 1412 306 1470 ἀνθρώπῳ
334 1430 378 1468 γε
416 1412 503 1456 ὄντι
539 1410 795 1454 παντάπασιν
835 1409 1048 1453 οἷδύνατον.
1105 1412 1364 1449 Ρναεείαηιίε
1401 1408 1565 1461 quidem·

81 1473 252 1525 figurae
280 1473 417 1523 imago
449 1478 527 1521 est,
566 1469 639 1507 aed
666 1484 693 1507 a
714 1468 1025 1521 pulchritudine
1049 1468 1267 1520 Augustae
1295 1468 1412 1518 longe
1442 1467 1565 1515 abest,

93 1543 185 1567 cum
213 1530 299 1566 eius
311 1528 479 1580 jbrrnae
492 1529 791 1578 praestantiam
812 1525 1041 1563 humanum
1070 1539 1148 1563 non
1166 1525 1300 1576 possit
1329 1525 1566 1575 artificium,

91 1586 159 1624 vel
184 1598 364 1623 sermone
391 1583 620 1631 declarare,
657 1584 722 1622 vel
749 1583 963 1634 exprimere
990 1582 1227 1621 simulacro.
1284 1581 1402 1618 Pauli
1433 1581 1568 1618 Silen-

93 1643 199 1680 tiarii
221 1646 363 1693 poetae
387 1641 459 1679 sub
480 1642 699 1678 Iustiniano
722 1641 900 1692 apprime
930 1640 1096 1676 illustris
1127 1644 1266 1675 extant
1294 1639 1323 1675 1.
1346 1637 1372 1677 4
1395 1636 1563 1675 Anthol.
1588 1640 1621 1675 A
1644 1643 1690 1678 47

94 1698 175 1737 duo
206 1700 493 1750 epigrammata
521 1697 570 1734 de
593 1696 833 1735 Theodorae
863 1694 1176 1748 pulchritudine.
1235 1696 1298 1732 An
1327 1695 1534 1745 Augustae
1545 1692 1566 1730 ’ἒ

95 1755 293 1793 affirmare
322 1768 402 1792 non
432 1755 576 1792 ausim.
634 1756 742 1791 Haec
768 1754 878 1790 illius
905 1755 1040 1804 imago
1070 1760 1129 1790 est
1152 1753 1310 1789 musivo
1342 1765 1461 1803 opere
1492 1764 1569 1788 ex-

95 1825 232 1865 pressa
259 1813 471 1849 Ravennae
502 1810 600 1847 dum
631 1809 762 1848 adhuc
788 1810 962 1847 vivebat.
1023 1808 1127 1859 [vid.
1158 1810 1223 1860 fig.
1250 1808 1305 1858 5.]

209 1869 256 1906 P.
273 1869 340 1916 69,
358 1867 425 1908 15.
484 1867 606 1904 Nihil
621 1881 700 1904 non
721 1869 764 1904 in
784 1867 990 1903 communi
1009 1864 1242 1916 actitatum]
1274 1867 1382 1902 Haec
1407 1877 1567 1902 summa

97 1931 161 1963 est
195 1925 418 1962 litterarum
446 1922 685 1962 Theodorae
723 1922 774 1960 ad
805 1923 1102 1973 Zaberganem,
1148 1935 1246 1974 quas
1285 1934 1404 1972 supra
1441 1934 1481 1971 p.
1516 1923 1566 1960 11

97 1982 317 2032 Procopius
365 1981 514 2018 retulit.
580 1981 849 2027 Quamobrem
891 1980 1101 2017 Iustiniani
1148 1974 1381 2031 συνεργάτιν
1417 1977 1568 2014 Paulus

99 2037 351 2076 silentiarius
386 2039 593 2075 nominat:
633 2034 687 2088 ἣν
716 2039 845 2085 ζῶσαν
885 2033 983 2088 εἶχες
1015 2031 1165 2087 εὕσεβῆ
1196 2030 1441 2087 συνεργάτιν.
1498 2035 1569 2070 Iu-

99 2095 295 2132 stinianus
341 2101 475 2131 autem
513 2095 556 2130 in
593 2094 710 2131 rebus
750 2094 994 2144 gravissimis
1035 2093 1293 2130 consiliorum
1333 2091 1571 2142 participem

97 2148 287 2188 habuisse
315 2163 358 2188 se
383 2148 644 2189 Theodoram
671 2163 788 2202 saepe
817 2150 977 2187 fatetur.
1034 2150 1191 2186 Novell.
1215 2151 1254 2189 8.
1285 2149 1402 2185 Haec
1432 2148 1573 2184 omnia

101 2205 218 2259 apud
239 2220 312 2245 noe
340 2208 577 2259 cogitantes,
606 2214 643 2244 et
669 2206 737 2244 lzio
767 2221 922 2258 quoque
943 2207 1190 2258 participem
1220 2205 1383 2242 consilii
1411 2218 1574 2241 sumen-

101 2270 172 2312 tec,
200 2277 288 2301 eam
318 2277 420 2315 quae
449 2278 475 2301 a
504 2263 575 2301 deo
594 2263 697 2302 data
723 2270 781 2301 est
804 2263 920 2301 nobis
945 2264 1180 2314 piissimam
1207 2263 1429 2313 coniugem.
1490 2263 1572 2298 Ζο-
1595 2261 1624 2294 Ρ
1651 2261 1718 2297 124

100 2331 218 2358 naras
253 2321 298 2357 in
337 2321 579 2369 Iustinian03
620 2316 740 2361 οὐδὲν
776 2315 898 2372 ἧττον
935 2322 1010 2360 τοῦ
1045 2322 1288 2372 κρατοῦντος
1332 2318 1368 2358 εἰ
1409 2315 1465 2370 μή
1505 2317 1575 2358 καὶ

104 2378 256 2428 μᾶλλον
287 2375 317 2429 ἦ
352 2374 547 2425 κοινωνὸς
581 2373 693 2431 αὐτῷ
730 2380 804 2417 τοῦ
842 2378 933 2430 βίου
963 2373 1168 2428 δεδύνητο.
1228 2375 1350 2414 ,Nihil
1377 2376 1464 2426 ipso
1498 2377 1576 2412 im-

98 2439 286 2484 peratore
313 2435 469 2483 minus,
509 2435 592 2471 nisi
620 2435 743 2470 etiam
772 2434 894 2485 plus,
934 2447 1035 2471 uxor
1057 2432 1246 2484 pollebat.
1306 2433 1382 2478 Qui
1411 2433 1577 2483 provin-

108 2489 202 2537 cias,
231 2496 270 2527 et
296 2492 551 2541 magistratus
581 2490 862 2542 suscipiebant,
895 2503 1022 2542 aeque
1053 2491 1272 2527 Iustiniano
1307 2502 1353 2526 ac
1381 2491 1418 2526 T
1422 2487 1578 2525 heodo-

109 2557 176 2581 rae
203 2545 346 2595 fidem,
375 2549 591 2585 iuramenti
620 2548 835 2598 religione,
865 2547 1024 2599 publice
1053 2547 1358 2599 profitebantur,
1391 2552 1430 2582 et
1461 2557 1578 2582 suam

111 2601 268 2653 utrique
306 2611 508 2654 acceptam
544 2604 768 2642 referebant
811 2603 1068 2655 dignitatem,
1119 2611 1158 2642 et
1195 2604 1403 2653 utriusque
1442 2613 1577 2638 servos

111 2668 198 2694 sese
229 2660 492 2710 appellabant.
550 2662 707 2698 Novell.
738 2663 764 2702 8
792 2662 835 2698 iu
863 2663 1102 2699 iuramento.
1159 2660 1376 2697 Belisarius
1403 2659 1444 2693 in
1474 2656 1578 2694 duo-

109 2712 186 2750 bus
216 2714 428 2766 triumphis
465 2716 516 2754 ad
542 2718 752 2755 Iustiniani
780 2716 1100 2770 Theodoraeque
1128 2718 1297 2766 vestigia
1336 2716 1438 2752 sistit
1467 2715 1580 2750 Geli-

112 2781 265 2806 merem
293 2771 539 2821 Vandalum,
578 2773 852 2827 Gotthumque
883 2776 1096 2826 Viffigem,
1127 2773 1250 2824 idque
1275 2785 1392 2822 opere
1421 2771 1580 2808 musivo

113 2826 156 2862 in
193 2827 420 2878 Augustaeo
457 2832 654 2881 praetorio
693 2830 1004 2883 exprimendum
1041 2832 1284 2869 Iustinianus
1323 2828 1496 2877 curavit,
1536 2832 1581 2864 ut
