1858 3126
82 603 84 607 >
128 559 442 636 IIPOK
461 558 823 635 ΟΠΙΟΥ
885 557 1595 634 ΚΑΙΣΑΡΕΩΣ

414 691 739 735 ΠΕΡΙΤΩΝ
784 691 874 733 TO
889 690 1314 735 ΥΔΕΣΠΟΤΟΥ

259 787 893 847 ΙΟΥΣΤΙΝΙΑΝΟΥ
939 788 1279 847 ΚΤΙΣΜΑ
1287 787 1453 847 ΤΩΝ

628 905 671 950 Λ
692 904 732 949 ο
750 904 798 949 Γ
814 903 854 948 ο
872 903 902 948 1
956 904 1000 949 Ε
1023 899 1082 956 Ξ.

438 1147 1272 1207 ARGUMENTA.

540 1249 609 1286 Ex
639 1249 884 1287 EDITIONE
912 1248 1177 1286 MALTRETI.

829 1477 874 1533 I.

109 1587 316 1658 Auctoris
341 1619 532 1665 praefatio.
580 1622 634 1656 De
663 1626 789 1657 sancta
812 1621 957 1666 Sophia.
994 1620 1105 1666 (Gap.
1142 1618 1194 1663 1.)
1255 1617 1434 1664 Equestris
1466 1621 1590 1653 statua

120 1666 306 1701 Iustiniani
326 1666 365 1700 in
381 1667 466 1709 foro
491 1668 704 1712 Augustaeo.
754 1668 929 1712 Templum
953 1667 989 1701 S.
1017 1667 1142 1702 Irenes.
1170 1665 1426 1699 Xenodochium
1450 1665 1592 1698 Samso·

119 1713 173 1746 nis
196 1717 230 1746 et
253 1713 327 1746 alia
350 1712 428 1746 duo.
453 1712 526 1756 (2.)
582 1714 757 1757 Deiparae
773 1714 907 1759 virgini
930 1724 1053 1748 sacrae
1076 1713 1178 1747 aedes
1192 1713 1229 1745 in
1244 1711 1459 1751 Blachernis,
1495 1710 1591 1754 apud

114 1759 253 1802 sontem
276 1763 311 1793 et
333 1759 370 1791 in
393 1758 544 1792 Heraeo.
595 1760 737 1803 Templa
759 1761 797 1793 S.
820 1762 964 1802 Annae,
990 1760 1025 1793 S.
1053 1760 1140 1792 Zoe‘s
1166 1758 1344 1801 Martyris,
1371 1762 1406 1791 et
1434 1756 1589 1790 Michae-

120 1804 165 1837 lis
188 1804 404 1849 archangeli.
429 1803 500 1847 (3.)
559 1805 734 1848 Templum
758 1806 821 1839 SS.
847 1805 945 1839 Petri
969 1810 1002 1840 et
1022 1805 1126 1838 Pauli
1149 1805 1196 1837 ad
1211 1804 1348 1848 regiam
1367 1802 1590 1836 Hormisdae.

122 1850 300 1895 Templum
322 1851 387 1883 SS.
413 1850 532 1894 Sergii
554 1854 588 1884 et
612 1851 755 1884 Bacchi.
807 1851 982 1895 Templum
1015 1851 1078 1884 SS.
1113 1851 1371 1893 Apostolorum:
1402 1849 1440 1881 in
1473 1859 1512 1881 eo
1536 1858 1590 1881 se-

117 1897 243 1941 pulcra
272 1897 378 1940 impp.
411 1896 565 1930 inventio
597 1908 775 1940 corporum
811 1898 874 1931 SS.
909 1898 1093 1937 Andreae,
1119 1897 1216 1929 Luca
1268 1899 1370 1939 atque
1405 1893 1589 1927 Timothei.

121 1942 205 1976 Alia
234 1942 405 1986 quaedam
437 1943 576 1985 templa.
602 1943 686 1986 (4.)
748 1942 922 1984 Quomodo
958 1954 1054 1976 mare
1086 1941 1296 1985 Byzantium
1331 1939 1474 1973 ambiat.
1500 1938 1589 1982 (5.)

120 1989 294 2032 Aedificia
315 1988 353 2021 in
375 1988 451 2020 sinu
477 1988 599 2028 Ceras,
623 1989 783 2022 nimirum
806 1989 936 2031 templa
959 1990 997 2022 S.
1023 1987 1224 2027 Laurentii,
1250 1986 1417 2030 deiparae
1440 1985 1477 2019 in
1502 1985 1590 2018 Bla-

121 2034 274 2074 chernis,
297 2035 361 2068 SS.
387 2033 498 2067 Prisci
520 2040 555 2068 et
581 2034 739 2077 Nicolai,
773 2035 835 2067 SS.
865 2035 1007 2068 Cosmae
1031 2040 1065 2068 et
1090 2033 1272 2071 Dumiani,
1306 2043 1348 2065 ac
1371 2033 1407 2065 S.
1434 2030 1591 2065 Anthimi

120 2080 298 2124 Martyris.
328 2079 398 2123 (6.)
445 2079 484 2112 In
507 2080 624 2113 eodem
653 2081 730 2113 sinu
756 2081 918 2124 templum
943 2081 981 2113 S.
1011 2080 1135 2114 Irenes.
1194 2077 1344 2111 Inventis
1366 2077 1415 2110 ibi
1436 2076 1592 2121 reliquiis

121 2127 184 2159 SS.
212 2126 449 2170 quadraginta
483 2127 629 2159 militum
663 2131 876 2169 martyrum,
911 2126 1124 2160 lastinianus
1155 2125 1299 2167 mirifice
1331 2127 1487 2160 sanatur.
1520 2121 1591 2165 (7.)

125 2172 298 2216 Templum
315 2171 496 2205 Michaelis
514 2172 718 2216 archangeli
742 2172 778 2205 in
802 2173 955 2217 Anaplo.
1002 2172 1140 2205 loannis
1158 2170 1344 2214 Baptistae
1360 2169 1396 2202 in
1412 2169 1591 2202 hebdomo.

120 2218 277 2251 Alterum
292 2217 474 2251 Michaelis
498 2218 704 2262 archangeli
728 2219 890 2261 templum
913 2218 950 2252 in
964 2219 1069 2251 Asiae
1092 2218 1230 2251 littore:
1253 2216 1400 2259 itemque
1424 2214 1592 2258 deiparae

122 2263 235 2297 aedes.
261 2263 334 2307 (8.)
380 2264 533 2298 Sublatis
556 2265 750 2304 lenonibus,
773 2264 876 2308 regia
899 2264 1069 2308 quaedam
1083 2288 1093 2304 ‚
1115 2268 1254 2297 mutata
1279 2262 1315 2295 in
1335 2261 1592 2301 monasterium,

121 2310 351 2344 meretricibus
376 2310 630 2354 poenitentibus
661 2310 856 2345 destinatur
890 2321 932 2344 ac
965 2310 1094 2344 dicitur
1118 2308 1350 2343 Paenitentia.
1416 2307 1592 2350 Templum

122 2355 158 2388 S.
183 2355 452 2390 Panteleemonis
473 2357 510 2389 in
531 2356 778 2399 promontorio.
828 2356 1067 2390 Nosocomium
1098 2355 1134 2389 in
1155 2353 1362 2400 Argyronio.
1415 2353 1591 2396 Templum

122 2401 326 2447 archangeli
348 2402 384 2435 in
401 2402 607 2435 Mochadio:
629 2403 666 2435 S.
690 2402 902 2446 Tryphonis,
926 2402 988 2436 SS.
1015 2402 1120 2436 Mena
1144 2406 1178 2435 et
1202 2400 1334 2440 Menai,
1357 2399 1393 2435 S.
1421 2399 1492 2432 Iac.
1518 2397 1590 2441 (9.)

122 2446 204 2480 Alia
227 2447 405 2489 aedificia:
427 2448 464 2480 in
484 2447 607 2492 primis
631 2448 728 2481 curia
756 2452 789 2482 et
813 2448 940 2482 chalce.
968 2448 1063 2490 (10.)
1113 2447 1252 2481 Atrium
1275 2446 1324 2479 ad
1347 2445 1500 2479 thermas
1524 2445 1589 2476 Ar-

123 2492 526 2583 ἓῖῗιὶιιέπαῗιὸἰεῐσηαε.
563 2494 710 2529 Palatia
724 2493 761 2528 in
777 2494 914 2529 Heraeo
930 2499 964 2530 et
979 2494 1015 2528 in
1031 2493 1264 2528 Iucundianis.
1298 2491 1437 2526 Portus.
1478 2489 1592 2524 Xeno-

225 2550 257 2573 a.
347 2562 354 2572 .

817 2631 890 2689 II.

158 2773 167 2781 .
225 2728 344 2763 Urbem
366 2731 498 2765 Daram
521 2731 565 2766 ab
590 2731 778 2767 Anastasio
799 2733 894 2777 Aug.
918 2731 1094 2767 conditam
1116 2730 1154 2764 in
1178 2726 1453 2773 Mesopotamia,
1488 2723 1594 2778 lusti-

129 2783 253 2807 manus
277 2775 397 2809 munit.
420 2775 530 2821 (Gap.
556 2777 604 2820 1.)
656 2779 736 2812 Urbi
760 2779 880 2812 Darae
910 2779 1053 2823 provisa
1075 2787 1186 2821 aquae
1210 2775 1323 2819 copia.
1371 2773 1507 2806 Eventu
1528 2781 1596 2804 rm-

128 2819 232 2858 rabili
254 2825 360 2856 aucta
385 2822 539 2867 fluminis
570 2824 820 2868 opportunitas.
846 2823 917 2868 (2.)
964 2824 1117 2868 Chrysae
1138 2819 1354 2856 machinario
1378 2818 1513 2853 obiecta
1531 2825 1595 2861 per
