1800 3126
104 578 172 619 18.

106 918 172 958 19.

101 1001 172 1070 ἑο.

574 185 763 230 NOTAE
795 184 1089 231 ALEMANNI.
1461 183 1560 231 419

215 296 382 333 loannes
417 292 614 333 scholast.
642 293 936 347 Epiphanensis
970 295 1000 333 l.
1033 297 1070 337 1.
1127 291 1454 345 Theophylactus
1493 295 1561 334 Si-

214 358 385 388 mocatta
412 351 451 388 .l,
493 354 518 392 3
559 365 593 388 c.
635 353 674 391 9.
744 350 970 390 Ioachimus
1010 352 1256 389 Camerarius
1296 351 1402 387 male
1442 354 1560 390 vertit

215 406 323 458 apud
341 405 609 458 Nicephorum
625 407 763 458 fiatt-
747 408 948 459 csfilium.
1006 406 1224 445 Menander
1245 409 1447 445 Protector
1467 408 1495 445 l.
1522 411 1560 448 1.

199 463 478 501 ‘Iustinianum
505 465 646 502 Iustini
672 462 951 518 μητράδελφον
980 465 1209 516 appellavit,
1240 465 1355 517 quasi
1383 466 1456 516 τῆς
1486 479 1563 517 μη-

213 517 303 570 τρὸς
331 522 472 558 Iustini
501 515 692 571 αδελφόν.

210 576 390 614 Τι’ὐενίιιε
419 590 441 614 a
459 579 608 614 Iustino
639 583 698 614 est
728 575 950 627 adoptatus.
1008 578 1084 624 Qui
1103 589 1270 615 uxorem
1288 574 1429 614 habuit
1446 575 1565 616 Ana-

212 634 400 682 sta-riam,
432 647 484 670 ex
514 646 559 670 ea
581 632 678 671 duas
708 633 809 671 filias
840 640 1067 684 susceperat
1096 640 1311 685 antequam
1331 634 1476 671 Caesar
1498 646 1565 670 re-

213 691 480 738 nunciaretur,
514 689 792 740 ammonam,
822 702 944 741 quam
964 691 1162 728 Germano
1190 691 1234 726 in
1264 691 1565 727 matrimonium

214 746 443 795 collocavit3
475 753 514 783 et
536 746 857 793 Constantinam,
888 747 956 783 alii
977 745 1259 784 Constantiam
1281 748 1466 784 'Mauritio
1492 745 1565 783 de-

213 815 424 853 sponsam,
467 804 536 854 qui
565 816 588 840 a
616 803 778 840 Tiberio
809 802 951 840 Caesar
981 809 1132 841 creatus
1163 801 1295 840 eidem
1323 805 1366 840 in
1395 804 1564 854 imperio

215 861 416 901 successit.
475 861 619 910 Evagr.
645 857 832 910 Theoph.
862 860 904 895 in
935 856 1071 896 chron.

201 914 356 966 Sophia
374 914 613 954 Theodorae
638 916 781 966 neptis,
810 916 951 954 Iustini
970 913 1137 954 secundi
1165 915 1416 966 imperatoris
1447 928 1567 953 uxor.

215 972 349 1009 Victor
377 973 512 1010 Tunn.
545 972 751 1023 Corippus.

202 1026 344 1066 Iustus
366 1030 507 1066 Iustini
535 1029 640 1066 filius
670 1042 723 1066 ex
741 1026 905 1079 Sophia,
933 1034 1148 1079 antequam
1175 1028 1395 1079 imperium
1421 1042 1568 1080 paren-

113 1099 118 1103 ·
167 1113 169 1116 .
214 1090 275 1122 tes
305 1086 526 1136 cepissent,
555 1092 671 1123 natus
701 1098 745 1122 ac
774 1092 968 1122 mortuus.
1024 1082 1211 1135 Theoph.

101 1140 156 1180 21

99 1653 168 1694 28.

101 1765 171 1806 24.

101 2046 168 2087 26.

102 2159 170 2199 27.

102 2328 168 2369 28.

103 2438 170 2479 29.

105 2611 175 2653 30.

106 2777 177 2819 31.

186 1146 226 1178 et
254 1142 322 1181 22.
351 1141 519 1179 Arraba
548 1155 620 1180 seu
638 1141 799 1180 Arabia
827 1142 908 1178 filia
932 1142 1074 1178 Iustiui
1102 1141 1280 1188 iunioris,
1310 1146 1349 1177 et
1377 1139 1568 1194 Sophiae,

215 1198 327 1235 cuius
355 1201 520 1236 maritus
553 1198 800 1236 Baduarius
832 1198 1102 1248 curopalates.
1161 1197 1355 1248 Corippus
1385 1198 1414 1235 l.
1442 1200 1468 1238 2
1497 1195 1571 1236 sed

213 1266 363 1291 nomen
407 1254 570 1307 quidem
617 1257 702 1307 ipse
741 1256 900 1303 reticet3
949 1256 992 1291 in
1039 1254 1221 1307 πατρίοις
1260 1254 1339 1290 GP.
1385 1267 1458 1292 nos
1504 1255 1570 1291 in-

214 1323 412 1352 vennnus.

746 1367 973 1418 similisque
994 1368 1174 1417 parenti,

743 1437 884 1462 nomen
914 1423 1095 1461 distabat
1125 1430 1162 1461 et
1191 1430 1318 1471 aetas,

319 1479 415 1517 Non
443 1487 528 1517 tam
557 1482 740 1532 egregiae
769 1479 952 1517 distabat
977 1482 1122 1530 gratia
1140 1479 1320 1530 formae.

213 1537 354 1574 Graeci
381 1543 518 1574 tamen
546 1535 724 1575 historici
744 1535 940 1588 Sophiam
963 1538 1258 1588 imperatricem
1279 1532 1416 1588 λωβήν
1446 1536 1570 1574 fuisse

213 1599 384 1631 narrant.

197 1650 356 1688 Helena
384 1648 466 1686 filia
493 1647 682 1687 Baduarii
712 1656 750 1687 et
776 1650 952 1688 Arrabae
975 1650 1106 1701 neptis
1136 1649 1278 1687 Iustini
1306 1648 1570 1700 Imperatoris.

211 1708 260 1743 In
286 1706 467 1758 πατρίοις
496 1707 572 1743 CP.

199 1761 431 1812 Badarius,
462 1762 559 1800 alias
581 1760 767 1800 Bidurius
793 1761 991 1800 secundus
1013 1763 1252 1813 Vigilantiae
1278 1761 1397 1810 filius,
1427 1760 1574 1798 Iustini

212 1820 461 1870 imperatoris
496 1819 638 1867 frater,
681 1825 720 1855 et
760 1832 892 1856 comes
929 1820 1174 1870 imperatorii
1212 1819 1370 1856 stabuli.
1428 1815 1570 1855 Theo-

212 1874 365 1927 phanes
395 1874 447 1912 ad
476 1888 625 1911 anuum
649 1876 790 1912 Iustiui
819 1882 1015 1913 octavum.

198 1931 438 1970 Marcellum
466 1933 608 1968 Iustini
636 1932 884 1982 imperatoris
914 1932 1078 1969 fratrem
1106 1937 1221 1968 vocat
1250 1931 1445 1980 Corippus
1476 1929 1506 1968 l.
1528 1930 1570 1969 2.

251 1989 416 2026 Fra-tris
445 1989 487 2025 in
517 1988 751 2039 obsequium
778 1986 968 2038 gaudens
998 1988 1220 2025 Marcellus
1249 1986 1401 2024 abibat.

197 2046 390 2083 Proiecta
418 2045 668 2096 vigilantiae,
705 2051 743 2081 et
770 2046 1002 2082 Dulcissimi
1031 2044 1124 2091 filia,
1155 2045 1365 2087 Iustiniani
1393 2043 1571 2092 impera-

213 2103 310 2139 toris
346 2103 487 2151 neptis.
545 2102 762 2151 Procopius
790 2102 817 2142 l.
849 2104 876 2141 2
905 2101 999 2140 bell.
1030 2099 1157 2139 Vand.
1187 2107 1226 2137 et
1255 2103 1280 2140 3
1309 2099 1404 2138 bell.
1433 2096 1572 2139 Gotth.

197 2157 457 2196 Areobindus
484 2157 708 2208 praefectus
745 2159 942 2209 praetorio
974 2158 1156 2204 orientis,
1197 2163 1236 2193 et
1264 2156 1447 2202 Africae,
1485 2156 1570 2205 pri-

212 2227 304 2252 mus
332 2215 536 2253 Proiectae
565 2215 744 2254 maritus.
804 2214 1060 2251 Marcellinus
1089 2215 1133 2250 P.
1158 2214 1200 2252 C.
1230 2213 1371 2250 Basilii
1400 2212 1437 2252 6.
1467 2213 1570 2249 Pro-

214 2284 302 2322 cop.
335 2271 364 2308 l.
395 2272 422 2310 2
450 2270 545 2310 bell.
574 2269 700 2308 Vand.
1256 2297 1262 2302 .

196 2327 368 2366 Ioannes
397 2328 578 2378 Pompei,
616 2327 720 2364 filius
748 2328 951 2364 Anastasii
978 2326 1228 2377 imperatoris
1255 2337 1466 2376 pronepos,
1503 2337 1569 2362 se-

214 2382 367 2420 cundus
397 2384 809 2421 Proiectae.1naritus.
866 2384 1032 2435 Procop.
1069 2383 1096 2423 l.
1128 2382 1155 2422 3
1190 2382 1283 2420 bell.
1317 2380 1453 2420 Gotth.

197 2441 246 2480 N.
274 2442 321 2477 N.
352 2441 562 2477 Iustiniani
590 2441 839 2492 imperatoris
868 2440 1010 2487 frater,
1056 2446 1095 2476 et
1131 2440 1215 2476 eius
1254 2451 1359 2475 uxor
1395 2450 1419 2474 a
1454 2437 1568 2472 nullo

213 2493 492 2535 historicorum
520 2498 795 2544 nominantur,
839 2497 934 2534 licet
963 2509 1102 2534 eorum
1136 2495 1209 2532 filii
1248 2495 1399 2546 passim
1427 2505 1568 2529 recen-

215 2559 374 2590 seautur
403 2566 426 2590 a
454 2555 648 2605 Procopio
680 2560 718 2590 et
749 2553 852 2592 aliis.

201 2609 250 2646 N.
278 2622 383 2647 uxor
410 2609 591 2648 Boraidis
626 2611 836 2647 Iustiniani
872 2608 1121 2660 imperatoris
1158 2607 1337 2658 nepotis,
1379 2606 1490 2642 cuius
1531 2609 1570 2640 et

217 2664 322 2702 filiae
352 2664 608 2705 dissimulatis
638 2666 865 2715 vocabulis,
895 2667 1080 2703 meminit
1109 2665 1326 2714 Procopius
1355 2662 1384 2698 l.
1416 2665 1441 2702 3
1472 2660 1568 2697 bell.

221 2719 356 2758 Gotth.

211 2774 414 2815 Boraidee
439 2778 570 2818 fratris
598 2779 807 2819 Iustiniani
831 2778 1082 2830 imperatoris
1110 2776 1215 2815 filius
1244 2774 1411 2825 primus.
1468 2772 1569 2810 Pro-

224 2846 311 2884 cop.
340 2832 504 2874 ibidem.

1595 1369 1693 1405 A67

1596 2157 1696 2193 v36
