1754 3132
203 194 350 223 xxvux
634 182 895 226 ALEMANNI
931 183 1220 228 PRAEFATIO.

201 290 516 344 φιλοπονηθέντι
542 291 641 334 κατὰ
668 292 787 347 μέρος
809 293 1067 348 διαλαμβάνει
1096 294 1255 352 συνῳδοέ
1284 297 1466 353 Κυρίλλῳ
1485 301 1541 354 τῷ
1569 296 1640 339 τόν

203 360 294 410 βίον
314 359 354 407 ἐξ
374 356 495 411 ἀρχῆς
513 363 587 400 τοῦΙ
614 362 731 402 θείου
756 358 872 413 Σᾶβα
899 363 1211 418 συγγραψαμένῳ
1233 360 1520 418 φθεγγόμενος.
1580 364 1639 404 De

201 424 259 464 his
298 424 376 464 sere
407 425 568 465 omnibus
601 425 797 480 Procopius
831 427 1079 468 Caesariensis
1103 428 1197 469 libro
1230 429 1350 483 quinto
1378 430 1424 469 de
1456 429 1639 470 Iustiniani

199 490 375 531 aedificiis
394 491 600 545 singillatim
619 501 893 542 commemorat;
934 493 1172 548 convenitque
1193 495 1270 536 eius
1288 495 1441 537 historia
1460 510 1539 536 cum
1566 495 1636 552 Cy-

200 556 304 606 tillo,
341 557 400 612 qui
420 557 543 599 Sancti
563 557 687 598 Sabae
711 557 820 600 vitam
843 560 929 602 olim
948 559 1170 614 conscripsit.

476 689 766 732 Constantinus
795 692 992 746 Porphyr.
1017 693 1084 736 lib.
1105 691 1142 732 1.
1171 692 1308 734 Them.
1327 693 1366 734 2.

314 775 414 818 Οὔτε
432 775 506 832 γοῖρ
529 776 778 831 Προκόπιος,
819 779 908 822 οὕτε
929 778 1009 833 μὴν
1025 778 1235 834 Ἀγαθίας,
1264 779 1356 823 οὔτε
1387 781 1637 834 Μένανδρος,

200 842 292 885 οὔτε
308 841 486 895 Ἠσύχιος
505 844 526 886 ὅ
543 843 797 900 Ἰλλούστριος
823 845 1122 900 ἐμνημόνευσαν
1145 851 1218 888 τοῦ
1239 846 1421 888 τοιούτου
1450 844 1638 900 ὀνόματος

200 911 242 951 οἷ
272 908 320 949 τοὶ
339 909 501 962 χρονικοῖ
524 909 782 961 συντάξαντες
801 913 866 953 ἐπὶ
892 916 966 965 τῆς
989 910 1270 954 Ἰουστινιανοῦ
1297 915 1503 966 βασιλείας.
1559 913 1634 954 Ne-

198 990 268 1030 que
284 975 499 1030 Procopius,
535 991 651 1032 neque
670 978 872 1033 Agathias‚
903 992 1019 1032 neque
1040 979 1261 1027 Menander,
1297 993 1414 1034 neque
1434 979 1635 1035 Hesychius

197 1042 364 1090 Illustris,
402 1042 460 1096 qui
484 1050 648 1097 tempore
670 1044 854 1084 Iustiniani
879 1044 1111 1100 Imperatoris
1139 1043 1321 1086 Chronica
1349 1053 1634 1101 composuerunt,

199 1107 347 1149 huiusce
366 1107 518 1152 nominis
539 1110 755 1151 mentionem
779 1110 922 1151 faciunt.

545 1254 719 1294 Pholius
751 1255 795 1294 in
823 1254 1084 1294 Bibliotheca
1112 1268 1197 1308 cap.
1221 1255 1290 1296 63.

305 1337 560 1395 Ἀνεγνοὶσθη
591 1342 821 1395 Προκοπίου
843 1338 1012 1394 ῥήτορος
1045 1342 1243 1396 ἱστορικόν
1264 1343 1307 1385 ἔν
1331 1344 1499 1398 βιβλίοις
1531 1341 1643 1394 ὄκτῶ,

198 1410 346 1462 ἴστορεῖ
363 1407 406 1449 δὲ
423 1407 472 1449 τοὶ
502 1409 565 1450 ἐπὶ
590 1410 872 1449 Ἰουστινιανοῦ
894 1409 1176 1460 συνενεχθέντα
1196 1408 1296 1462 πρός
1317 1427 1357 1453 τε
1375 1411 1539 1465 ’Πέρσας
1550 1411 1643 1453 Ῥω-

197 1476 329 1528 μαίοις
347 1476 415 1516 καὶ
445 1473 545 1528 πρός
564 1471 799 1527 Βανδήλους
824 1474 889 1514 καὶ
913 1471 1102 1523 Γότθους,
1127 1473 1394 1529 ἃΒελισοῖριος
1414 1482 1642 1531 στρατηγῶν

197 1539 434 1595 διεπράξατο
462 1539 652 1595 μάλιστα,
693 1537 727 1595 ᾦ
757 1541 823 1581 καὶ
847 1539 894 1582 τοὶ
915 1539 1038 1581 πολλοὶ
1071 1540 1203 1582 συνών
1231 1540 1304 1594 τήν
1325 1544 1500 1596 ἱστορίαν
1524 1545 1564 1593 ἐξ
1584 1540 1645 1584 ὦν

196 1606 289 1658 ὄψει
309 1609 526 1660 παρείληφε
547 1605 836 1662 συνεγράψατο.
892 1606 990 1662 Legi
1016 1607 1183 1661 Procopii
1212 1607 1461 1648 Caesariensis
1495 1618 1578 1650 octo
1598 1609 1639 1650 li-

193 1672 281 1712 bros
300 1672 545 1721 historiarum,
581 1673 617 1712 in
643 1673 768 1727 quibus
789 1673 936 1727 exponit
954 1688 1046 1728 quae
1068 1673 1209 1724 Persis,
1245 1690 1289 1714 ac
1307 1675 1499 1724 Romanis,
1539 1677 1636 1718 Van-

193 1739 378 1793 dalisque‚
418 1747 454 1778 et
487 1738 629 1779 Gotthis
657 1738 722 1778 suh
741 1739 933 1779 Iustiniano
959 1739 1182 1788 aeciderunt,
1212 1755 1351 1795 quaeve
1379 1741 1591 1796 praesertim
1613 1757 1636 1783 a

192 1804 371 1846 Belisario
407 1805 498 1845 duee
531 1805 709 1845 exercitus
742 1814 849 1860 gesta
883 1813 984 1855 sunt,
1024 1807 1121 1847 cuius
1155 1807 1234 1862 ipse
1267 1807 1406 1852 Rhetor
1441 1817 1634 1864 perpetuus

194 1887 336 1921 comes,
373 1880 409 1914 et
428 1887 548 1912 rerum
567 1887 654 1927 quas
673 1879 794 1912 narrat
816 1879 997 1927 spectator
1017 1873 1092 1914 fuit.

650 2004 769 2045 Idem
796 2005 947 2045 ibidem
983 2020 1071 2059 cap.
1093 2005 1185 2047 160.

309 2090 533 2147 Προκόπιος
555 2092 579 2135 o‘
609 2091 832 2144 Καισαρεῦς
862 2091 908 2141 ὃς
937 2094 992 2142 εἰς
1018 2094 1117 2146 μέγα
1146 2097 1275 2146 κτῆμα
1305 2093 1372 2135 καὶ
1393 2092 1536 2146 ὄφελος
1554 2092 1636 2137 κατ’

195 2161 323 2204 ἐκεῖνο
341 2164 486 2212 καιροῦ
506 2159 575 2209 τοῖς
601 2158 759 2213 γραφάς
792 2158 985 2208 συντάξας
1013 2157 1248 2212 οἷείμνηστον
1273 2158 1396 2202 αὐτοῦ
1423 2162 1533 2211 κλέος
1551 2167 1635 2211 τοῖς

74 2237 106 2271 A
131 2239 174 2272 18
199 2227 517 2279 σπουδαιοτέροις
546 2226 836 2267 καταλέλοιπεν.
890 2225 1086 2280 Procopius
1106 2226 1353 2267 Caesariensis
1372 2228 1553 2269 Iustiniani
1571 2243 1632 2269 ae-

192 2300 266 2333 tate
294 2292 606 2340 luculentissimas,
647 2291 874 2345 maximeque
908 2291 1013 2332 utiles
1047 2292 1216 2332 historias
1244 2294 1477 2349 conseripsit,
1515 2303 1631 2336 aeter·

192 2373 344 2414 numque
364 2358 433 2399 sibi
452 2373 583 2400 nomen
601 2358 696 2412 apud
716 2358 873 2398 eruditos
892 2358 1124 2413 comparavit.

642 2480 801 2521 Suz‘das
827 2481 870 2520 in
914 2479 1187 2522 Collectaneae’e.

306 2568 531 2622 Προκὸπιος
567 2567 819 2623 ’Ῐλλούστριος
847 2569 872 2611 ό
899 2569 1123 2623 Καισαρεύς
1149 2570 1191 2612 ἐκ
1214 2571 1480 2622 Παλαιστίνης
1499 2569 1631 2624 ῥήτωρ

194 2637 260 2677 καὶ
281 2635 473 2691 σοφιστής
501 2638 672 2691 ἔγραψεν
702 2638 880 2690 ΐστορίαν
897 2635 1138 2689 Ῥωμαϊκὴν,
1173 2634 1300 2691 ἤγουν
1327 2635 1421 2686 τούς
1439 2638 1633 2690 πολέμους

197 2706 451 2758 Βελισαρίου,
484 2703 532 2745 w*
560 2702 658 2745 κατὰ
686 2700 858 2756 Ῥώμην,
894 2702 963 2744 καὶ
989 2700 1154 2756 Λιβύην
1178 2703 1416 2757 πραχθέντα.
1471 2704 1633 2759 γέγονεν

194 2770 259 2811 ἐπὶ
279 2775 359 2812 τῶν
386 2769 540 2827 χρόνων
558 2767 836 2813 Ἰουστινιανοῦ
853 2773 925 2811 τοῦ
946 2769 1136 2824 βασιλέως
1165 2768 1422 2825 ὖπογραφεύς
1441 2772 1631 2825 χρηματί-
