<?xml version="1.0" encoding="UTF-8"?>
<!DOCTYPE html PUBLIC "-//W3C//DTD XHTML 1.0 Transitional//EN"
    "http://www.w3.org/TR/xhtml1/DTD/xhtml1-transitional.dtd">
<html xmlns="http://www.w3.org/1999/xhtml" xml:lang="en" lang="en">
 <head>
  <title>
</title>
<meta http-equiv="Content-Type" content="text/html;charset=utf-8" />
  <meta name='ocr-system' content='tesseract 3.04.00' />
  <meta name='ocr-capabilities' content='ocr_page ocr_carea ocr_par ocr_line ocrx_word'/>
</head>
<body>
  <div class='ocr_page' id='page_1' title='image "./corpusscriptorum45niebuoft_0087.png"; bbox 0 0 1754 3132; ppageno 0'>
   <div class='ocr_carea' id='block_1_1' title="bbox 568 126 1604 173">
    <p class='ocr_par' dir='ltr' id='par_1_1' title="bbox 568 126 1604 173">
     <span class='ocr_line' id='line_1_1' title="bbox 568 126 1604 173; baseline 0.001 -1"><span class='ocrx_word' id='word_1_1' title='bbox 568 128 837 173; x_wconf 79' lang='lat' dir='ltr'><strong>HISTORIA</strong></span> <span class='ocrx_word' id='word_1_2' title='bbox 871 127 1087 172; x_wconf 85' lang='lat' dir='ltr'><strong>ARCANA</strong></span> <span class='ocrx_word' id='word_1_3' title='bbox 1123 128 1170 173; x_wconf 91' lang='lat'><strong>7.</strong></span> <span class='ocrx_word' id='word_1_4' title='bbox 1539 126 1604 173; x_wconf 87' lang='lat'><strong>47</strong></span> 
     </span>
    </p>
   </div>
   <div class='ocr_carea' id='block_1_2' title="bbox 65 239 1721 1679">
    <p class='ocr_par' dir='ltr' id='par_1_2' title="bbox 128 239 1657 506">
     <span class='ocr_line' id='line_1_2' title="bbox 268 239 1657 298; baseline -0.003 -11"><span class='ocrx_word' id='word_1_5' title='bbox 268 241 313 297; x_wconf 84' lang='grc' dir='ltr'><strong>ζ’,</strong></span> <span class='ocrx_word' id='word_1_6' title='bbox 389 247 479 287; x_wconf 75' lang='grc' dir='ltr'><strong>Τοῦ</strong></span> <span class='ocrx_word' id='word_1_7' title='bbox 501 244 546 286; x_wconf 77' lang='grc' dir='ltr'><strong>δὲ</strong></span> <span class='ocrx_word' id='word_1_8' title='bbox 568 240 703 298; x_wconf 79' lang='grc' dir='ltr'><em>δήμου</em></span> <span class='ocrx_word' id='word_1_9' title='bbox 723 243 767 286; x_wconf 72' lang='grc' dir='ltr'><strong>ἐκ</strong></span> <span class='ocrx_word' id='word_1_10' title='bbox 786 246 964 285; x_wconf 82' lang='grc' dir='ltr'><em>παλαιοῦ</em></span> <span class='ocrx_word' id='word_1_11' title='bbox 988 242 1030 292; x_wconf 79' lang='grc' dir='ltr'><em>ἒς</em></span> <span class='ocrx_word' id='word_1_12' title='bbox 1049 242 1200 297; x_wconf 81' lang='grc' dir='ltr'><strong><em>μοίρας</em></strong></span> <span class='ocrx_word' id='word_1_13' title='bbox 1228 239 1303 284; x_wconf 82' lang='grc' dir='ltr'><strong>δύο</strong></span> <span class='ocrx_word' id='word_1_14' title='bbox 1327 239 1601 297; x_wconf 74' lang='grc' dir='ltr'><em>διεστηκότος,</em></span> <span class='ocrx_word' id='word_1_15' title='bbox 1628 249 1657 283; x_wconf 88' lang='grc' dir='ltr'>Β</span> 
     </span>
     <span class='ocr_line' id='line_1_3' title="bbox 132 308 1606 369; baseline -0.001 -13"><span class='ocrx_word' id='word_1_16' title='bbox 132 312 270 369; x_wconf 79' lang='grc' dir='ltr'><em>ὥσπερ</em></span> <span class='ocrx_word' id='word_1_17' title='bbox 298 330 370 367; x_wconf 88' lang='grc' dir='ltr'><strong>μοι</strong></span> <span class='ocrx_word' id='word_1_18' title='bbox 402 313 444 355; x_wconf 81' lang='grc' dir='ltr'><em>ἓν</em></span> <span class='ocrx_word' id='word_1_19' title='bbox 478 319 566 362; x_wconf 90' lang='grc' dir='ltr'><em>τοΐς</em></span> <span class='ocrx_word' id='word_1_20' title='bbox 600 311 837 369; x_wconf 65' lang='grc' dir='ltr'><em>ἔμπροσθεν</em></span> <span class='ocrx_word' id='word_1_21' title='bbox 868 308 1005 367; x_wconf 81' lang='grc' dir='ltr'><em>λόγοις</em></span> <span class='ocrx_word' id='word_1_22' title='bbox 1033 309 1197 367; x_wconf 74' lang='grc' dir='ltr'><em>ἐρρήθη</em></span> <span class='ocrx_word' id='word_1_23' title='bbox 1208 343 1222 363; x_wconf 86' lang='grc'>,</span> <span class='ocrx_word' id='word_1_24' title='bbox 1252 311 1354 365; x_wconf 81' lang='grc' dir='ltr'><em>μίαν</em></span> <span class='ocrx_word' id='word_1_25' title='bbox 1381 310 1508 360; x_wconf 81' lang='grc' dir='ltr'><em>αὐτὸς</em></span> <span class='ocrx_word' id='word_1_26' title='bbox 1531 311 1606 366; x_wconf 80' lang='grc' dir='ltr'><strong>τὴν</strong></span> 
     </span>
     <span class='ocr_line' id='line_1_4' title="bbox 128 378 1604 438; baseline -0.002 -13"><span class='ocrx_word' id='word_1_27' title='bbox 128 381 315 425; x_wconf 78' lang='grc' dir='ltr'><em>Βενέτων</em></span> <span class='ocrx_word' id='word_1_28' title='bbox 343 378 649 438; x_wconf 73' lang='grc' dir='ltr'><em>ἑταιρισάμενος</em></span> <span class='ocrx_word' id='word_1_29' title='bbox 657 414 671 434; x_wconf 83' lang='grc'>,</span> <span class='ocrx_word' id='word_1_30' title='bbox 703 380 730 435; x_wconf 76' lang='grc' dir='ltr'><em>ἥ</em></span> <span class='ocrx_word' id='word_1_31' title='bbox 753 380 793 423; x_wconf 80' lang='grc' dir='ltr'><strong>οἳ</strong></span> <span class='ocrx_word' id='word_1_32' title='bbox 818 381 886 423; x_wconf 83' lang='grc' dir='ltr'><strong>καὶ</strong></span> <span class='ocrx_word' id='word_1_33' title='bbox 915 379 963 423; x_wconf 85' lang='grc' dir='ltr'><strong>τὸ</strong></span> <span class='ocrx_word' id='word_1_34' title='bbox 985 378 1186 438; x_wconf 85' lang='grc' dir='ltr'><em>πρότερον</em></span> <span class='ocrx_word' id='word_1_35' title='bbox 1211 380 1604 435; x_wconf 75' lang='grc' dir='ltr'><em>κατεσπουδασμένῃ</em></span> 
     </span>
     <span class='ocr_line' id='line_1_5' title="bbox 129 446 1603 506; baseline -0.002 -13"><span class='ocrx_word' id='word_1_36' title='bbox 129 447 345 506; x_wconf 70' lang='grc' dir='ltr'><em>ἐτύγχανε,</em></span> <span class='ocrx_word' id='word_1_37' title='bbox 385 452 541 506; x_wconf 81' lang='grc' dir='ltr'><em>ξυγχεΐν</em></span> <span class='ocrx_word' id='word_1_38' title='bbox 573 467 616 492; x_wconf 87' lang='grc' dir='ltr'><strong>τε</strong></span> <span class='ocrx_word' id='word_1_39' title='bbox 653 451 720 492; x_wconf 80' lang='grc' dir='ltr'><em>καὶ</em></span> <span class='ocrx_word' id='word_1_40' title='bbox 750 446 1006 505; x_wconf 81' lang='grc' dir='ltr'><em>συνταράξαι</em></span> <span class='ocrx_word' id='word_1_41' title='bbox 1025 448 1191 492; x_wconf 80' lang='grc' dir='ltr'><em>ἅπαντα</em></span> <span class='ocrx_word' id='word_1_42' title='bbox 1210 448 1364 503; x_wconf 70' lang='grc' dir='ltr'><em>ἴσχυσε.</em></span> <span class='ocrx_word' id='word_1_43' title='bbox 1435 450 1502 491; x_wconf 80' lang='grc' dir='ltr'><em>καὶ</em></span> <span class='ocrx_word' id='word_1_44' title='bbox 1524 448 1603 491; x_wconf 74' lang='grc' dir='ltr'><em>ἀπ’</em></span> 
     </span>
    </p>

    <p class='ocr_par' dir='ltr' id='par_1_3' title="bbox 65 516 1721 1679">
     <span class='ocr_line' id='line_1_6' title="bbox 95 516 1606 574; baseline -0.002 -12"><span class='ocrx_word' id='word_1_45' title='bbox 95 518 260 566; x_wconf 62' lang='lat' dir='ltr'><strong>sativo&amp;</strong></span> <span class='ocrx_word' id='word_1_46' title='bbox 289 519 331 569; x_wconf 68' lang='grc' dir='ltr'><em>ἐς</em></span> <span class='ocrx_word' id='word_1_47' title='bbox 358 517 456 574; x_wconf 89' lang='grc' dir='ltr'><em>γόνυ</em></span> <span class='ocrx_word' id='word_1_48' title='bbox 491 520 628 562; x_wconf 83' lang='grc' dir='ltr'><em>ε’λθεῖν</em></span> <span class='ocrx_word' id='word_1_49' title='bbox 654 516 868 572; x_wconf 74' lang='grc' dir='ltr'><em>Ῥωμαίοις</em></span> <span class='ocrx_word' id='word_1_50' title='bbox 898 517 973 573; x_wconf 84' lang='grc' dir='ltr'><strong>τὴν</strong></span> <span class='ocrx_word' id='word_1_51' title='bbox 1003 519 1210 561; x_wconf 73' lang='grc' dir='ltr'><em>πολιτείαν</em></span> <span class='ocrx_word' id='word_1_52' title='bbox 1230 519 1458 574; x_wconf 82' lang='grc' dir='ltr'><em>πεποίηκεν.</em></span> <span class='ocrx_word' id='word_1_53' title='bbox 1529 517 1606 572; x_wconf 74' lang='grc' dir='ltr'><strong>οὐχ</strong></span> 
     </span>
     <span class='ocr_line' id='line_1_7' title="bbox 128 584 1721 644; baseline -0.001 -13"><span class='ocrx_word' id='word_1_54' title='bbox 128 586 308 637; x_wconf 81' lang='grc' dir='ltr'><em>ἅπαντες</em></span> <span class='ocrx_word' id='word_1_55' title='bbox 334 588 380 630; x_wconf 76' lang='grc' dir='ltr'><strong>δὲ</strong></span> <span class='ocrx_word' id='word_1_56' title='bbox 407 587 447 630; x_wconf 79' lang='grc' dir='ltr'><strong>οἳ</strong></span> <span class='ocrx_word' id='word_1_57' title='bbox 469 587 632 630; x_wconf 78' lang='grc' dir='ltr'><em>Βένετοι</em></span> <span class='ocrx_word' id='word_1_58' title='bbox 664 587 912 630; x_wconf 74' lang='grc' dir='ltr'><em>ἐπισπέσθαι</em></span> <span class='ocrx_word' id='word_1_59' title='bbox 930 590 982 644; x_wconf 79' lang='grc' dir='ltr'><strong>τῇ</strong></span> <span class='ocrx_word' id='word_1_60' title='bbox 997 589 1118 630; x_wconf 84' lang='grc' dir='ltr'><em>τοῦδε</em></span> <span class='ocrx_word' id='word_1_61' title='bbox 1147 586 1299 643; x_wconf 75' lang='grc' dir='ltr'><em>ἀνδρὸς</em></span> <span class='ocrx_word' id='word_1_62' title='bbox 1314 584 1455 644; x_wconf 82' lang='grc' dir='ltr'><em>γνώμῃ</em></span> <span class='ocrx_word' id='word_1_63' title='bbox 1476 585 1602 643; x_wconf 69' lang='grc' dir='ltr'><em>ἔγνω-</em></span> <span class='ocrx_word' id='word_1_64' title='bbox 1625 590 1656 625; x_wconf 89' lang='lat' dir='ltr'>A</span> <span class='ocrx_word' id='word_1_65' title='bbox 1679 590 1721 625; x_wconf 82' lang='lat'><strong>51</strong></span> 
     </span>
     <span class='ocr_line' id='line_1_8' title="bbox 126 652 1604 711; baseline -0.001 -12"><span class='ocrx_word' id='word_1_66' title='bbox 126 673 232 708; x_wconf 84' lang='grc' dir='ltr'><em>σαν,</em></span> <span class='ocrx_word' id='word_1_67' title='bbox 271 656 366 699; x_wconf 80' lang='grc' dir='ltr'><em>ἀλλ’</em></span> <span class='ocrx_word' id='word_1_68' title='bbox 401 655 491 699; x_wconf 81' lang='grc' dir='ltr'><em>ὅσοι</em></span> <span class='ocrx_word' id='word_1_69' title='bbox 522 660 748 699; x_wconf 82' lang='grc' dir='ltr'><em>στασιῶται</em></span> <span class='ocrx_word' id='word_1_70' title='bbox 779 654 892 705; x_wconf 75' lang='grc' dir='ltr'><em>ὄντες</em></span> <span class='ocrx_word' id='word_1_71' title='bbox 921 652 1158 711; x_wconf 73' lang='grc' dir='ltr'><em>ἐτύγχανον.</em></span> <span class='ocrx_word' id='word_1_72' title='bbox 1229 658 1297 699; x_wconf 85' lang='grc' dir='ltr'><strong>καὶ</strong></span> <span class='ocrx_word' id='word_1_73' title='bbox 1328 655 1446 699; x_wconf 76' lang='grc' dir='ltr'><em>αὐτοὶ</em></span> <span class='ocrx_word' id='word_1_74' title='bbox 1463 657 1604 710; x_wconf 79' lang='grc' dir='ltr'><em>μέντοι</em></span> 
     </span>
     <span class='ocr_line' id='line_1_9' title="bbox 125 721 1602 783; baseline -0.001 -15"><span class='ocrx_word' id='word_1_75' title='bbox 125 721 344 783; x_wconf 81' lang='grc' dir='ltr'><em>προϊόντος</em></span> <span class='ocrx_word' id='word_1_76' title='bbox 359 724 441 781; x_wconf 72' lang='grc' dir='ltr'><strong>ἤδη</strong></span> <span class='ocrx_word' id='word_1_77' title='bbox 461 729 536 768; x_wconf 84' lang='grc' dir='ltr'><strong>τοῦ</strong></span> <span class='ocrx_word' id='word_1_78' title='bbox 556 727 689 768; x_wconf 80' lang='grc' dir='ltr'><em>δεινοῦ</em></span> <span class='ocrx_word' id='word_1_79' title='bbox 710 724 1045 782; x_wconf 76' lang='grc' dir='ltr'><em>σωφρονέστατοι</em></span> <span class='ocrx_word' id='word_1_80' title='bbox 1075 724 1221 776; x_wconf 71' lang='grc' dir='ltr'><em>ἔδοξαν</em></span> <span class='ocrx_word' id='word_1_81' title='bbox 1241 723 1342 767; x_wconf 81' lang='grc' dir='ltr'><em>εἶναι</em></span> <span class='ocrx_word' id='word_1_82' title='bbox 1364 723 1602 782; x_wconf 75' lang='grc' dir='ltr'><em>ἀνθρώπων</em></span> 
     </span>
     <span class='ocr_line' id='line_1_10' title="bbox 127 791 1654 851; baseline 0.001 -15"><span class='ocrx_word' id='word_1_83' title='bbox 127 791 334 838; x_wconf 73' lang='grc' dir='ltr'><em>ἁπάντων.</em></span> <span class='ocrx_word' id='word_1_84' title='bbox 387 793 649 851; x_wconf 75' lang='grc' dir='ltr'><em>ἐνδεεστέρως</em></span> <span class='ocrx_word' id='word_1_85' title='bbox 666 792 789 850; x_wconf 80' lang='grc' dir='ltr'><em>γὰρῆ</em></span> <span class='ocrx_word' id='word_1_86' title='bbox 811 793 918 836; x_wconf 77' lang='grc' dir='ltr'><em>κατὰ</em></span> <span class='ocrx_word' id='word_1_87' title='bbox 940 793 1015 848; x_wconf 79' lang='grc' dir='ltr'><strong>τὴν</strong></span> <span class='ocrx_word' id='word_1_88' title='bbox 1034 795 1222 845; x_wconf 76' lang='grc' dir='ltr'><em>ἐξουσίαν</em></span> <span class='ocrx_word' id='word_1_89' title='bbox 1243 791 1497 851; x_wconf 70' lang='grc' dir='ltr'><em>ἡμάρτανον.</em></span> <span class='ocrx_word' id='word_1_90' title='bbox 1551 794 1598 837; x_wconf 82' lang='grc' dir='ltr'><strong>οὗ</strong></span> <span class='ocrx_word' id='word_1_91' title='bbox 1624 795 1654 829; x_wconf 83' lang='lat' dir='ltr'>C</span> 
     </span>
     <span class='ocr_line' id='line_1_11' title="bbox 73 861 1602 919; baseline -0.001 -14"><span class='ocrx_word' id='word_1_92' title='bbox 73 863 209 919; x_wconf 74' lang='grc' dir='ltr'><em>ιομὴν</em></span> <span class='ocrx_word' id='word_1_93' title='bbox 241 862 339 906; x_wconf 76' lang='grc' dir='ltr'><em>οὐδὲ</em></span> <span class='ocrx_word' id='word_1_94' title='bbox 370 866 455 906; x_wconf 87' lang='grc' dir='ltr'><strong>τῶν</strong></span> <span class='ocrx_word' id='word_1_95' title='bbox 484 864 696 919; x_wconf 82' lang='grc' dir='ltr'><em>πρασίνων</em></span> <span class='ocrx_word' id='word_1_96' title='bbox 726 863 765 906; x_wconf 78' lang='grc' dir='ltr'><strong>οἳ</strong></span> <span class='ocrx_word' id='word_1_97' title='bbox 796 867 1022 906; x_wconf 83' lang='grc' dir='ltr'><em>στασιῶται</em></span> <span class='ocrx_word' id='word_1_98' title='bbox 1043 861 1178 918; x_wconf 79' lang='grc' dir='ltr'><em>ἡσυχῆ</em></span> <span class='ocrx_word' id='word_1_99' title='bbox 1202 862 1369 918; x_wconf 63' lang='grc' dir='ltr'><em>Ξζιιενον,</em></span> <span class='ocrx_word' id='word_1_100' title='bbox 1408 863 1514 906; x_wconf 73' lang='grc' dir='ltr'><em>ἀλλὰ</em></span> <span class='ocrx_word' id='word_1_101' title='bbox 1535 866 1602 905; x_wconf 81' lang='grc' dir='ltr'><strong>καὶ</strong></span> 
     </span>
     <span class='ocr_line' id='line_1_12' title="bbox 126 930 1600 990; baseline -0.001 -15"><span class='ocrx_word' id='word_1_102' title='bbox 126 931 246 975; x_wconf 76' lang='grc' dir='ltr'><em>αὐτοὶ</em></span> <span class='ocrx_word' id='word_1_103' title='bbox 265 931 472 987; x_wconf 68' lang='grc' dir='ltr'><em>ἔπρασσον</em></span> <span class='ocrx_word' id='word_1_104' title='bbox 495 931 556 974; x_wconf 78' lang='grc' dir='ltr'><strong>ἀεὶ</strong></span> <span class='ocrx_word' id='word_1_105' title='bbox 583 932 635 974; x_wconf 82' lang='grc' dir='ltr'><strong>τὰ</strong></span> <span class='ocrx_word' id='word_1_106' title='bbox 656 930 891 987; x_wconf 76' lang='grc' dir='ltr'><em>ἐγκλήματα</em></span> <span class='ocrx_word' id='word_1_107' title='bbox 913 933 953 982; x_wconf 82' lang='grc' dir='ltr'><em>ἔς</em></span> <span class='ocrx_word' id='word_1_108' title='bbox 972 930 1069 975; x_wconf 85' lang='grc' dir='ltr'><em>ὅσον</em></span> <span class='ocrx_word' id='word_1_109' title='bbox 1092 933 1208 990; x_wconf 79' lang='grc' dir='ltr'><em>σφίσι</em></span> <span class='ocrx_word' id='word_1_110' title='bbox 1238 932 1398 975; x_wconf 79' lang='grc' dir='ltr'><em>δυνατὰ</em></span> <span class='ocrx_word' id='word_1_111' title='bbox 1420 931 1600 988; x_wconf 75' lang='grc' dir='ltr'><em>ἐγεγόνει,</em></span> 
     </span>
     <span class='ocr_line' id='line_1_13' title="bbox 125 998 1601 1057; baseline 0 -13"><span class='ocrx_word' id='word_1_112' title='bbox 125 1002 270 1056; x_wconf 81' lang='grc' dir='ltr'><em>καίπερ</em></span> <span class='ocrx_word' id='word_1_113' title='bbox 301 1001 409 1044; x_wconf 81' lang='grc' dir='ltr'><em>κατὰ</em></span> <span class='ocrx_word' id='word_1_114' title='bbox 439 998 571 1055; x_wconf 90' lang='grc' dir='ltr'><em>μόνας</em></span> <span class='ocrx_word' id='word_1_115' title='bbox 603 1002 779 1056; x_wconf 74' lang='grc' dir='ltr'><em>διηνεκὲς</em></span> <span class='ocrx_word' id='word_1_116' title='bbox 809 999 1085 1054; x_wconf 86' lang='grc' dir='ltr'><em>κολαζόμενοι.</em></span> <span class='ocrx_word' id='word_1_117' title='bbox 1158 999 1257 1057; x_wconf 81' lang='grc' dir='ltr'><em>ὅπερ</em></span> <span class='ocrx_word' id='word_1_118' title='bbox 1295 1001 1448 1051; x_wconf 73' lang='grc' dir='ltr'><em>αὐτοὺς</em></span> <span class='ocrx_word' id='word_1_119' title='bbox 1481 1002 1522 1051; x_wconf 75' lang='grc' dir='ltr'><em>ἐς</em></span> <span class='ocrx_word' id='word_1_120' title='bbox 1552 1002 1601 1044; x_wconf 84' lang='grc' dir='ltr'><strong>τὸ</strong></span> 
     </span>
     <span class='ocr_line' id='line_1_14' title="bbox 69 1066 1600 1128; baseline 0 -16"><span class='ocrx_word' id='word_1_121' title='bbox 69 1080 73 1083; x_wconf 90' lang='grc'><strong>’</strong></span> <span class='ocrx_word' id='word_1_122' title='bbox 123 1066 418 1126; x_wconf 74' lang='grc' dir='ltr'><em>θρασύνεσθαι</em></span> <span class='ocrx_word' id='word_1_123' title='bbox 446 1073 588 1128; x_wconf 75' lang='grc' dir='ltr'><em>πολλῷ</em></span> <span class='ocrx_word' id='word_1_124' title='bbox 615 1068 674 1113; x_wconf 71' lang='grc' dir='ltr'><strong>ἴτι</strong></span> <span class='ocrx_word' id='word_1_125' title='bbox 699 1074 859 1123; x_wconf 83' lang='grc' dir='ltr'><em>μᾶλλον</em></span> <span class='ocrx_word' id='word_1_126' title='bbox 886 1071 926 1120; x_wconf 79' lang='grc' dir='ltr'><em>ἐς</em></span> <span class='ocrx_word' id='word_1_127' title='bbox 957 1070 1019 1112; x_wconf 81' lang='grc' dir='ltr'><strong>ἀεὶ</strong></span> <span class='ocrx_word' id='word_1_128' title='bbox 1043 1066 1151 1126; x_wconf 76' lang='grc' dir='ltr'><em>ἦγεν.</em></span> <span class='ocrx_word' id='word_1_129' title='bbox 1223 1068 1483 1125; x_wconf 81' lang='grc' dir='ltr'><em>ἀδικούμενοι</em></span> <span class='ocrx_word' id='word_1_130' title='bbox 1520 1071 1600 1127; x_wconf 78' lang='grc' dir='ltr'><em>γὰρ</em></span> 
     </span>
     <span class='ocr_line' id='line_1_15' title="bbox 123 1135 1601 1195; baseline 0.001 -14"><span class='ocrx_word' id='word_1_131' title='bbox 123 1135 322 1182; x_wconf 74' lang='grc' dir='ltr'><em>εἰώθασιν</em></span> <span class='ocrx_word' id='word_1_132' title='bbox 341 1137 381 1188; x_wconf 76' lang='grc' dir='ltr'><em>ἔς</em></span> <span class='ocrx_word' id='word_1_133' title='bbox 403 1135 603 1182; x_wconf 79' lang='grc' dir='ltr'><em>ἀπόνοιαν</em></span> <span class='ocrx_word' id='word_1_134' title='bbox 622 1138 850 1195; x_wconf 78' lang='grc' dir='ltr'><em>τρέπεσθαι</em></span> <span class='ocrx_word' id='word_1_135' title='bbox 869 1138 1101 1192; x_wconf 76' lang='grc' dir='ltr'><em>ἅνθρωποι.</em></span> <span class='ocrx_word' id='word_1_136' title='bbox 1173 1137 1266 1182; x_wconf 86' lang='grc' dir='ltr'><em>τότε</em></span> <span class='ocrx_word' id='word_1_137' title='bbox 1297 1135 1369 1182; x_wconf 73' lang='grc' dir='ltr'><em>οὖν</em></span> <span class='ocrx_word' id='word_1_138' title='bbox 1398 1139 1470 1182; x_wconf 71' lang='grc' dir='ltr'>τοῦ</span> <span class='ocrx_word' id='word_1_139' title='bbox 1478 1156 1497 1189; x_wconf 91' lang='grc' dir='ltr'><em>ς</em></span> <span class='ocrx_word' id='word_1_140' title='bbox 1517 1142 1601 1181; x_wconf 88' lang='grc' dir='ltr'><strong>Βε-</strong></span> 
     </span>
     <span class='ocr_line' id='line_1_16' title="bbox 69 1205 1597 1265; baseline 0 -15"><span class='ocrx_word' id='word_1_141' title='bbox 69 1216 113 1255; x_wconf 84' lang='grc'><strong>15</strong></span> <span class='ocrx_word' id='word_1_142' title='bbox 123 1206 265 1257; x_wconf 74' lang='grc' dir='ltr'><em>νέτους</em></span> <span class='ocrx_word' id='word_1_143' title='bbox 282 1206 413 1250; x_wconf 78' lang='grc' dir='ltr'><em>αὐτοῦ</em></span> <span class='ocrx_word' id='word_1_144' title='bbox 433 1205 661 1265; x_wconf 79' lang='grc' dir='ltr'><em>ῥιπίζοντός</em></span> <span class='ocrx_word' id='word_1_145' title='bbox 681 1225 724 1251; x_wconf 85' lang='grc' dir='ltr'><strong>τε</strong></span> <span class='ocrx_word' id='word_1_146' title='bbox 745 1210 813 1251; x_wconf 80' lang='grc' dir='ltr'><strong>καὶ</strong></span> <span class='ocrx_word' id='word_1_147' title='bbox 833 1210 1047 1265; x_wconf 84' lang='grc' dir='ltr'><em>διαφανῶς</em></span> <span class='ocrx_word' id='word_1_148' title='bbox 1066 1208 1324 1264; x_wconf 72' lang='grc' dir='ltr'><em>ἐρεθίζοντος</em></span> <span class='ocrx_word' id='word_1_149' title='bbox 1342 1207 1484 1251; x_wconf 81' lang='grc' dir='ltr'><em>ἅπασα</em></span> <span class='ocrx_word' id='word_1_150' title='bbox 1504 1208 1597 1250; x_wconf 60' lang='grc' dir='ltr'><em>κατ)</em></span> 
     </span>
     <span class='ocr_line' id='line_1_17' title="bbox 123 1273 1599 1333; baseline 0 -14"><span class='ocrx_word' id='word_1_151' title='bbox 123 1274 256 1333; x_wconf 80' lang='grc' dir='ltr'><em>όίκρας</em></span> <span class='ocrx_word' id='word_1_152' title='bbox 283 1273 309 1330; x_wconf 82' lang='grc' dir='ltr'><strong><em>ἦ</em></strong></span> <span class='ocrx_word' id='word_1_153' title='bbox 339 1274 551 1330; x_wconf 80' lang='grc' dir='ltr'><em>Ῥωμαίων</em></span> <span class='ocrx_word' id='word_1_154' title='bbox 583 1275 689 1333; x_wconf 84' lang='grc' dir='ltr'><em>ἀρχὴ</em></span> <span class='ocrx_word' id='word_1_155' title='bbox 717 1274 890 1332; x_wconf 74' lang='grc' dir='ltr'><em>ἐκινήθη</em></span> <span class='ocrx_word' id='word_1_156' title='bbox 913 1275 1048 1333; x_wconf 81' lang='grc' dir='ltr'><em>ὥσπερ</em></span> <span class='ocrx_word' id='word_1_157' title='bbox 1070 1281 1239 1332; x_wconf 79' lang='grc' dir='ltr'><em>σεισμοῦ</em></span> <span class='ocrx_word' id='word_1_158' title='bbox 1259 1276 1284 1331; x_wconf 75' lang='grc' dir='ltr'>ἢ</span> <span class='ocrx_word' id='word_1_159' title='bbox 1307 1282 1599 1331; x_wconf 83' lang='grc' dir='ltr'><em>κατακλυσμοῦ</em></span> 
     </span>
     <span class='ocr_line' id='line_1_18' title="bbox 123 1341 1652 1403; baseline 0.001 -16"><span class='ocrx_word' id='word_1_160' title='bbox 123 1341 386 1395; x_wconf 74' lang='grc' dir='ltr'><em>ἐπιπεσόντος</em></span> <span class='ocrx_word' id='word_1_161' title='bbox 404 1344 430 1399; x_wconf 79' lang='grc' dir='ltr'>ἢ</span> <span class='ocrx_word' id='word_1_162' title='bbox 451 1343 607 1396; x_wconf 83' lang='grc' dir='ltr'><em>πόλεως</em></span> <span class='ocrx_word' id='word_1_163' title='bbox 626 1342 801 1401; x_wconf 70' lang='grc' dir='ltr'><em>ἑκάστης</em></span> <span class='ocrx_word' id='word_1_164' title='bbox 818 1346 924 1403; x_wconf 84' lang='grc' dir='ltr'><em>πρὸς</em></span> <span class='ocrx_word' id='word_1_165' title='bbox 939 1349 1021 1389; x_wconf 91' lang='grc' dir='ltr'><strong>τῶν</strong></span> <span class='ocrx_word' id='word_1_166' title='bbox 1041 1347 1244 1399; x_wconf 84' lang='grc' dir='ltr'><em>πολεμίων</em></span> <span class='ocrx_word' id='word_1_167' title='bbox 1267 1343 1460 1402; x_wconf 78' lang='grc' dir='ltr'><em>ἁλούσης.</em></span> <span class='ocrx_word' id='word_1_168' title='bbox 1492 1345 1597 1389; x_wconf 76' lang='grc' dir='ltr'><em>πάν·</em></span> <span class='ocrx_word' id='word_1_169' title='bbox 1622 1345 1652 1379; x_wconf 88' lang='lat' dir='ltr'>D</span> 
     </span>
     <span class='ocr_line' id='line_1_19' title="bbox 121 1412 1603 1471; baseline 0.001 -15"><span class='ocrx_word' id='word_1_170' title='bbox 121 1430 176 1456; x_wconf 85' lang='grc' dir='ltr'><strong>τα</strong></span> <span class='ocrx_word' id='word_1_171' title='bbox 205 1413 284 1470; x_wconf 78' lang='grc' dir='ltr'><em>γὰρ</em></span> <span class='ocrx_word' id='word_1_172' title='bbox 319 1414 363 1456; x_wconf 76' lang='grc' dir='ltr'><em>ἐν</em></span> <span class='ocrx_word' id='word_1_173' title='bbox 397 1412 526 1457; x_wconf 82' lang='grc' dir='ltr'><em>ἅπασι</em></span> <span class='ocrx_word' id='word_1_174' title='bbox 555 1412 844 1471; x_wconf 82' lang='grc' dir='ltr'><em>ξυνεταράχθη</em></span> <span class='ocrx_word' id='word_1_175' title='bbox 869 1417 937 1458; x_wconf 85' lang='grc' dir='ltr'><strong>καὶ</strong></span> <span class='ocrx_word' id='word_1_176' title='bbox 967 1413 1086 1457; x_wconf 75' lang='grc' dir='ltr'><em>οὐδὲν</em></span> <span class='ocrx_word' id='word_1_177' title='bbox 1107 1412 1187 1471; x_wconf 70' lang='grc' dir='ltr'><strong>ὑφ’</strong></span> <span class='ocrx_word' id='word_1_178' title='bbox 1215 1413 1366 1458; x_wconf 75' lang='grc' dir='ltr'><em>ἑαυτοῦ</em></span> <span class='ocrx_word' id='word_1_179' title='bbox 1389 1415 1437 1458; x_wconf 85' lang='grc' dir='ltr'><strong>τὸ</strong></span> <span class='ocrx_word' id='word_1_180' title='bbox 1458 1415 1603 1458; x_wconf 80' lang='grc' dir='ltr'><em>λοιπὸν</em></span> 
     </span>
     <span class='ocr_line' id='line_1_20' title="bbox 121 1480 1603 1540; baseline 0.001 -15"><span class='ocrx_word' id='word_1_181' title='bbox 121 1480 298 1537; x_wconf 63' lang='grc' dir='ltr'><em>ἔμεινεν,</em></span> <span class='ocrx_word' id='word_1_182' title='bbox 335 1481 430 1525; x_wconf 78' lang='grc' dir='ltr'><em>ἀλλ’</em></span> <span class='ocrx_word' id='word_1_183' title='bbox 457 1483 499 1525; x_wconf 77' lang='grc' dir='ltr'><strong>οἵ</strong></span> <span class='ocrx_word' id='word_1_184' title='bbox 513 1500 556 1526; x_wconf 86' lang='grc' dir='ltr'><strong>τε</strong></span> <span class='ocrx_word' id='word_1_185' title='bbox 577 1481 697 1538; x_wconf 88' lang='grc' dir='ltr'><em>νόμοι</em></span> <span class='ocrx_word' id='word_1_186' title='bbox 721 1486 788 1526; x_wconf 80' lang='grc' dir='ltr'><strong>καὶ</strong></span> <span class='ocrx_word' id='word_1_187' title='bbox 814 1481 835 1526; x_wconf 84' lang='grc' dir='ltr'><strong><em>ὅ</em></strong></span> <span class='ocrx_word' id='word_1_188' title='bbox 861 1488 936 1539; x_wconf 81' lang='grc' dir='ltr'><strong>τῆς</strong></span> <span class='ocrx_word' id='word_1_189' title='bbox 959 1485 1167 1534; x_wconf 83' lang='grc' dir='ltr'><em>πολιτείας</em></span> <span class='ocrx_word' id='word_1_190' title='bbox 1191 1481 1345 1537; x_wconf 87' lang='grc' dir='ltr'><em>κόσμος</em></span> <span class='ocrx_word' id='word_1_191' title='bbox 1373 1482 1603 1540; x_wconf 77' lang='grc' dir='ltr'><em>ξυγχύσεως</em></span> 
     </span>
     <span class='ocr_line' id='line_1_21' title="bbox 65 1550 1604 1609; baseline 0.001 -16"><span class='ocrx_word' id='word_1_192' title='bbox 65 1550 405 1608; x_wconf 69' lang='grc' dir='ltr'><em>Ξοέπιγενομένης</em></span> <span class='ocrx_word' id='word_1_193' title='bbox 424 1552 466 1602; x_wconf 77' lang='grc' dir='ltr'><em>ἐς</em></span> <span class='ocrx_word' id='word_1_194' title='bbox 485 1556 569 1594; x_wconf 81' lang='grc' dir='ltr'><strong>πᾶν</strong></span> <span class='ocrx_word' id='word_1_195' title='bbox 600 1552 842 1595; x_wconf 80' lang='grc' dir='ltr'><em>τούναντίον</em></span> <span class='ocrx_word' id='word_1_196' title='bbox 862 1550 1090 1609; x_wconf 72' lang='grc' dir='ltr'><em>ἐχώρησαν.</em></span> <span class='ocrx_word' id='word_1_197' title='bbox 1162 1554 1231 1595; x_wconf 81' lang='grc' dir='ltr'><strong>καὶ</strong></span> <span class='ocrx_word' id='word_1_198' title='bbox 1252 1557 1397 1608; x_wconf 85' lang='grc' dir='ltr'><em>πρῶτα</em></span> <span class='ocrx_word' id='word_1_199' title='bbox 1418 1554 1494 1607; x_wconf 74' lang='grc' dir='ltr'><em>μὲν</em></span> <span class='ocrx_word' id='word_1_200' title='bbox 1516 1560 1604 1602; x_wconf 82' lang='grc' dir='ltr'><em>τοῖς</em></span> 
     </span>
     <span class='ocr_line' id='line_1_22' title="bbox 107 1617 1603 1679; baseline 0.001 -15"><span class='ocrx_word' id='word_1_201' title='bbox 107 1617 370 1670; x_wconf 72' lang='grc' dir='ltr'><em>’στασιώταις</em></span> <span class='ocrx_word' id='word_1_202' title='bbox 397 1620 451 1664; x_wconf 77' lang='grc' dir='ltr'><strong>τὰ</strong></span> <span class='ocrx_word' id='word_1_203' title='bbox 482 1621 524 1672; x_wconf 75' lang='grc' dir='ltr'><em>ἐς</em></span> <span class='ocrx_word' id='word_1_204' title='bbox 550 1619 626 1677; x_wconf 79' lang='grc' dir='ltr'><strong>τὴν</strong></span> <span class='ocrx_word' id='word_1_205' title='bbox 655 1618 788 1677; x_wconf 85' lang='grc' dir='ltr'><em>κόμην</em></span> <span class='ocrx_word' id='word_1_206' title='bbox 818 1623 858 1672; x_wconf 75' lang='grc' dir='ltr'><em>ἐς</em></span> <span class='ocrx_word' id='word_1_207' title='bbox 878 1618 1076 1679; x_wconf 78' lang='grc' dir='ltr'><em>νεώτερόν</em></span> <span class='ocrx_word' id='word_1_208' title='bbox 1096 1638 1188 1665; x_wconf 88' lang='grc' dir='ltr'><em>τινα</em></span> <span class='ocrx_word' id='word_1_209' title='bbox 1207 1621 1484 1678; x_wconf 77' lang='grc' dir='ltr'><em>μετεβέβλητο</em></span> <span class='ocrx_word' id='word_1_210' title='bbox 1503 1619 1603 1679; x_wconf 87' lang='grc' dir='ltr'><em>τρό-</em></span> 
     </span>
    </p>
   </div>
   <div class='ocr_carea' id='block_1_3' title="bbox 210 1770 1604 2054">
    <p class='ocr_par' dir='ltr' id='par_1_4' title="bbox 210 1770 1604 2054">
     <span class='ocr_line' id='line_1_23' title="bbox 212 1770 1603 1819; baseline 0.001 -11"><span class='ocrx_word' id='word_1_211' title='bbox 212 1774 248 1809; x_wconf 86' lang='grc'><strong>3.</strong></span> <span class='ocrx_word' id='word_1_212' title='bbox 273 1772 460 1817; x_wconf 79' lang='grc' dir='ltr'><em>Βενέτων]</em></span> <span class='ocrx_word' id='word_1_213' title='bbox 485 1772 634 1819; x_wconf 80' lang='grc' dir='ltr'><em>βένετον</em></span> <span class='ocrx_word' id='word_1_214' title='bbox 656 1776 699 1811; x_wconf 86' lang='grc' dir='ltr'><strong>Α.</strong></span> <span class='ocrx_word' id='word_1_215' title='bbox 837 1775 871 1808; x_wconf 89' lang='grc'><strong>6.</strong></span> <span class='ocrx_word' id='word_1_216' title='bbox 894 1775 1007 1811; x_wconf 79' lang='grc' dir='ltr'><em>τοῦδε</em></span> <span class='ocrx_word' id='word_1_217' title='bbox 1032 1770 1195 1819; x_wconf 69' lang='grc' dir='ltr'><em>ἀνδρὸς]</em></span> <span class='ocrx_word' id='word_1_218' title='bbox 1219 1775 1333 1810; x_wconf 82' lang='grc' dir='ltr'><em>τοῦδε</em></span> <span class='ocrx_word' id='word_1_219' title='bbox 1356 1771 1516 1818; x_wconf 70' lang='grc' dir='ltr'><em>τάνδρὸς</em></span> <span class='ocrx_word' id='word_1_220' title='bbox 1540 1778 1603 1809; x_wconf 85' lang='lat' dir='ltr'><strong>aut</strong></span> 
     </span>
     <span class='ocr_line' id='line_1_24' title="bbox 210 1817 1600 1865; baseline -0.001 -10"><span class='ocrx_word' id='word_1_221' title='bbox 210 1820 281 1855; x_wconf 82' lang='grc' dir='ltr'><strong>τοῦ</strong></span> <span class='ocrx_word' id='word_1_222' title='bbox 306 1817 445 1865; x_wconf 75' lang='grc' dir='ltr'><em>ἀνδρὸς</em></span> <span class='ocrx_word' id='word_1_223' title='bbox 469 1820 589 1856; x_wconf 79' lang='lat' dir='ltr'><strong>Reisk.</strong></span> <span class='ocrx_word' id='word_1_224' title='bbox 729 1823 763 1857; x_wconf 82' lang='lat'><strong>8.</strong></span> <span class='ocrx_word' id='word_1_225' title='bbox 800 1823 871 1856; x_wconf 78' lang='grc' dir='ltr'><strong>τοῦ</strong></span> <span class='ocrx_word' id='word_1_226' title='bbox 904 1822 1032 1858; x_wconf 83' lang='grc' dir='ltr'><em>δεινοῦ</em></span> <span class='ocrx_word' id='word_1_227' title='bbox 1069 1821 1176 1855; x_wconf 83' lang='lat' dir='ltr'><strong>Alem.</strong></span> <span class='ocrx_word' id='word_1_228' title='bbox 1224 1822 1353 1856; x_wconf 79' lang='grc' dir='ltr'><em>δεινοῦ</em></span> <span class='ocrx_word' id='word_1_229' title='bbox 1377 1822 1417 1856; x_wconf 90' lang='grc' dir='ltr'><strong>Ρ.</strong></span> <span class='ocrx_word' id='word_1_230' title='bbox 1467 1822 1536 1856; x_wconf 79' lang='grc' dir='ltr'><em>νοῦ</em></span> <span class='ocrx_word' id='word_1_231' title='bbox 1561 1824 1600 1855; x_wconf 84' lang='grc' dir='ltr'><strong>Α.</strong></span> 
     </span>
     <span class='ocr_line' id='line_1_25' title="bbox 215 1861 1604 1912; baseline 0 -11"><span class='ocrx_word' id='word_1_232' title='bbox 215 1867 271 1902; x_wconf 87' lang='grc'><strong>13.</strong></span> <span class='ocrx_word' id='word_1_233' title='bbox 304 1864 341 1908; x_wconf 79' lang='grc' dir='ltr'><em>ἐς</em></span> <span class='ocrx_word' id='word_1_234' title='bbox 365 1866 423 1902; x_wconf 78' lang='grc' dir='ltr'><strong>ἀεὶ</strong></span> <span class='ocrx_word' id='word_1_235' title='bbox 447 1861 557 1912; x_wconf 83' lang='grc' dir='ltr'><em>ἦγεν]</em></span> <span class='ocrx_word' id='word_1_236' title='bbox 582 1867 710 1911; x_wconf 76' lang='grc' dir='ltr'><em>ἐσῆγεν</em></span> <span class='ocrx_word' id='word_1_237' title='bbox 735 1867 855 1904; x_wconf 87' lang='lat' dir='ltr'><strong>Reisk.</strong></span> <span class='ocrx_word' id='word_1_238' title='bbox 994 1868 1079 1901; x_wconf 77' lang='lat' dir='ltr'><strong>ibid.</strong></span> <span class='ocrx_word' id='word_1_239' title='bbox 1113 1864 1356 1912; x_wconf 70' lang='grc' dir='ltr'><em>ἀδικούμενοι</em></span> <span class='ocrx_word' id='word_1_240' title='bbox 1380 1887 1426 1893; x_wconf 89' lang='grc'><strong>-</strong></span> <span class='ocrx_word' id='word_1_241' title='bbox 1451 1866 1604 1910; x_wconf 77' lang='grc' dir='ltr'><em>ἂνθρω-</em></span> 
     </span>
     <span class='ocr_line' id='line_1_26' title="bbox 213 1910 1600 1957; baseline -0.001 -9"><span class='ocrx_word' id='word_1_242' title='bbox 213 1913 305 1957; x_wconf 83' lang='grc' dir='ltr'><em>ποι]</em></span> <span class='ocrx_word' id='word_1_243' title='bbox 339 1911 465 1947; x_wconf 87' lang='lat' dir='ltr'><strong>Suidas</strong></span> <span class='ocrx_word' id='word_1_244' title='bbox 498 1925 526 1948; x_wconf 92' lang='lat' dir='ltr'><strong>s.</strong></span> <span class='ocrx_word' id='word_1_245' title='bbox 557 1925 590 1947; x_wconf 83' lang='lat' dir='ltr'><strong>v.</strong></span> <span class='ocrx_word' id='word_1_246' title='bbox 630 1911 804 1950; x_wconf 79' lang='grc' dir='ltr'><em>ἀπόνοια.</em></span> <span class='ocrx_word' id='word_1_247' title='bbox 946 1915 1001 1950; x_wconf 85' lang='grc'><strong>15.</strong></span> <span class='ocrx_word' id='word_1_248' title='bbox 1038 1910 1161 1948; x_wconf 78' lang='grc' dir='ltr'><em>αὐτοῦ</em></span> <span class='ocrx_word' id='word_1_249' title='bbox 1192 1915 1298 1948; x_wconf 85' lang='lat' dir='ltr'><strong>Alem.</strong></span> <span class='ocrx_word' id='word_1_250' title='bbox 1329 1915 1368 1949; x_wconf 86' lang='grc' dir='ltr'><strong>Ρ.</strong></span> <span class='ocrx_word' id='word_1_251' title='bbox 1417 1911 1534 1949; x_wconf 73' lang='grc' dir='ltr'><em>αὐτὸν</em></span> <span class='ocrx_word' id='word_1_252' title='bbox 1561 1915 1600 1947; x_wconf 87' lang='grc' dir='ltr'><strong>Α.</strong></span> 
     </span>
     <span class='ocr_line' id='line_1_27' title="bbox 215 1955 1602 2006; baseline 0.002 -13"><span class='ocrx_word' id='word_1_253' title='bbox 215 1959 271 1995; x_wconf 90' lang='grc'><strong>18.</strong></span> <span class='ocrx_word' id='word_1_254' title='bbox 307 1955 409 2004; x_wconf 76' lang='grc' dir='ltr'><em>ὕφ’]</em></span> <span class='ocrx_word' id='word_1_255' title='bbox 431 1957 498 2005; x_wconf 78' lang='grc' dir='ltr'><strong>ἐφ’</strong></span> <span class='ocrx_word' id='word_1_256' title='bbox 522 1959 643 1997; x_wconf 76' lang='lat' dir='ltr'><strong>Reisk.</strong></span> <span class='ocrx_word' id='word_1_257' title='bbox 782 1962 840 1997; x_wconf 76' lang='lat'><strong>21·</strong></span> <span class='ocrx_word' id='word_1_258' title='bbox 877 1959 915 2003; x_wconf 72' lang='grc' dir='ltr'><em>ἐς</em></span> <span class='ocrx_word' id='word_1_259' title='bbox 937 1957 1030 2006; x_wconf 73' lang='grc' dir='ltr'><em>τήν]</em></span> <span class='ocrx_word' id='word_1_260' title='bbox 1057 1957 1155 2004; x_wconf 80' lang='grc' dir='ltr'><em>α’μφὶ.</em></span> <span class='ocrx_word' id='word_1_261' title='bbox 1183 1959 1253 2004; x_wconf 77' lang='grc' dir='ltr'><strong>τήν</strong></span> <span class='ocrx_word' id='word_1_262' title='bbox 1275 1959 1403 1995; x_wconf 80' lang='lat' dir='ltr'><strong>Suidas</strong></span> <span class='ocrx_word' id='word_1_263' title='bbox 1425 1972 1454 1994; x_wconf 79' lang='lat' dir='ltr'><strong>s·</strong></span> <span class='ocrx_word' id='word_1_264' title='bbox 1481 1973 1514 1996; x_wconf 88' lang='lat' dir='ltr'><strong>v.</strong></span> <span class='ocrx_word' id='word_1_265' title='bbox 1541 1957 1602 1996; x_wconf 78' lang='grc' dir='ltr'><strong>εὖ·</strong></span> 
     </span>
     <span class='ocr_line' id='line_1_28' title="bbox 211 2003 1362 2054; baseline 0.002 -15"><span class='ocrx_word' id='word_1_266' title='bbox 211 2003 382 2051; x_wconf 77' lang='grc' dir='ltr'><em>πάρυφα.</em></span> <span class='ocrx_word' id='word_1_267' title='bbox 520 2006 606 2041; x_wconf 76' lang='lat' dir='ltr'><strong><em>ibid.</em></strong></span> <span class='ocrx_word' id='word_1_268' title='bbox 629 2005 896 2054; x_wconf 76' lang='grc' dir='ltr'><em>μετεβέβλητο]</em></span> <span class='ocrx_word' id='word_1_269' title='bbox 920 2006 1199 2054; x_wconf 77' lang='grc' dir='ltr'><em>παραβέβληται</em></span> <span class='ocrx_word' id='word_1_270' title='bbox 1223 2006 1362 2041; x_wconf 84' lang='lat' dir='ltr'><strong>Suidas.</strong></span> 
     </span>
    </p>
   </div>
   <div class='ocr_carea' id='block_1_4' title="bbox 118 2139 1602 2837">
    <p class='ocr_par' dir='ltr' id='par_1_5' title="bbox 118 2139 1602 2837">
     <span class='ocr_line' id='line_1_29' title="bbox 212 2139 1599 2189; baseline -0.001 -13"><span class='ocrx_word' id='word_1_271' title='bbox 212 2141 246 2177; x_wconf 91' lang='grc'><strong>7.</strong></span> <span class='ocrx_word' id='word_1_272' title='bbox 293 2139 380 2176; x_wconf 82' lang='lat' dir='ltr'><strong>Cum</strong></span> <span class='ocrx_word' id='word_1_273' title='bbox 403 2139 535 2187; x_wconf 79' lang='lat' dir='ltr'><strong>pridem</strong></span> <span class='ocrx_word' id='word_1_274' title='bbox 559 2141 648 2177; x_wconf 84' lang='lat' dir='ltr'><strong>duae</strong></span> <span class='ocrx_word' id='word_1_275' title='bbox 671 2142 812 2189; x_wconf 89' lang='lat' dir='ltr'><strong>populi,</strong></span> <span class='ocrx_word' id='word_1_276' title='bbox 846 2147 886 2177; x_wconf 86' lang='lat' dir='ltr'><strong>ut</strong></span> <span class='ocrx_word' id='word_1_277' title='bbox 910 2142 1076 2184; x_wconf 87' lang='lat' dir='ltr'><strong>diximus,</strong></span> <span class='ocrx_word' id='word_1_278' title='bbox 1112 2141 1284 2177; x_wconf 80' lang='lat' dir='ltr'><strong>factiones</strong></span> <span class='ocrx_word' id='word_1_279' title='bbox 1311 2144 1444 2183; x_wconf 84' lang='lat' dir='ltr'><strong>essent,</strong></span> <span class='ocrx_word' id='word_1_280' title='bbox 1482 2140 1599 2175; x_wconf 87' lang='lat' dir='ltr'><strong>conci-</strong></span> 
     </span>
     <span class='ocr_line' id='line_1_30' title="bbox 119 2185 1598 2233; baseline -0.001 -12"><span class='ocrx_word' id='word_1_281' title='bbox 119 2186 207 2222; x_wconf 84' lang='lat' dir='ltr'><strong>liata</strong></span> <span class='ocrx_word' id='word_1_282' title='bbox 225 2185 292 2220; x_wconf 87' lang='lat' dir='ltr'><strong>sibi</strong></span> <span class='ocrx_word' id='word_1_283' title='bbox 317 2187 429 2222; x_wconf 86' lang='lat' dir='ltr'><strong>altera</strong></span> <span class='ocrx_word' id='word_1_284' title='bbox 451 2188 682 2233; x_wconf 81' lang='lat' dir='ltr'>Venetorum,</span> <span class='ocrx_word' id='word_1_285' title='bbox 718 2190 814 2224; x_wconf 89' lang='lat' dir='ltr'><strong>cuius</strong></span> <span class='ocrx_word' id='word_1_286' title='bbox 836 2190 903 2224; x_wconf 86' lang='lat' dir='ltr'><strong>iam</strong></span> <span class='ocrx_word' id='word_1_287' title='bbox 928 2196 1033 2224; x_wconf 83' lang='lat' dir='ltr'><strong>antea</strong></span> <span class='ocrx_word' id='word_1_288' title='bbox 1057 2188 1171 2223; x_wconf 88' lang='lat' dir='ltr'><strong>studia</strong></span> <span class='ocrx_word' id='word_1_289' title='bbox 1195 2188 1427 2233; x_wconf 82' lang='lat' dir='ltr'>acquisierat,</span> <span class='ocrx_word' id='word_1_290' title='bbox 1461 2187 1510 2220; x_wconf 86' lang='lat' dir='ltr'><strong>ita</strong></span> <span class='ocrx_word' id='word_1_291' title='bbox 1535 2187 1598 2220; x_wconf 89' lang='lat' dir='ltr'><strong>mi-</strong></span> 
     </span>
     <span class='ocr_line' id='line_1_31' title="bbox 120 2232 1598 2280; baseline -0.001 -13"><span class='ocrx_word' id='word_1_292' title='bbox 120 2243 221 2268; x_wconf 82' lang='lat' dir='ltr'><strong>scere</strong></span> <span class='ocrx_word' id='word_1_293' title='bbox 244 2232 357 2268; x_wconf 86' lang='lat' dir='ltr'><strong>omnia</strong></span> <span class='ocrx_word' id='word_1_294' title='bbox 379 2233 495 2279; x_wconf 86' lang='lat' dir='ltr'><strong>potuit</strong></span> <span class='ocrx_word' id='word_1_295' title='bbox 526 2246 566 2269; x_wconf 88' lang='lat' dir='ltr'><strong>ac</strong></span> <span class='ocrx_word' id='word_1_296' title='bbox 593 2237 817 2280; x_wconf 84' lang='lat' dir='ltr'><strong>perturbare,</strong></span> <span class='ocrx_word' id='word_1_297' title='bbox 856 2241 894 2270; x_wconf 85' lang='lat' dir='ltr'><strong>ut</strong></span> <span class='ocrx_word' id='word_1_298' title='bbox 927 2236 1054 2270; x_wconf 79' lang='lat' dir='ltr'>exinde</span> <span class='ocrx_word' id='word_1_299' title='bbox 1078 2246 1148 2269; x_wconf 85' lang='lat' dir='ltr'><strong>rem</strong></span> <span class='ocrx_word' id='word_1_300' title='bbox 1174 2235 1402 2268; x_wconf 87' lang='lat' dir='ltr'><strong>Romanorum</strong></span> <span class='ocrx_word' id='word_1_301' title='bbox 1427 2234 1598 2277; x_wconf 82' lang='lat' dir='ltr'><strong>publicam</strong></span> 
     </span>
     <span class='ocr_line' id='line_1_32' title="bbox 118 2278 1600 2326; baseline -0.001 -13"><span class='ocrx_word' id='word_1_302' title='bbox 118 2278 317 2314; x_wconf 77' lang='lat' dir='ltr'><strong>inclinatam</strong></span> <span class='ocrx_word' id='word_1_303' title='bbox 351 2279 593 2321; x_wconf 80' lang='lat' dir='ltr'><strong>labefactarit,</strong></span> <span class='ocrx_word' id='word_1_304' title='bbox 627 2281 710 2316; x_wconf 89' lang='lat' dir='ltr'><strong>licet</strong></span> <span class='ocrx_word' id='word_1_305' title='bbox 745 2283 951 2316; x_wconf 84' lang='lat' dir='ltr'><strong>Venetorum</strong></span> <span class='ocrx_word' id='word_1_306' title='bbox 984 2281 1141 2316; x_wconf 81' lang='lat' dir='ltr'><strong>seditiosi</strong></span> <span class='ocrx_word' id='word_1_307' title='bbox 1166 2281 1291 2326; x_wconf 89' lang='lat' dir='ltr'><strong>quique</strong></span> <span class='ocrx_word' id='word_1_308' title='bbox 1315 2281 1486 2314; x_wconf 75' lang='lat' dir='ltr'><strong>duntaxat</strong></span> <span class='ocrx_word' id='word_1_309' title='bbox 1508 2279 1600 2312; x_wconf 85' lang='lat' dir='ltr'><strong>illius</strong></span> 
     </span>
     <span class='ocr_line' id='line_1_33' title="bbox 120 2324 1598 2374; baseline -0.001 -14"><span class='ocrx_word' id='word_1_310' title='bbox 120 2324 255 2360; x_wconf 79' lang='lat' dir='ltr'><strong>libidini</strong></span> <span class='ocrx_word' id='word_1_311' title='bbox 279 2325 568 2371; x_wconf 79' lang='lat' dir='ltr'><strong>obtemperarent,</strong></span> <span class='ocrx_word' id='word_1_312' title='bbox 593 2328 654 2371; x_wconf 90' lang='lat' dir='ltr'><strong>qui</strong></span> <span class='ocrx_word' id='word_1_313' title='bbox 677 2334 789 2362; x_wconf 87' lang='lat' dir='ltr'><strong>tamen</strong></span> <span class='ocrx_word' id='word_1_314' title='bbox 814 2328 983 2374; x_wconf 81' lang='lat' dir='ltr'><strong>gliscente</strong></span> <span class='ocrx_word' id='word_1_315' title='bbox 1006 2327 1214 2368; x_wconf 78' lang='lat' dir='ltr'><strong>calamitate,</strong></span> <span class='ocrx_word' id='word_1_316' title='bbox 1238 2327 1384 2361; x_wconf 85' lang='lat' dir='ltr'><strong>omnium</strong></span> <span class='ocrx_word' id='word_1_317' title='bbox 1403 2325 1598 2359; x_wconf 80' lang='lat' dir='ltr'><strong>mortalium</strong></span> 
     </span>
     <span class='ocr_line' id='line_1_34' title="bbox 119 2370 1599 2420; baseline -0.001 -14"><span class='ocrx_word' id='word_1_318' title='bbox 119 2370 383 2406; x_wconf 70' lang='lat' dir='ltr'><strong>moderatissimi</strong></span> <span class='ocrx_word' id='word_1_319' title='bbox 405 2372 515 2406; x_wconf 82' lang='lat' dir='ltr'><strong>habiti</strong></span> <span class='ocrx_word' id='word_1_320' title='bbox 538 2378 644 2415; x_wconf 86' lang='lat' dir='ltr'><strong>sunt,</strong></span> <span class='ocrx_word' id='word_1_321' title='bbox 681 2375 774 2420; x_wconf 85' lang='lat' dir='ltr'><strong>quod</strong></span> <span class='ocrx_word' id='word_1_322' title='bbox 810 2377 892 2409; x_wconf 80' lang='lat' dir='ltr'><strong>data</strong></span> <span class='ocrx_word' id='word_1_323' title='bbox 917 2373 1082 2419; x_wconf 87' lang='lat' dir='ltr'><strong>peccandi</strong></span> <span class='ocrx_word' id='word_1_324' title='bbox 1108 2378 1283 2418; x_wconf 80' lang='lat' dir='ltr'><strong>potestate</strong></span> <span class='ocrx_word' id='word_1_325' title='bbox 1307 2372 1447 2418; x_wconf 86' lang='lat' dir='ltr'><strong>parcius</strong></span> <span class='ocrx_word' id='word_1_326' title='bbox 1474 2372 1599 2405; x_wconf 82' lang='lat' dir='ltr'><strong>abute-</strong></span> 
     </span>
     <span class='ocr_line' id='line_1_35' title="bbox 120 2417 1599 2465; baseline -0.001 -13"><span class='ocrx_word' id='word_1_327' title='bbox 120 2421 252 2452; x_wconf 76' lang='lat' dir='ltr'><strong>rentur.</strong></span> <span class='ocrx_word' id='word_1_328' title='bbox 298 2417 356 2452; x_wconf 82' lang='lat' dir='ltr'><strong>Ex</strong></span> <span class='ocrx_word' id='word_1_329' title='bbox 379 2417 530 2463; x_wconf 84' lang='lat' dir='ltr'><strong>prasinis</strong></span> <span class='ocrx_word' id='word_1_330' title='bbox 554 2419 726 2462; x_wconf 85' lang='lat' dir='ltr'><strong>vicissim,</strong></span> <span class='ocrx_word' id='word_1_331' title='bbox 758 2420 817 2465; x_wconf 90' lang='lat' dir='ltr'><strong>qui</strong></span> <span class='ocrx_word' id='word_1_332' title='bbox 850 2421 1038 2456; x_wconf 87' lang='lat' dir='ltr'><strong>seditiones</strong></span> <span class='ocrx_word' id='word_1_333' title='bbox 1069 2421 1265 2464; x_wconf 79' lang='lat' dir='ltr'><strong>agitarent,</strong></span> <span class='ocrx_word' id='word_1_334' title='bbox 1297 2418 1391 2453; x_wconf 86' lang='lat' dir='ltr'><strong>haud</strong></span> <span class='ocrx_word' id='word_1_335' title='bbox 1415 2429 1492 2452; x_wconf 87' lang='lat' dir='ltr'><strong>sese</strong></span> <span class='ocrx_word' id='word_1_336' title='bbox 1515 2428 1599 2451; x_wconf 89' lang='lat' dir='ltr'><strong>con-</strong></span> 
     </span>
     <span class='ocr_line' id='line_1_36' title="bbox 120 2461 1599 2511; baseline -0.001 -14"><span class='ocrx_word' id='word_1_337' title='bbox 120 2461 323 2506; x_wconf 76' lang='lat' dir='ltr'><strong>tinueruut3</strong></span> <span class='ocrx_word' id='word_1_338' title='bbox 344 2463 407 2499; x_wconf 83' lang='lat' dir='ltr'><strong>sed</strong></span> <span class='ocrx_word' id='word_1_339' title='bbox 431 2469 471 2499; x_wconf 87' lang='lat' dir='ltr'><strong>ut</strong></span> <span class='ocrx_word' id='word_1_340' title='bbox 494 2465 560 2499; x_wconf 87' lang='lat' dir='ltr'><strong>sibi</strong></span> <span class='ocrx_word' id='word_1_341' title='bbox 583 2465 732 2501; x_wconf 81' lang='lat' dir='ltr'><strong>facultas</strong></span> <span class='ocrx_word' id='word_1_342' title='bbox 755 2467 835 2508; x_wconf 82' lang='lat' dir='ltr'><strong>fuit,</strong></span> <span class='ocrx_word' id='word_1_343' title='bbox 858 2467 909 2502; x_wconf 81' lang='lat' dir='ltr'><strong>ita</strong></span> <span class='ocrx_word' id='word_1_344' title='bbox 932 2467 1090 2502; x_wconf 84' lang='lat' dir='ltr'><strong>facinora</strong></span> <span class='ocrx_word' id='word_1_345' title='bbox 1114 2469 1370 2511; x_wconf 85' lang='lat' dir='ltr'><strong>perpetrarunt,</strong></span> <span class='ocrx_word' id='word_1_346' title='bbox 1394 2474 1599 2508; x_wconf 79' lang='lat' dir='ltr'><strong>quamquam</strong></span> 
     </span>
     <span class='ocr_line' id='line_1_37' title="bbox 120 2508 1602 2558; baseline -0.001 -15"><span class='ocrx_word' id='word_1_347' title='bbox 120 2508 311 2544; x_wconf 86' lang='lat' dir='ltr'><strong>identidem</strong></span> <span class='ocrx_word' id='word_1_348' title='bbox 344 2510 487 2545; x_wconf 88' lang='lat' dir='ltr'><strong>occultis</strong></span> <span class='ocrx_word' id='word_1_349' title='bbox 519 2511 636 2546; x_wconf 84' lang='lat' dir='ltr'><strong>affecti</strong></span> <span class='ocrx_word' id='word_1_350' title='bbox 668 2513 871 2558; x_wconf 83' lang='lat' dir='ltr'><strong>suppliciis;</strong></span> <span class='ocrx_word' id='word_1_351' title='bbox 901 2525 945 2548; x_wconf 86' lang='lat' dir='ltr'><strong>ex</strong></span> <span class='ocrx_word' id='word_1_352' title='bbox 969 2513 1096 2558; x_wconf 88' lang='lat' dir='ltr'><strong>quibus</strong></span> <span class='ocrx_word' id='word_1_353' title='bbox 1123 2512 1279 2557; x_wconf 89' lang='lat' dir='ltr'><strong>quotidie</strong></span> <span class='ocrx_word' id='word_1_354' title='bbox 1303 2509 1518 2545; x_wconf 86' lang='lat' dir='ltr'><strong>nihilominus</strong></span> <span class='ocrx_word' id='word_1_355' title='bbox 1544 2519 1602 2541; x_wconf 88' lang='lat' dir='ltr'><strong>su-</strong></span> 
     </span>
     <span class='ocr_line' id='line_1_38' title="bbox 121 2554 1600 2602; baseline -0.001 -13"><span class='ocrx_word' id='word_1_356' title='bbox 121 2558 254 2589; x_wconf 79' lang='lat' dir='ltr'><strong>merent</strong></span> <span class='ocrx_word' id='word_1_357' title='bbox 274 2554 422 2590; x_wconf 86' lang='lat' dir='ltr'><strong>maiores</strong></span> <span class='ocrx_word' id='word_1_358' title='bbox 444 2557 600 2602; x_wconf 85' lang='lat' dir='ltr'><strong>spiritus.</strong></span> <span class='ocrx_word' id='word_1_359' title='bbox 647 2559 738 2594; x_wconf 83' lang='lat' dir='ltr'><strong>Nam</strong></span> <span class='ocrx_word' id='word_1_360' title='bbox 762 2570 823 2594; x_wconf 88' lang='lat' dir='ltr'><strong>usu</strong></span> <span class='ocrx_word' id='word_1_361' title='bbox 848 2560 967 2601; x_wconf 86' lang='lat' dir='ltr'><strong>venit,</strong></span> <span class='ocrx_word' id='word_1_362' title='bbox 991 2562 1030 2593; x_wconf 89' lang='lat' dir='ltr'><strong>ut</strong></span> <span class='ocrx_word' id='word_1_363' title='bbox 1053 2558 1188 2592; x_wconf 87' lang='lat' dir='ltr'><strong>iniuriis</strong></span> <span class='ocrx_word' id='word_1_364' title='bbox 1213 2556 1366 2593; x_wconf 87' lang='lat' dir='ltr'><strong>lacessiti</strong></span> <span class='ocrx_word' id='word_1_365' title='bbox 1394 2555 1439 2593; x_wconf 82' lang='lat' dir='ltr'><strong>ad</strong></span> <span class='ocrx_word' id='word_1_366' title='bbox 1468 2554 1600 2588; x_wconf 85' lang='lat' dir='ltr'><strong>maiora</strong></span> 
     </span>
     <span class='ocr_line' id='line_1_39' title="bbox 122 2599 1600 2653; baseline -0.001 -19"><span class='ocrx_word' id='word_1_367' title='bbox 122 2599 260 2646; x_wconf 64' lang='lat' dir='ltr'><strong>flagitia</strong></span> <span class='ocrx_word' id='word_1_368' title='bbox 281 2601 463 2637; x_wconf 76' lang='lat' dir='ltr'><strong>traducant</strong></span> <span class='ocrx_word' id='word_1_369' title='bbox 487 2603 644 2639; x_wconf 85' lang='lat' dir='ltr'><strong>animum.</strong></span> <span class='ocrx_word' id='word_1_370' title='bbox 691 2605 789 2650; x_wconf 82' lang='lat' dir='ltr'><strong>Ergo</strong></span> <span class='ocrx_word' id='word_1_371' title='bbox 817 2605 997 2651; x_wconf 85' lang='lat' dir='ltr'><strong>proritatis</strong></span> <span class='ocrx_word' id='word_1_372' title='bbox 1029 2608 1100 2639; x_wconf 87' lang='lat' dir='ltr'><strong>tum</strong></span> <span class='ocrx_word' id='word_1_373' title='bbox 1125 2605 1169 2638; x_wconf 87' lang='lat' dir='ltr'><strong>ab</strong></span> <span class='ocrx_word' id='word_1_374' title='bbox 1193 2616 1235 2639; x_wconf 89' lang='lat' dir='ltr'><strong>eo</strong></span> <span class='ocrx_word' id='word_1_375' title='bbox 1261 2601 1600 2653; x_wconf 49' lang='lat' dir='ltr'><strong>concitatisque-pa·-</strong></span> 
     </span>
     <span class='ocr_line' id='line_1_40' title="bbox 122 2645 1598 2691; baseline -0.001 -12"><span class='ocrx_word' id='word_1_376' title='bbox 122 2645 188 2680; x_wconf 85' lang='lat' dir='ltr'><strong>lam</strong></span> <span class='ocrx_word' id='word_1_377' title='bbox 210 2647 372 2689; x_wconf 83' lang='lat' dir='ltr'><strong>Venetis,</strong></span> <span class='ocrx_word' id='word_1_378' title='bbox 400 2648 595 2684; x_wconf 81' lang='lat' dir='ltr'><strong>universum</strong></span> <span class='ocrx_word' id='word_1_379' title='bbox 619 2652 817 2686; x_wconf 86' lang='lat' dir='ltr'><strong>convulsum</strong></span> <span class='ocrx_word' id='word_1_380' title='bbox 850 2653 922 2686; x_wconf 84' lang='lat' dir='ltr'><strong>suis</strong></span> <span class='ocrx_word' id='word_1_381' title='bbox 945 2650 1085 2686; x_wconf 86' lang='lat' dir='ltr'><strong>sedibus</strong></span> <span class='ocrx_word' id='word_1_382' title='bbox 1110 2655 1164 2685; x_wconf 82' lang='lat' dir='ltr'><strong>est</strong></span> <span class='ocrx_word' id='word_1_383' title='bbox 1187 2650 1377 2685; x_wconf 82' lang='lat' dir='ltr'><strong>Romanum</strong></span> <span class='ocrx_word' id='word_1_384' title='bbox 1400 2647 1598 2691; x_wconf 71' lang='lat' dir='ltr'><strong>Imperium,</strong></span> 
     </span>
     <span class='ocr_line' id='line_1_41' title="bbox 122 2690 1598 2742; baseline -0.001 -17"><span class='ocrx_word' id='word_1_385' title='bbox 122 2690 223 2737; x_wconf 82' lang='lat' dir='ltr'><strong>quasi</strong></span> <span class='ocrx_word' id='word_1_386' title='bbox 245 2692 290 2727; x_wconf 86' lang='lat' dir='ltr'><strong>ab</strong></span> <span class='ocrx_word' id='word_1_387' title='bbox 313 2693 471 2730; x_wconf 83' lang='lat' dir='ltr'><strong>hostibus</strong></span> <span class='ocrx_word' id='word_1_388' title='bbox 493 2701 653 2732; x_wconf 81' lang='lat' dir='ltr'><strong>vastatae</strong></span> <span class='ocrx_word' id='word_1_389' title='bbox 685 2698 809 2740; x_wconf 85' lang='lat' dir='ltr'><strong>urbes,</strong></span> <span class='ocrx_word' id='word_1_390' title='bbox 841 2699 897 2733; x_wconf 85' lang='lat' dir='ltr'><strong>vel</strong></span> <span class='ocrx_word' id='word_1_391' title='bbox 928 2703 1044 2733; x_wconf 86' lang='lat' dir='ltr'><strong>terrae</strong></span> <span class='ocrx_word' id='word_1_392' title='bbox 1078 2696 1228 2742; x_wconf 86' lang='lat' dir='ltr'><strong>quodam</strong></span> <span class='ocrx_word' id='word_1_393' title='bbox 1259 2700 1354 2730; x_wconf 87' lang='lat' dir='ltr'><strong>motu</strong></span> <span class='ocrx_word' id='word_1_394' title='bbox 1389 2696 1598 2738; x_wconf 85' lang='lat' dir='ltr'><strong>prostratae,</strong></span> 
     </span>
     <span class='ocr_line' id='line_1_42' title="bbox 121 2736 1598 2790; baseline 0.001 -19"><span class='ocrx_word' id='word_1_395' title='bbox 121 2738 178 2771; x_wconf 85' lang='lat' dir='ltr'><strong>vel</strong></span> <span class='ocrx_word' id='word_1_396' title='bbox 214 2736 372 2773; x_wconf 76' lang='lat' dir='ltr'><strong>eluvione</strong></span> <span class='ocrx_word' id='word_1_397' title='bbox 405 2751 618 2786; x_wconf 80' lang='lat' dir='ltr'><strong>oppressae3</strong></span> <span class='ocrx_word' id='word_1_398' title='bbox 652 2755 729 2778; x_wconf 83' lang='lat' dir='ltr'><strong>nam</strong></span> <span class='ocrx_word' id='word_1_399' title='bbox 761 2745 873 2780; x_wconf 85' lang='lat' dir='ltr'><strong>omnia</strong></span> <span class='ocrx_word' id='word_1_400' title='bbox 908 2745 1035 2790; x_wconf 80' lang='lat' dir='ltr'><strong>passim</strong></span> <span class='ocrx_word' id='word_1_401' title='bbox 1069 2753 1254 2785; x_wconf 87' lang='lat' dir='ltr'><strong>concussa,</strong></span> <span class='ocrx_word' id='word_1_402' title='bbox 1288 2741 1432 2784; x_wconf 90' lang='lat' dir='ltr'><strong>locoque</strong></span> <span class='ocrx_word' id='word_1_403' title='bbox 1455 2738 1598 2779; x_wconf 80' lang='lat' dir='ltr'><strong>dimota,</strong></span> 
     </span>
     <span class='ocr_line' id='line_1_43' title="bbox 122 2782 1596 2837; baseline -0.002 -17"><span class='ocrx_word' id='word_1_404' title='bbox 122 2782 222 2825; x_wconf 79' lang='lat' dir='ltr'><strong>iura,</strong></span> <span class='ocrx_word' id='word_1_405' title='bbox 245 2783 360 2829; x_wconf 77' lang='lat' dir='ltr'><strong>leges,</strong></span> <span class='ocrx_word' id='word_1_406' title='bbox 384 2795 427 2820; x_wconf 84' lang='lat' dir='ltr'><strong>ac</strong></span> <span class='ocrx_word' id='word_1_407' title='bbox 449 2792 543 2823; x_wconf 86' lang='lat' dir='ltr'><strong>totus</strong></span> <span class='ocrx_word' id='word_1_408' title='bbox 565 2789 714 2835; x_wconf 82' lang='lat' dir='ltr'><strong>Reipub.</strong></span> <span class='ocrx_word' id='word_1_409' title='bbox 737 2795 851 2826; x_wconf 84' lang='lat' dir='ltr'><strong>status</strong></span> <span class='ocrx_word' id='word_1_410' title='bbox 874 2801 1003 2837; x_wconf 85' lang='lat' dir='ltr'><strong>susque</strong></span> <span class='ocrx_word' id='word_1_411' title='bbox 1025 2789 1140 2835; x_wconf 85' lang='lat' dir='ltr'><strong>deque</strong></span> <span class='ocrx_word' id='word_1_412' title='bbox 1162 2792 1276 2824; x_wconf 78' lang='lat' dir='ltr'><strong>tracta</strong></span> <span class='ocrx_word' id='word_1_413' title='bbox 1300 2791 1391 2821; x_wconf 85' lang='lat' dir='ltr'><strong>sunt.</strong></span> <span class='ocrx_word' id='word_1_414' title='bbox 1441 2782 1596 2818; x_wconf 86' lang='lat' dir='ltr'><strong>Factiosi</strong></span> 
     </span>
    </p>
   </div>
  </div>
 </body>
</html>
