1800 3126
477 141 537 184 IN
572 140 776 185 LIBROS
810 139 929 185 VIII.
999 140 1076 184 DE
1102 140 1311 185 BELLIS.

210 257 294 282 mem
320 246 462 281 fratrem
487 248 523 280 et
542 246 752 291 Aspebedem
769 258 877 283 avun-

209 294 319 328 culum
334 293 364 335 l,
382 293 460 334 115,
476 294 510 327 7.
550 294 877 338 Adergudunbadem

209 339 300 373 fallit
318 350 360 373 ac
382 339 518 384 perimit
537 338 565 379 Ι,
585 340 660 381 118,
676 339 709 374 4.
757 340 876 385 ingra-

209 389 264 418 tus
282 387 318 418 et
334 384 482 418 crudelis
496 385 528 418 in
546 384 726 419 Mebodem
749 385 777 429 Ι,
795 388 874 429 118,

207 432 264 465 22.
311 430 495 463 Iustiniano
519 430 694 464 victoriam
710 431 875 465 Vandali-

208 487 282 510 cam
296 476 500 521 gratulatur,
525 481 561 510 et
575 477 618 510 ab
637 488 678 510 eo
698 477 873 522 pecuniam

208 521 301 555 elicit
314 521 343 563 1,
359 522 437 564 137,
454 524 508 557 11.
554 522 812 557 Alamundarum
829 523 875 558 ad

207 567 417 612 praebendas
446 567 526 601 belli
544 579 664 602 causas
686 568 815 603 inducit
842 569 872 612 I,

209 612 286 656 154,
302 613 334 647 5.
376 613 562 647 Iustiniana
579 614 739 648 violatam
755 626 872 660 pacem

207 658 322 692 obiicit
344 659 372 702 Ι,
397 659 475 702 155,
493 659 545 694 16.
571 661 647 701 197,
665 660 718 694 12.
765 660 874 704 legati

204 704 344 748 Vittigis
359 716 435 738 eum
450 705 493 739 ad
509 705 631 739 bellum
647 705 826 740 hortantur
844 707 874 749 Ι,

206 750 286 790 156,
309 752 366 786 20.
389 750 432 793 11,
454 751 535 793 237,
559 749 613 785 14.
662 756 699 785 et
722 751 874 786 Armenii

206 796 234 837 1,
251 796 328 837 163,
343 797 376 830 8.
399 795 528 830 invidia
543 796 732 831 stimulatus
749 798 775 840 l,
794 798 873 839 158,

204 842 238 875 6.
280 841 404 875 bellum
417 842 452 875 in
467 842 566 877 Rom.
582 842 734 876 decernit
747 843 776 884 Ι,
795 844 873 885 166,

206 887 263 921 17.
308 887 498 920 lustiniano
519 899 581 932 per
606 888 722 922 literas
747 888 872 922 dehor-

203 932 305 974 tanti,
323 932 404 966 nihil
419 933 576 966 rescribit
589 933 616 973 Ι,
636 935 713 975 169,
729 935 765 969 7.
793 936 870 976 170,

206 979 262 1012 19.
307 978 422 1012 Prima
447 979 519 1012 eius
540 979 683 1024 irruptio
710 979 744 1013 in
772 980 869 1015 Rom.

202 1022 379 1068 imperium
404 1023 442 1066 I,
469 1026 547 1066 171,
569 1027 602 1060 2.
652 1025 805 1060 Circesio
831 1037 872 1060 ac

204 1069 358 1103 Zenobia
382 1069 532 1104 abstinet
561 1071 591 1112 1,
611 1072 688 1111 171,
709 1073 764 1106 11.
813 1083 872 1105 ιιι·-

204 1115 280 1150 bem
293 1116 384 1149 Sura
399 1127 418 1149 ο
444 1121 575 1161 pugnat
590 1116 617 1158 Ι,
636 1118 713 1159 172,
729 1118 763 1152 5.
792 1118 871 1152 dolo

204 1161 298 1206 capit
317 1172 359 1195 ac
383 1161 425 1195 de
438 1166 474 1195 et
498 1162 526 1203 I,
554 1162 631 1204 174,
647 1163 683 1197 7.
729 1163 871 1209 Euphe-

204 1206 303 1240 miam
312 1207 478 1240 Surenam
491 1218 631 1241 uxorem
646 1207 740 1242 ducit
757 1209 782 1253 l,
796 1211 874 1252 175,

201 1253 236 1286 9.
259 1253 413 1296 captivos
425 1252 537 1296 pretio
548 1253 685 1287 dimittit
697 1254 724 1295 Ι,
735 1255 871 1299 175,19.

201 1297 383 1343 Hieropoli
399 1299 574 1343 pecuniam
588 1298 734 1345 imperat
750 1300 778 1342 Ι,
792 1302 871 1343 180,

202 1344 237 1378 7.
270 1344 438 1378 Beroeam
454 1344 544 1390 capit
557 1344 587 1388 I,
606 1346 684 1385 183,
707 1346 762 1381 15.
798 1346 871 1380 eius

202 1388 247 1422 ad
266 1389 366 1434 episc.
385 1389 511 1434 Megan
531 1392 641 1424 oratio
671 1391 698 1432 1,
719 1392 795 1437 183,
817 1392 871 1426 15.

201 1434 416 1469 Antiochiam
432 1436 570 1470 obsidet
587 1437 616 1480 l,
636 1437 711 1480 186,
728 1437 761 1471 5.
807 1448 871 1482 op-

201 1484 331 1525 pugnat
353 1481 382 1522 1,
399 1482 476 1523 187,
495 1482 529 1516 3.
575 1482 667 1526 capit
691 1482 719 1526 1,
739 1483 816 1524 189,
836 1484 870 1518 7.

201 1526 274 1560 eius
297 1526 408 1560 oratio
431 1527 474 1560 ad
496 1527 631 1571 legatos
656 1528 752 1561 Rom.
771 1528 873 1572 plena

203 1572 306 1606 fictae
320 1571 570 1607 misericordiae
585 1574 614 1615 1,
633 1574 711 1615 191,
731 1574 785 1608 19.
817 1574 872 1608 in-

201 1618 334 1662 genium
352 1629 392 1651 ac
409 1629 518 1652 mores
534 1619 562 1661 Ι,
579 1619 657 1660 192,
675 1620 726 1653 19.
754 1619 871 1654 urbem

202 1663 375 1697 exscindit
390 1663 418 1705 Ι,
432 1665 510 1706 194,
525 1666 557 1698 8.
587 1674 660 1697 cur.
677 1664 724 1704 ΙΙ,
740 1664 820 1707 490,
835 1666 871 1701 3.

203 1709 379 1754 pecuniam
403 1710 491 1754 petit
509 1721 653 1743 annuam
673 1721 693 1743 a
710 1710 873 1746 Romanis

200 1755 230 1796 I,
250 1756 329 1797 198,
346 1756 378 1790 1.
426 1766 544 1799 pacem
566 1754 723 1789 concedit
744 1756 774 1796 Ι,
793 1758 872 1799 198,

203 1802 260 1836 17.
285 1800 320 1834 in
337 1799 420 1834 mari
436 1801 542 1842 lavat,
558 1800 633 1834 Soli
647 1801 874 1846 nymphisque

200 1846 375 1880 sacrificat
396 1846 430 1889 1,
459 1847 542 1890 199,
571 1846 603 1881 5.
652 1850 824 1891 Apameae
850 1859 871 1881 a

201 1892 337 1926 Thomu
360 1891 522 1926 Antistite
545 1895 711 1938 exceptus
736 1893 764 1937 l,
790 1894 871 1935 201,

201 1938 256 1972 23.
281 1937 442 1982 templum
458 1937 587 1982 expilat
602 1938 632 1980 1,
644 1938 723 1979 202,
733 1939 766 1974 9.
792 1938 871 1973 Cir-

202 1982 359 2016 censibus
379 1983 524 2016 interest
540 1984 703 2027 favetque
717 1984 871 2018 Prasinis

202 2027 232 2070 Ι,
246 2029 328 2073 203,
346 2029 399 2063 13.
438 2028 575 2062 Persam
592 2034 821 2074 stupratorem
836 2029 871 2064 in

201 2085 336 2107 crucem
360 2073 433 2117 agit
457 2074 484 2116 Ι,
508 2072 588 2115 204,
611 2076 644 2109 6.
691 2075 870 2121 pecuniam

201 2119 310 2163 exigit
328 2130 348 2153 a
370 2118 649 2154 Chalcidensibus
670 2120 699 2163 I,
715 2122 796 2164 204,
815 2121 868 2158 15.

201 2165 414 2210 Euphratem
439 2164 564 2199 traiicit
589 2165 618 2207 1,
640 2166 720 2209 205,
746 2168 779 2202 7.
827 2167 871 2200 de

202 2210 387 2245 obsidenda
395 2210 527 2245 Edessa
537 2211 667 2256 cogitat
682 2212 712 2253 Ι,
721 2212 802 2256 205,
814 2213 870 2248 17.

201 2267 275 2290 eam
291 2256 381 2302 petit
394 2259 434 2289 ut
450 2256 619 2291 Christum
634 2258 714 2292 falsi
730 2257 870 2292 convin-

201 2307 258 2336 cat
273 2302 302 2344 Ι,
317 2302 398 2344 209,
415 2302 470 2337 16.
508 2303 668 2337 multatus
683 2314 704 2337 a
718 2304 794 2344 deo,
811 2314 869 2338 sa-

200 2347 247 2382 tis
261 2347 366 2382 habet
378 2347 552 2392 pecuniam
567 2348 705 2393 exigere
721 2349 745 2389 Ι,
754 2350 870 2393 210,1.

202 2393 522 2428 Chosroantiocham
539 2394 656 2429 condit
675 2395 704 2437 Ι,
717 2396 799 2438 214,
817 2397 870 2430 12.

200 2438 328 2474 Daram
351 2439 480 2474 frustra
507 2440 644 2474 obsidet
668 2440 698 2483 Ι,
725 2442 807 2484 212,
833 2441 868 2476 8.

200 2485 324 2518 iterum
345 2489 446 2530 parat
468 2485 504 2519 in
525 2486 685 2520 ditionem
702 2487 800 2520 Rom.
821 2486 870 2519 ir-

200 2541 359 2576 rumpere
386 2531 415 2574 Ι,
436 2531 516 2573 222,
530 2534 566 2567 2.
612 2532 647 2566 in
672 2531 869 2566 Colchidem

201 2576 725 2659 imfssssiissssaoiiiieidf‘ffie‘
743 2579 774 2660 ¹÷
789 2578 871 2657 2222

227 2646 237 2657 0
619 2650 628 2667 ,
719 2651 729 2669 ’
778 2649 787 2658 Ι

198 2668 418 2758 ξῗέἓέᾰξίἑᾶὲ
430 2669 868 2758 ῗὲἳὶᾲῗξᾱὲξῗῗῗὲἒὲᾓὲἶ

197 2757 302 2792 tertia
319 2758 392 2792 eius
407 2758 551 2805 irruptio
566 2761 601 2795 in
617 2761 704 2796 fines
720 2761 820 2795 Rom.
838 2761 869 2804 Ι,

1529 137 1629 186 487

965 248 1020 282 tat
1033 245 1062 290 Ι,
1076 247 1156 290 239,
1171 247 1225 283 11.
1269 247 1401 282 frustra
1413 247 1631 295 Sergiopoliu

964 297 1080 328 tentat
1092 294 1120 335 Ι,
1135 292 1216 336 240,
1229 294 1265 329 4.
1311 303 1410 327 sacro
1425 294 1631 339 Hierosoly-

964 351 1092 374 morum
1116 340 1277 374 thesauro
1302 339 1411 373 inhiat
1433 339 1470 381 Ι,
1491 341 1571 384 241,
1595 342 1631 377 3.

965 385 1114 430 legatum
1128 385 1231 419 mittit
1246 385 1288 420 ad
1303 385 1497 420 Belisarium
1510 386 1538 428 I,
1548 387 1629 428 243,

965 433 998 468 1.
1044 431 1132 466 illius
1152 431 1285 466 nomine
1310 431 1451 466 territus
1477 432 1633 466 abscedit

963 476 994 519 Ι,
1001 477 1080 521 246,
1087 478 1145 514 20.
1170 477 1366 512 Callinicum
1383 476 1489 511 diruit
1503 477 1532 520 Ι,
1546 477 1629 520 248,

965 525 1020 558 11.
1070 523 1113 557 de
1139 527 1263 568 quarta
1287 523 1475 570 irruptione
1501 523 1630 567 cogitat

962 568 993 610 I,
1009 568 1089 612 259,
1100 571 1155 605 13.
1177 573 1313 604 tenetur
1327 573 1425 616 peste
1439 570 1514 604 eius
1529 580 1631 603 exer-

964 614 1050 648 citus
1074 615 1103 657 1,
1128 616 1207 657 261,
1233 617 1290 651 11.
1338 620 1461 661 quarta
1483 614 1629 660 irruptio

963 671 1031 693 non
1044 664 1113 694 tam
1127 661 1161 694 in
1169 661 1354 704 Romanos,
1365 671 1465 707 quam
1479 660 1514 695 in
1529 661 1630 695 deum

964 705 1235 740 Christianorum
1250 707 1279 750 Ι,
1291 709 1370 751 267,
1383 707 1438 742 15.
1460 707 1629 742 Edessam

962 751 1096 786 obsidet
1109 753 1191 786 ibid.
1223 753 1398 797 pecuniam
1411 752 1562 787 obsessis
1576 752 1628 786 in-

961 802 1095 842 gentem
1111 797 1254 843 imperat
1275 799 1304 839 I,
1324 800 1405 841 269,
1423 799 1476 834 18.
1521 809 1630 844 agge—

961 854 1033 878 rem
1059 843 1189 878 excitat
1214 844 1244 886 1,
1261 845 1342 889 270,
1357 846 1390 879 7.
1437 856 1541 890 saepe
1565 845 1630 879 ob-

961 900 1283 969 3322350355‘32535
1298 890 1330 977 1¹‚’
1343 890 1427 981 {8⁷35
1440 893 1494 972 ff.
1503 895 1630 970 ⁸333.-

962 980 1013 1061 2Ῑέ
1016 981 1380 1061 ⁵1333532513382132355
1408 982 1630 1062 steiiiwff

962 1072 1121 1107 Lazicam
1144 1073 1208 1107 sibi
1228 1083 1382 1108 asserere
1401 1053 1576 1107 etintendit
1600 1073 1631 1116 Ι,

962 1119 1042 1161 283,
1057 1120 1088 1155 2.
1136 1119 1259 1163 quibus
1282 1119 1325 1152 de
1349 1119 1460 1153 causis
1485 1120 1532 1160 11,
1547 1119 1630 1161 489,

961 1165 1017 1199 22.
1066 1164 1206 1199 classem
1226 1164 1295 1198 illic
1312 1164 1384 1198 vult
1400 1165 1582 1199 aedificare
1600 1165 1631 1208 Ι,

962 1210 1042 1252 286,
1061 1210 1115 1244 16.
1151 1210 1268 1256 copias
1283 1221 1325 1244 eo
1340 1210 1489 1244 destinat
1503 1211 1533 1253 Ι,
1550 1212 1630 1252 288,

964 1257 1018 1289 11.
1064 1255 1192 1290 Daram
1207 1256 1303 1289 irrito
1319 1262 1444 1290 conatu
1457 1261 1572 1290 tentat
1586 1257 1633 1298 II,

960 1300 1042 1343 489,
1062 1303 1090 1335 1.
1137 1301 1404 1336 valetudinarius
1418 1302 1464 1344 ΙΙ,
1479 1302 1559 1345 504,
1576 1303 1631 1336 11.

961 1345 996 1379 in
1015 1346 1186 1380 tribunum
1203 1348 1366 1381 medicum
1382 1347 1559 1382 munificus
1582 1347 1630 1390 ΙΙ,

961 1393 1042 1436 505,
1060 1393 1094 1427 8.
1140 1393 1374 1427 Anatozadum
1389 1393 1493 1427 filium
1516 1393 1632 1427 rebel-

961 1437 1027 1471 lem
1044 1449 1110 1483 qua
1127 1449 1236 1483 poena
1250 1440 1408 1474 affecerit
1421 1439 1469 1481 ΙΙ,
1483 1439 1564 1482 505,
1577 1438 1631 1474 15.

962 1483 1006 1516 ad
1034 1484 1255 1518 Iustinianum
1284 1485 1386 1519 mittit
1410 1485 1558 1530 legatum
1584 1484 1632 1527 ΙΙ,

964 1530 1042 1572 506,
1060 1531 1094 1564 8.
1142 1530 1241 1564 huius
1255 1530 1476 1576 interpretem
1494 1531 1558 1564 sibi
1573 1541 1634 1564 su-

963 1580 1117 1620 spectum
1133 1576 1258 1610 occidit
1274 1577 1317 1619 ll,
1334 1578 1413 1618 507,
1431 1578 1461 1612 1.
1505 1577 1633 1610 Roma-

963 1631 1025 1653 nos
1049 1622 1234 1666 vectigales
1259 1622 1362 1656 habet
1393 1623 1439 1662 ΙΙ,
1466 1622 1547 1664 538,
1573 1623 1631 1658 22.

962 1666 1140 1700 confirmat
1153 1667 1306 1702 inducias
1327 1668 1372 1710 Π,
1388 1667 1470 1710 548,
1484 1669 1518 1704 3.

916 1733 1104 1768 Christiani
1127 1735 1303 1780 gentilium
1326 1735 1453 1781 templa
1468 1736 1531 1770 deo
1550 1747 1633 1770 con-

962 1780 1150 1834 secrant-l,
1167 1781 1223 1823 84,
1242 1783 1295 1816 12.
1343 1781 1511 1815 Edessam
1533 1781 1632 1816 inex-

962 1826 1565 1906 iziii'sii'ssffluss‘ii‘ffiiig‘mi’uififl
1577 1830 1633 1906 ἲῗζ

963 1917 1012 1950 cis
1025 1917 1174 1951 excludit
1182 1918 1368 1964 Procopius
1375 1918 1520 1952 Arianos
1529 1918 1634 1952 alios-

962 1973 1031 2007 que
1051 1962 1277 2008 Haereticos,
1301 1966 1337 1998 et
1359 1963 1436 1997 illos
1461 1964 1634 2008 significat

963 2019 1048 2052 quos
1064 2013 1164 2042 vocat
1178 2014 1274 2043 recte
1290 2009 1476 2044 sentientes
1501 2011 1529 2052 Ι,
1550 2011 1633 2052 398,

965 2054 1018 2089 19.
1065 2066 1179 2089 eorum
1195 2055 1332 2089 oracula
1349 2055 1545 2100 evangelia,
1570 2067 1632 2101 per

963 2109 1051 2144 quae
1067 2104 1103 2133 et
1116 2100 1229 2134 iurant
1244 2101 1272 2142 Ι,
1287 2100 1367 2143 504,
1382 2102 1436 2136 18.
1461 2101 1634 2135 Christia-

963 2156 1006 2179 na
1024 2145 1145 2190 religio
1162 2146 1310 2180 sanctior
1327 2146 1355 2190 I,
1372 2148 1429 2190 78,
1445 2148 1479 2182 9.
1528 2148 1635 2193 pietas

962 2190 1053 2224 circa
1083 2193 1209 2226 festum
1232 2192 1400 2226 Paschale
1426 2193 1461 2233 Ι,
1484 2194 1551 2236 91,
1579 2194 1635 2230 19.

962 2237 1149 2276 moderatio
1173 2237 1313 2272 maxime
1337 2238 1450 2272 elucet
1465 2237 1498 2272 in
1514 2250 1632 2272 mona-

961 2283 1034 2317 chis
1060 2284 1098 2327 Ι,
1122 2284 1180 2326 37,
1207 2285 1240 2319 9.
1289 2284 1476 2319 Christiani
1502 2284 1632 2330 optimi,

961 2329 1079 2363 Iberes
1103 2329 1132 2374 Ι,
1150 2330 1208 2373 56,
1228 2331 1286 2366 22.
1334 2334 1370 2363 et
1393 2330 1480 2364 Lazi
1506 2331 1535 2371 l,
1550 2331 1632 2371 283,

960 2375 1018 2409 20.
1063 2375 1265 2409 Homeritae
1280 2387 1300 2410 a
1315 2375 1450 2409 Iudaeis
1466 2376 1581 2410 vexati
1603 2377 1617 2409 1
1621 2402 1630 2417 ‚

963 2419 1041 2462 104,
1059 2421 1112 2456 12.
1159 2421 1237 2455 Afri
1261 2433 1282 2455 a
1299 2421 1461 2456 Vandalis
1484 2421 1631 2455 crudeli-

961 2470 1015 2499 ter
1036 2466 1243 2511 indigneque
1270 2467 1377 2501 habiti
1402 2467 1439 2509 Ι,
1462 2467 1551 2507 344,
1574 2468 1632 2501 22.

960 2511 1041 2554 345,
1059 2513 1112 2547 18.
1136 2512 1216 2560 347,
1236 2514 1291 2549 18.
1318 2512 1468 2557 elingues
1483 2513 1630 2557 loquun-

962 2562 1018 2591 tur
1035 2558 1064 2600 Ι,
1079 2559 1160 2600 345,
1177 2560 1210 2593 2.

915 2613 1101 2648 Cmus'rus
1119 2619 1242 2661 sponte
1256 2617 1408 2648 mortuus
1426 2613 1461 2647 in
1479 2624 1580 2647 cruce
1603 2613 1629 2655 l,

959 2661 1042 2703 200,
1060 2662 1114 2696 19.
1154 2661 1238 2694 deus
1253 2666 1305 2694 est
1318 2670 1358 2693 ac
1374 2659 1492 2693 merito
1507 2659 1630 2693 dicitur

960 2705 1092 2752 Sophia
1116 2707 1143 2750 1,
1161 2707 1241 2749 339,
1263 2707 1320 2741 22.
1368 2704 1413 2741 de
1437 2716 1477 2739 eo
1501 2705 1628 2739 dictum

960 2751 1131 2786 Cabaonis
1145 2752 1174 2795 Ι,
1190 2751 1272 2793 348,
1290 2753 1344 2785 11.
1375 2751 1454 2785 vide
1470 2750 1581 2785 Iasus.

198 2804 325 2847 239,1.
349 2803 538 2841 Candidum
555 2806 659 2853 episc.
677 2807 764 2842 male
780 2807 866 2842 mul·
915 2807 1059 2844 Ciconia
1078 2819 1120 2843 ex
1140 2806 1314 2853 Aquileiae
1331 2806 1419 2843 turri
1436 2817 1511 2842 cum
1530 2807 1628 2854 pullis
