1800 3126
290 133 387 178 570

289 237 530 318 Brggpcionem
562 251 621 275 cur
635 242 806 288 suspendit
822 243 991 279 Chosroes

290 335 405 379 Βροιοὶ
422 339 638 374 suburbanum
653 342 732 376 431.

290 382 399 415 Buzes
415 384 479 416 dux
495 387 659 419 exercitus
674 387 749 421 356.

289 427 442 460 Cabades
459 430 632 462 Persarum
656 442 714 464 rex
730 432 810 467 452.

287 471 446 506 Caesaris
463 479 496 505 et
512 474 716 509 Nobilissimi
747 488 789 510 an
807 477 921 512 eadem
935 479 989 513 di-

331 517 438 559 gnitas
458 519 533 551 390.

285 561 461 594 Callinicus
479 563 675 597 Praefectus
686 564 822 600 Ciliciae
837 566 916 604 434.

284 606 473 646 Canicuhns,
490 607 567 650 quid
583 609 661 643 367.

285 650 386 682 Canis
403 651 570 686 adulteras
594 654 704 696 prodit
719 654 796 689 435.

283 695 468 738 Carpianus
484 697 648 732 Patricius
665 710 686 731 a
697 700 875 735 Theodora
896 702 987 737 oeci-

329 750 384 771 sus
403 740 481 774 434.

282 783 480 818 cassinense
490 785 695 830 privilegium
706 787 889 833 Iustiniani,
905 802 986 837 sup-

328 829 508 872 posititium
523 832 598 866 366.
616 833 692 866 4‘40.

281 873 432 906 Catomis
447 875 540 907 caedi
559 876 636 919 quid
653 877 696 910 sit
712 876 789 913 436.

282 918 441 950 Censitor
462 920 535 953 sive
552 920 739 964 Logotheta
760 923 838 958 454.

281 962 483 997 Centenaria
499 966 714 1010 praescriptio
727 968 888 1003 Ecclesiis
906 969 985 1005 data

326 1008 403 1040 464.
419 1013 455 1042 et
477 1015 636 1043 revocata
658 1012 734 1045 ibid.

282 1051 526 1094 Centenarium,
541 1055 617 1097 quid
633 1056 711 1089 351.

281 1096 366 1128 cete
381 1098 551 1139 Byzantiis
572 1099 723 1134 infestum
738 1101 814 1135 452-

282 1141 449 1175 Οὴοεϊοὸε
465 1155 524 1176 rex
546 1144 765 1189 Philosophus
789 1147 868 1181 439.
884 1146 982 1181 Iusti-

327 1186 414 1218 niani
436 1188 553 1221 fastum
578 1191 757 1223 contemnit
779 1191 854 1227 400.

281 1230 461 1264 Christiani
483 1243 503 1265 a
533 1233 587 1266 die
618 1245 742 1268 coenae
772 1235 898 1268 Christi
938 1238 982 1271 ad

325 1277 452 1309 Pascha
462 1277 618 1311 neminem
627 1279 771 1313 salutant
780 1282 858 1315 392.
869 1292 983 1316 eorum

322 1321 488 1354 amicitiae
521 1323 646 1356 Christi
676 1325 837 1368 sanguine
858 1327 981 1360 confir-

322 1371 430 1398 matae
454 1367 532 1400 371.

276 1409 503 1452 Chrysomalla
512 1412 886 1455 meretrix,Theodorae
894 1415 980 1460 Aug.

324 1455 429 1488 amica
445 1457 520 1492 380.

278 1498 398 1531 Cicero
414 1501 545 1544 scripsit
568 1497 749 1535 α’νέκδοτα
765 1503 844 1537 348.

276 1544 469 1585 Cinnabari,
484 1546 555 1579 sive
572 1547 683 1579 colore
699 1557 877 1592 purpureo,
893 1549 980 1582 scri-

322 1587 401 1621 bunt
418 1590 638 1633 Imperatores
653 1592 730 1625 367.

275 1631 479 1666 Circensium
491 1635 679 1677 aurigarum
703 1636 796 1679 origo
808 1663 818 1679 ‚
848 1637 977 1671 colores

320 1677 466 1718 diversi,
482 1679 607 1722 flagitia
617 1681 693 1715 373.
710 1681 873 1715 factiones
895 1693 978 1726 qua-

321 1726 397 1754 tuor
411 1723 498 1760 372...

272 1765 362 1799 Circi
379 1773 413 1800 et
423 1767 562 1802 Theatri
571 1768 705 1803 licentia
718 1769 751 1802 in
762 1770 975 1805 lastinianum

271 1866 446 1909 collectio,
462 1879 576 1902 nomen
591 1869 802 1912 magistratus
817 1869 896 1906 451.

273 1911 388 1952 Color,
405 1924 469 1955 quo
492 1914 638 1947 scribunt
662 1915 882 1958 imperatores
897 1917 973 1952 367.

316 1957 502 1990 colooribus
519 1969 578 1991 cur
593 1960 735 1992 distincti
751 1959 887 2002 aurigae
897 1963 974 1995 373.

274 2001 399 2034 Comae
421 2003 607 2036 tondendae
631 2004 761 2038 diversa
783 2005 868 2037 ratio
894 2007 972 2040 373.

318 2057 442 2079 comam
454 2047 622 2091 deponunt
637 2049 803 2090 monachi,
826 2050 974 2084 nutriunt

316 2091 483 2124 Eremitae
504 2093 580 2127 351.
629 2098 663 2127 et
695 2093 785 2127 Laici
800 2118 812 2135 ‚
848 2095 908 2128 sed
932 2095 974 2129 ad

316 2135 426 2168 luxum
443 2135 522 2169 ibid.

274 2179 394 2212 Comes
403 2181 687 2215 Praetorianorum
698 2182 972 2218 etExcubitorum

272 2279 449 2312 Comitona
469 2279 673 2314 Theodorae
687 2292 796 2327 soror,
815 2287 850 2317 et
864 2284 972 2318 Sittae

316 2323 453 2358 Comitis
472 2335 555 2357 uxor
570 2326 646 2359 378.

270 2369 476 2402 Commercia
491 2369 743 2404 Publicanorum
759 2371 838 2407 458.

269 2414 453 2447 Concilium
476 2413 631 2447 Chalced.
645 2415 823 2450 Theodora
838 2417 972 2452 damnat

269 2513 522 2557 consistorium,
540 2513 614 2556 quis
626 2514 716 2548 locus
729 2515 807 2551 456.

268 2559 505 2591 Constantinus
522 2559 640 2592 Comes
662 2560 804 2603 stabuli,
829 2566 965 2597 necatur

314 2614 333 2635 a
345 2603 501 2636 Belisario
516 2604 592 2637 349.

269 2647 502 2681 Constantinus
521 2649 688 2688 Quaestor
701 2648 776 2683 446.

270 2693 472 2726 Constitutio
504 2693 617 2726 Iustini
660 2698 697 2726 et
723 2693 895 2728 Iustiniani
927 2697 970 2731 de

314 2737 517 2772 scenitarum
528 2738 650 2783 nuptiis
660 2738 872 2783 distinguitur
893 2742 972 2779 386.

799 139 977 182 INDEX
1005 140 1066 183 IN
1100 143 1280 187 NOTAS

1079 247 1158 324 3δὸξί.
1176 259 1278 294 saepe
1293 260 1314 284 a
1337 251 1520 290 Iustiniano
1541 257 1737 293 confirmata

1080 303 1091 323 l
1116 304 1136 324 l(
1148 317 1156 326 ο

1035 335 1298 372 Constitutiones
1315 341 1438 385 aliquot
1452 344 1567 379 Iustini
1583 351 1617 380 et
1630 347 1734 381 Iusti-

1079 381 1164 414 niani
1180 383 1264 416 falso
1285 383 1462 431 inscriptae
1481 391 1555 424 186.

1035 425 1196 460 Consules
1215 428 1362 463 Orientis
1383 436 1416 465 et
1431 433 1643 477 Occidentis,⁴
1655 437 1734 472 licet

1076 469 1110 502 in
1128 471 1239 505 Fastis
1258 474 1323 506 duo
1340 475 1422 516 sint,
1439 489 1497 511 cur
1513 489 1612 517 unum
1625 483 1733 527 scrip-

1077 519 1169 548 tores
1192 517 1358 552 nominent
1372 521 1449 555 459.
1466 522 1547 560 eius,
1565 525 1656 560 cuius
1671 539 1733 559 no-

1075 571 1149 593 men
1164 560 1323 605 ignotum,
1340 566 1460 598 mentio
1475 572 1513 600 nt
1527 569 1568 601 fit
1580 569 1658 604 ibid.
1674 583 1733 605 cur

1074 604 1147 637 illos
1161 606 1306 640 abolevit
1328 609 1526 645 lastinianus
1551 613 1625 646 ibid.
1642 615 1733 649 Con-

1078 650 1166 682 sules
1183 651 1385 687 codicillares
1399 666 1456 688 seu
1475 656 1639 692 honorarii
1653 661 1732 695 351.

1075 693 1189 727 horum
1206 697 1336 731 nomina
1350 699 1445 733 fastis
1467 711 1533 736 non
1547 702 1731 738 inscribun-

1074 742 1129 771 tur
1150 740 1228 774 352.

1030 781 1199 862 cog-{gpus
1223 785 1361 830 frigidus
1382 787 1556 824 Iustiniani
1569 791 1731 827 <laudator

1028 871 1180 906 Coronae
1195 874 1228 907 in
1243 875 1391 911 manibus
1409 880 1443 912 et
1457 878 1619 925 capitibus
1634 883 1730 928 puel-

1074 917 1177 951 larum
1193 920 1271 953 379.

1029 961 1189 1006 Corporis
1211 964 1368 998 custodes
1379 966 1435 1010 qui
1463 968 1542 1004 363.
1564 969 1641 1005 455.

1030 1006 1140 1084 Gurg3
1155 1007 1267 1051 palatii
1306 1009 1392 1044 idem
1435 1012 1493 1056 qui
1529 1013 1731 1060 Curopalata

1028 1095 1211 1130 Curatores
1263 1097 1515 1140 Dominiearntn,¹
1559 1102 1729 1139 domorum
1767 1104 1770 1107 ⁴

1028 1184 1253 1228 Curopalatae
1277 1198 1394 1222 nomen

1072 1236 1142 1262 tum
1159 1231 1238 1265 447.

1029 1274 1230 1318 Curopalata
1250 1275 1376 1309 Aedilis
1390 1277 1641 1322 363.Militaris,
1658 1281 1729 1326 pri-

1070 1330 1143 1352 mus
1158 1323 1233 1363 post
1254 1319 1484 1365 imperatorem
1500 1325 1631 1368 quando
1655 1337 1729 1360 esse

1072 1364 1183 1407 coepit
1211 1364 1290 1398 364.
1319 1376 1361 1398 an
1391 1365 1522 1410 dignior
1551 1370 1726 1405 Praefecto

1069 1408 1185 1443 Praet.
1209 1408 1286 1443 ibid.
1309 1409 1513 1455 Curopalata
1534 1413 1727 1451 honorarius

1068 1452 1147 1486 ibid.

1026 1496 1190 1530 Custodes
1207 1497 1325 1531 Palatii
1340 1499 1419 1533 363.

1023 1540 1157 1586 Cyprus
1181 1552 1222 1574 an
1245 1543 1388 1575 secunda
1407 1543 1453 1578 sit
1474 1545 1666 1592 Iustiniana,
1689 1550 1725 1584 et

1068 1585 1175 1629 patria
1197 1586 1396 1620 Theodorae
1410 1589 1488 1624 378.

1023 1630 1168 1672 Cyrillus
1194 1630 1359 1674 Magister
1372 1633 1509 1667 militum
1531 1635 1610 1670 436.

1021 1673 1170 1707 Daemon
1184 1674 1248 1752 dic}
1265 1676 1352 1709 solet
1376 1677 1562 1724 quicunque
1575 1682 1723 1716 nefarius

1066 1718 1160 1751 homo
1180 1719 1220 1752 41
1250 1743 1259 1754 .

1019 1762 1276 1798 Daemonodora
1291 1763 1379 1799 dicta
1387 1768 1439 1800 est
1446 1767 1625 1804 Theodora
1631 1771 1719 1817 Aug.

1019 1851 1127 1885 Daras
1152 1852 1231 1885 urbs
1247 1853 1334 1886 unde
1359 1853 1447 1888 dicta
1468 1855 1547 1892 411.

1018 1896 1258 1930 Demosthenes
1274 1898 1386 1931 Praef.
1406 1900 1515 1936 Praet.
1541 1902 1618 1945 410,
1641 1905 1720 1940 448.

1018 1942 1253 2019 Λεὲποινικαὶ
1290 1947 1325 1976 et
1365 1943 1574 1982 δεσποτικαὶ
1603 1949 1720 1984 domus

1018 2028 1217 2074 Δεξαμενὴ,
1232 2030 1310 2073 quid
1324 2031 1402 2066 354.

1016 2075 1186 2116 Diabolus,
1201 2076 1386 2119 quicunque
1400 2076 1546 2112 nefarius
1568 2079 1646 2117 415.

1018 2119 1177 2152 Diadema
1201 2119 1434 2154 lustinianeum
1450 2122 1527 2163 398,
1539 2125 1619 2159 428.

1016 2163 1215 2197 Diocletiani
1235 2165 1317 2208 1mp.
1332 2164 1466 2208 largitas
1479 2166 1512 2200 in
1521 2168 1717 2204 Alexandri-

1061 2219 1123 2241 nos
1137 2209 1216 2243 461.
1234 2208 1264 2243 ei
1294 2215 1504 2255 comparatur
1517 2213 1716 2251 lastinianus

1014 2297 1205 2340 Ditybistus
1226 2297 1345 2332 Iustini
1365 2299 1539 2335 commilito
1551 2302 1631 2339 361.

1014 2342 1193 2376 Domestici
1211 2342 1290 2380 456.
1516 2360 1518 2362 '

1015 2387 1144 2421 Domini
1159 2387 1236 2420 dicti
1252 2388 1474 2432 Imperatores
1493 2393 1529 2424 et
1549 2390 1713 2427 Dominae

1060 2433 1228 2474 Augustae
1243 2433 1322 2466 394.

1014 2475 1207 2509 Dominicae
1220 2477 1333 2510 domus
1345 2476 1425 2513 461.
1671 2508 1674 2513 .

1007 2520 1212 2554 Domitianus
1239 2521 1333 2554 addit
1362 2521 1494 2564 aurigas
1517 2525 1660 2562 Auratos
1675 2527 1710 2558 et

1052 2566 1253 2608 Argentatos
1267 2567 1344 2600 372.
1375 2567 1502 2600 eversis
1527 2566 1614 2602 illius
1641 2573 1711 2603 sta-

1054 2610 1121 2642 tuis
1157 2610 1252 2644 unica
1279 2622 1382 2645 aenea
1403 2619 1574 2656 supererat
1597 2619 1710 2648 aetate

1056 2654 1212 2699 Procopii
1227 2656 1305 2690 376.
1318 2687 1325 2692 ,
1486 2683 1489 2686 «
1693 2679 1695 2681 ·

1013 2699 1191 2732 Domnicus
1211 2699 1325 2734 praef.
1341 2698 1433 2734 urbis
1442 2700 1535 2746 883.θ

1014 2744 1139 2778 Domus
1153 2745 1355 2780 Iustinianea
1367 2747 1448 2783 398.

1425 1191 1556 1232 quando
1569 1197 1573 1208 ¹
1588 1202 1729 1238 usurpa-
