1800 3126
542 191 733 236 NOTAE
765 186 1062 236 ALEMANM.
1436 190 1535 242 435

34 297 39 301 ’
73 299 279 345 ἐδείκνυον
309 297 355 341 vd
390 298 560 341 αἰδοῖον.
624 298 776 352 ὅμοίως
812 298 857 341 δὲ
889 299 959 342 καὶ
997 299 1044 342 αἱ
1078 298 1238 354 ἔχουσαι
1272 298 1424 354 ἄνδρας
1462 301 1535 346 ἔοῖν

74 357 278 411 λαθραίως
313 354 562 409 ἕμοιχεύοντο
598 359 715 398 τοῦτο
752 357 914 410 ἐγίνετο.
971 357 1120 399 ἐκεῖναι
1152 355 1228 412 yde
1269 355 1398 408 εὕθῦς
1429 359 1535 413 ὦμο-

73 411 233 471 λόγουν,
287 412 318 465 ἡ
350 411 394 453 δὲ
422 411 719 468 γυναικαδελφὴ
757 410 970 455 Ἰουστίνου
998 417 1074 456 τοῦ
1101 410 1181 456 α’πό
1209 417 1537 469 Κουροπαλατοῖν

75 469 288 523 συνέτριψε
322 467 399 523 τήν
440 467 590 522 στήλην
627 468 693 511 διὰ
731 467 775 510 τὸ
810 469 878 510 καὶ
917 467 1041 524 αὐτῆς
1079 474 1260 524 φανῆναι
1295 470 1337 514 τὸ
1376 473 1536 514 αἰδοῖον

74 527 352 581 μοίχευθείσης
380 526 537 568 ἐκεῖθεν
565 525 818 579 διερχομένης
847 522 909 578 ἐφ’
935 528 1046 580 ἵππῳ
1076 528 1120 570 ἐν
1147 530 1206 569 wi
1232 525 1425 582 λούσματι
1453 533 1536 571 τῶν

74 585 326 636 Βλαχερνῶνε
363 584 551 636 Virgines·
579 586 673 622 vitii
700 591 909 635 suspectae
937 598 1030 622 cum
1058 571 1304 635 accederent,
1334 585 1538 638 siquidem

73 635 259 678 illibatae
288 648 434 688 essent,
464 655 596 678 secure
625 639 903 691 discedebant,
941 649 985 678 at
1014 655 1103 680 vero
1135 650 1419 694 corruptarum
1450 651 1539 680 sta-

73 697 149 734 tim
178 698 299 734 vestis
331 695 598 735 reducebatur
624 696 840 749 patesectis
862 696 1082 748 pudendis.
1144 700 1299 751 Nuptis·
1327 702 1448 737 etiam
1467 701 1540 751 fi-

72 753 217 801 minis,
254 767 359 804 quae
386 753 648 792 clandestinis
677 752 895 791 adulteriis
923 768 965 791 se
989 754 1246 806 foedassent,
1281 755 1386 794 idem
1410 757 1535 808 plane
1557 761 1588 795 A
1610 763 1656 798 84

73 807 233 855 accidit,
263 811 452 862 ipsaeque
473 813 615 848 statim
641 824 723 848 rem
737 811 886 860 fassae
908 818 1015 852 sunt.
1077 812 1286 850 Caeterum
1305 827 1419 850 soror
1438 828 1540 852 uxo-

72 867 133 903 rie
162 865 323 915 Iustini,
355 868 428 918 qui
451 874 543 918 post
573 881 712 904 curam
736 867 894 918 palatii
921 869 1136 919 imperium
1165 871 1280 920 cepit,
1310 883 1396 907 eam
1414 870 1539 908 Vene-

73 923 134 960 ris
161 929 344 960 statuam
373 925 593 961 comminui
621 925 768 961 iussit:
810 923 922 975 quod
950 932 987 961 et
1014 927 1119 974 eius,
1147 933 1244 977 post
1274 925 1539 972 adulterium,

63 976 267 1029 pudenda
295 979 446 1016 detecta
475 982 569 1029 sint,
601 993 693 1018 cum
722 978 814 1017 inde
835 983 1092 1032 praeteriret,
1122 989 1158 1019 et
1187 996 1289 1034 equo
1317 991 1451 1030 vecta,
1484 982 1543 1021 ad

72 1034 242 1072 balneae
282 1036 609 1074 Blaclzernianas
658 1037 993 1087 proficisceretur.
1073 1039 1140 1076 Sic
1179 1041 1300 1077 etiam
1341 1039 1541 1078 adulteras

71 1093 308 1144 vitiatasque
335 1094 510 1144 virgines
541 1091 808 1144 deprehensas
837 1095 1046 1132 Iustiniani
1081 1102 1261 1147 tempore
1291 1097 1399 1134 canis
1430 1096 1539 1134 indi-
1561 1102 1591 1136 P
1617 1102 1682 1139 151

74 1150 150 1196 cio,
181 1161 303 1200 quem
329 1162 382 1187 ex
410 1150 526 1187 Italia
554 1149 734 1188 Andreas
766 1149 930 1202 quidam
957 1164 1031 1202 per
1057 1153 1283 1202 provincias
1313 1152 1542 1190 circumdu—

73 1211 198 1253 ceret,
227 1213 389 1244 narrant
417 1205 713 1258 Theophanes,
742 1208 990 1256 Anastasius,
1022 1206 1237 1258 cedrenus,
1267 1206 1434 1247 historia
1463 1211 1543 1247 mi-

73 1261 219 1308 scena,
250 1269 291 1299 et
317 1263 468 1301 Paulus
496 1264 712 1301 Diaconus.

185 1320 232 1356 P.
257 1319 350 1366 103,
374 1322 416 1361 7.
474 1318 610 1358 Adita
628 1321 770 1357 statim
791 1320 1056 1373 imperatrice]
1091 1319 1212 1358 Cuius
1235 1321 1415 1359 favorem
1439 1328 1544 1361 certo

72 1374 151 1412 sibi
178 1375 485 1427 pollicerentur:
523 1389 619 1413 nam
647 1382 693 1414 ut
722 1383 780 1414 est
808 1377 837 1413 l.
869 1378 894 1416 3
923 1376 1020 1414 bell.
1048 1375 1184 1415 Gotth.
1218 1375 1248 1428 ἦ
1277 1377 1430 1429 βασιλὶς
1460 1378 1546 1419 ἐπε-

72 1428 197 1482 φύκει
236 1427 297 1471 ἀεὶ
328 1427 615 1484 δυστυχούσαις
654 1431 813 1485 γυναιξὶ
849 1434 1032 1484 βοηθεῖν.
1091 1433 1334 1484 Imperatrix
1365 1433 1546 1486 quodam

72 1494 248 1526 naturae
275 1489 475 1525 instinctu
505 1496 744 1539 comparata
774 1496 860 1526 erat
888 1487 948 1526 ad
964 1488 1268 1542 suscipiendum
1287 1491 1547 1543 afflictarum

74 1544 291 1582 mulierum
316 1546 604 1595 patrocinium.
915 1558 918 1560 ’

185 1601 233 1638 Ρ.
258 1601 361 1654 103,
394 1601 460 1643 15.
520 1598 618 1652 Ipsa
645 1602 916 1652 magistratus
945 1607 982 1638 et
1010 1599 1237 1639 sacerdotes
1264 1601 1439 1653 crearet]
1483 1603 1544 1640 De

75 1657 370 1708 magistratibus
399 1669 422 1694 a
451 1656 666 1695 Theodora
698 1657 940 1706 constitutis,
971 1658 1074 1695 infra
1098 1659 1329 1709 Procopius.
1390 1660 1450 1695 De
1477 1672 1544 1696 sa-

75 1712 323 1751 cerdotibus:
361 1714 505 1765 plenae
540 1721 631 1752 sunt
665 1712 865 1751 historiae.
924 1715 1138 1752 Primarias
1171 1716 1359 1752 ecclesias
1388 1722 1546 1752 tantum

74 1771 255 1807 nomino.
311 1771 495 1821 Byzantii
514 1769 753 1807 Anthimum
773 1768 1095 1822 Eutychianum,
1115 1771 1384 1808 Alexandriae
1404 1770 1546 1809 Theo-

77 1825 236 1864 dosium
274 1825 600 1863 Haeresiarcham
641 1827 765 1864 fovit:
808 1827 999 1864 Severum
1036 1826 1310 1864 Antiochenae
1353 1829 1545 1865 ecclesiae

74 1882 299 1920 invasorem
337 1881 634 1934 Acephalorum
672 1884 992 1933 Antesignanum
1039 1883 1329 1921 restituendum
1369 1886 1547 1921 curavit:

74 1939 250 1986 Romae,
283 1939 406 1977 eiecto
436 1939 630 1990 Sylverio,
660 1939 867 1989 vigilium,
897 1940 1093 1986 Belisarfi,
1124 1941 1428 1990 Antoninaeque
1459 1948 1547 1976 stu-

76 1993 153 2032 diis
182 1995 396 2046 praefecit3
439 2008 560 2046 quem
593 1993 644 2031 ad
675 1994 933 2031 evertendum
963 1993 1286 2032 Chalcedonense
1317 1997 1544 2044 concilium,

77 2052 117 2088 e't
144 2049 383 2088 Anthimum
411 2049 699 2098 revocandum,
730 2051 814 2088 fore
845 2057 1027 2102 paratum
1056 2052 1243 2102 speravit.

189 2109 235 2144 P.
265 2106 365 2155 104,
400 2108 445 2148 1ss
500 2107 750 2145 connubiale
788 2108 855 2143 ius
893 2114 1023 2143 totum
1056 2122 1175 2157 penes·
1209 2122 1249 2144 se
1277 2121 1358 2144 esse
1386 2106 1543 2158 voluit]

77 2162 184 2214 Lege
214 2164 243 2201 l.
271 2163 299 2203 3
330 2162 378 2200 de
407 2164 502 2200 bell.
531 2162 666 2201 Gotth.
697 2163 939 2200 Artabanem
966 2165 1095 2200 virum
1126 2164 1386 2211 consularem,
1418 2166 1545 2201 comi-

78 2225 162 2257 tem
194 2227 472 2271 praesentum,
516 2233 560 2256 ac
597 2219 893 2257 foederatorum
922 2221 1166 2271 principem,
1211 2227 1255 2256 ut
1293 2219 1545 2271 repudiatam

79 2274 235 2327 pridem
261 2289 431 2313 uxorem
461 2278 667 2327 acciperet,
698 2278 869 2313 invitum
897 2277 1181 2328 nolentemque
1206 2278 1347 2326 coegit.
1405 2279 1545 2314 Proie-

81 2338 185 2369 ctam
212 2334 421 2370 Iustiniani
450 2334 698 2384 imperatoris
719 2339 883 2383 neptem
905 2333 1096 2370 Artabani
1123 2332 1374 2385 desponsam,
1404 2335 1545 2371 Ioanni

80 2388 246 2440 Pompei
275 2389 356 2426 filio
388 2391 606 2439 coniungit.

190 2446 239 2482 P.
265 2445 356 2493 104,
383 2449 423 2487 7.
482 2446 699 2483 Leontium
719 2444 1049 2495 referendarium,
1078 2451 1114 2482 et
1139 2446 1421 2490 Saturninum,
1452 2445 1542 2496 etc.]

81 2499 242 2549 Omnes,
273 2513 372 2553 quos
402 2500 468 2539 hic
497 2503 690 2547 nominat,
722 2502 797 2538 viri
828 2508 920 2538 sunt
940 2503 1130 2552 primarii.
1188 2503 1247 2539 De
1270 2503 1437 2538 Leontio
1467 2502 1496 2538 l.
1518 2504 1544 2542 3

80 2554 178 2593 bell.
218 2556 353 2595 Gotth.
394 2561 463 2610 qui
502 2557 554 2595 ad
588 2556 918 2595 Theodebertmn
959 2570 980 2594 a
1018 2559 1236 2595 Iustiniauo
1277 2559 1431 2608 legatus
1472 2563 1545 2594 est.

82 2611 310 2652 Destinatus
350 2627 442 2652 cum
481 2616 570 2652 aliis
611 2614 660 2651 ad
701 2615 1021 2665 compilationem
1054 2614 1298 2665 digestorum
1328 2615 1462 2651 Const.
1495 2613 1545 2650 de

85 2668 191 2705 conf.
223 2671 262 2710 9.
318 2671 498 2709 Fortasse
529 2670 594 2708 hic
624 2677 683 2708 est
711 2671 779 2707 ille
811 2669 1079 2708 scholasticus
1111 2672 1180 2722 (ex
1210 2670 1272 2708 his
1303 2672 1410 2707 enim
1438 2670 1547 2707 refe-

84 2723 284 2775 rendarii)
325 2729 434 2765 ouius
465 2734 603 2765 extant
640 2728 934 2778 elegantissima
965 2729 1264 2779 epigrammata.
1321 2727 1433 2764 Alius
1471 2732 1544 2775 est,

85 2781 157 2831 qui
184 2781 257 2818 sub
286 2783 501 2822 Iustiniana
528 2785 684 2835 scripsit
714 2783 762 2821 de
794 2785 935 2830 sectist,
974 2791 1012 2822 et
1040 2782 1282 2831 monachus,
1314 2784 1434 2820 -cuius
1463 2783 1546 2834 ey·-

86 2836 199 2875 tillus
227 2839 408 2878 meminit
436 2841 508 2880 sub
533 2840 677 2880 eodem
705 2842 958 2893 imperatore.
1015 2842 1285 2892 Hermogenes
1314 2839 1388 2877 fuit
1419 2851 1545 2892 quae-
