1754 3132
565 126 830 172 HISTORIA
862 125 1072 169 ARCANA
1106 124 1154 170 4.
1528 123 1589 169 31

132 261 175 288 τε
204 239 370 300 ἐγεγόνει
400 237 572 298 πότερον
599 239 732 299 ἧμέρα
762 239 787 296 ἢ
821 237 982 296 νύκτωρ
1001 238 1061 295 εἴη
1086 236 1179 282 οὕτε
1201 235 1312 296 ι’ίλλῳ
1340 252 1397 296 τῳ
1418 235 1593 292 ἐντυχεῖν

131 311 245 367 εἶχεν.
315 308 540 365 ἅνθρωπος
573 310 676 366 γὰρ,
713 308 839 366 ὅσπερ
868 309 907 350 οἶ
932 309 972 357 ἒς
1003 306 1161 365 ἡμέραν
1194 305 1369 362 ἑκάστην
1399 304 1452 348 τὰ
1485 306 1596 348 σιτιά

130 379 328 437 ἔρρίπτει,
364 377 500 430 ὥσπερ
529 395 567 420 τι
595 379 747 434 θηριόν
777 377 910 434 θηρίῳ
938 375 1106 433 ἄφωνος
1127 373 1280 433 ἀφώνῳ
1303 372 1455 429 ὡμίλει.
1526 376 1595 417 καὶ

116 452 230 491 ’πᾶσι
257 447 332 502 μὲν
363 447 684 501 τετελευτηκέναι
715 445 842 495 εὐθὺς
873 445 1005 499 ἔδοξε,
1054 443 1174 501 λόγον
1207 444 1346 499 μέντοι
1374 441 1398 498 ἢ
1429 439 1595 498 μνήμην

96 525 118 561 5
132 520 338 560 ποιεῖσθαι
356 514 485 557 αὐτοῦ
511 515 643 564 οὐδεὶς
662 512 826 568 ἐτόλμα,
878 514 1078 556 ἐνιαυτοῖν
1101 514 1146 556 δὲ
1167 515 1282 555 δυοῖν
1302 510 1474 566 ὕστερον
1492 511 1597 568 πρὸς

127 586 229 640 μησὶ
267 583 483 639 τέσσαρσιν
517 583 775 637 οῗκτισαμένη
805 581 878 624 τὸν
908 581 1040 637 ἄνδρα
1069 582 1213 638 ἀφῆκε.
1286 582 1353 623 καὶ
1385 578 1429 630 ὃς
1456 579 1593 637 ὥσπερ
1616 588 1647 623 P
1674 589 1716 624 13

128 651 417 706 ιὶναβεβιωκῶς
449 650 601 694 ἅπασιν
634 650 775 708 ὤφθη.
846 650 995 705 ξυνέβη
1022 667 1064 692 τε
1097 654 1155 708 τῷ
1185 647 1397 708 ἀνθρώπῳ
1428 648 1594 692 ἐνθένδε

129 720 189 763 ἀεὶ
213 718 495 774 ἀμβλυώττειν
512 737 554 762 τε
575 721 642 762 καὶ
664 719 709 762 τὸ
732 718 831 762 ἄλλο
852 722 973 772 σῶμα
994 716 1164 761 νοσώδει
1184 717 1296 761 εἶναι.
1359 717 1411 760 τὰ
1426 718 1502 771 μὲν
1521 712 1595 760 οὖν

128 788 234 846 ἀμφὶ
253 793 311 847 τῷ
329 786 468 846 Βούζῃ
486 790 583 845 τῇδε
604 785 796 843 ἐχώρησε.
867 784 1110 842 Βελισάριον
1133 787 1177 829 δὲ
1195 786 1411 840 βασιλεὺς,
1449 787 1593 843 καίπερ

72 868 117 903 10
129 857 293 907 οὐδενὸς
312 861 396 900 τῶν
417 856 780 912 κατηγορουμένων
805 853 980 907 ἁλόντα,
1020 855 1246 911 ἐγκειμένης
1276 859 1349 910 τῆς
1379 856 1594 908 βασιλίδος

126 923 372 982 παραλύσας
392 919 440 979 ἧς
461 923 561 979 εἶχεν
580 924 709 980 ἀρχῆς
729 927 950 978 ΖΙἸαρτΐνον
973 923 1069 966 ἀντ’
1093 924 1221 966 αὐτοῦ
1242 928 1317 978 τῆς
1337 921 1441 982 ἑῴας
1463 940 1591 979 στρα-

125 993 248 1050 τηγὸν
268 991 570 1048 κατεστήσατο,
608 991 706 1042 τούς
724 1009 767 1035 τε
786 993 1030 1047 Βελισαριόυ
1053 990 1312 1049 δορυφόρους
1332 1010 1375 1035 τε
1396 993 1462 1035 καὶ
1481 989 1592 1035 ὕπα-

75 1099 80 1102 .
126 1061 322 1114 σπιστᾶς,
360 1063 427 1104 καὶ
456 1066 538 1104 τῶν
572 1063 738 1104 οἶκετῶν
771 1060 808 1103 εἶ’
833 1077 872 1103 τι
895 1061 936 1103 ἓν
959 1060 1122 1119 πολέμῳ
1143 1059 1312 1115 δόκιμον
1336 1056 1410 1115 ἦν,
1447 1065 1530 1104 τῶν
1548 1078 1591 1104 τε

125 1129 336 1187 ἀρχόντων
355 1131 523 1187 καὶτῶν
545 1131 587 1172 ἔν
607 1129 794 1188 παλατίῳ
814 1126 1016 1184 εὔνοι”χων
1038 1131 1142 1172 τισὶν
1163 1130 1362 1173 ἐπέστειλε
1387 1127 1592 1172 διαδάσα-

70 1209 113 1245 15
126 1203 244 1242 σθαι.
316 1199 356 1242 οἳ
384 1199 429 1241 δὲ
453 1196 627 1255 κλήρους
659 1197 728 1240 ἐπ’
763 1198 926 1247 ἐκείνοις
956 1198 1249 1252 ἓμβεβλημένοι
1281 1197 1422 1248 αὐτοῖς
1452 1196 1594 1249 ὅπλοις

123 1267 310 1317 ἅπαντας
334 1267 376 1309 ἓν
394 1267 534 1322 σφίσιν
553 1267 693 1316 αὐτοῖς
713 1267 977 1320 διενείμαντο,
1016 1265 1073 1316 ὥς
1096 1285 1152 1321 πη
1174 1274 1414 1321 κατατυχεῖν
1431 1264 1591 1326 ἑκάστῳ

123 1336 290 1391 συνέβη.
360 1337 426 1378 καὶ
458 1340 540 1378 τῶν
571 1336 701 1391 φίλων
722 1335 767 1376 δὲ
786 1336 851 1376 καὶ
873 1334 1007 1384 ἄλλως
1027 1334 1140 1393 αὐτῷ
1161 1335 1212 1376 τὰ
1231 1333 1412 1392 πρότερα
1434 1333 1592 1392 ὗπουρ-
1613 1343 1646 1377 Β

121 1402 304 1460 γηκότων
336 1407 502 1452 πολλοῖς
530 1403 670 1446 ἀπεῖπε
701 1402 815 1457 παρὰ
841 1404 1069 1462 Βελισαρίῳ
1088 1402 1230 1457 μηκέτι
1254 1403 1367 1446 ἴέναι.
1437 1406 1504 1446 καὶ
1521 1422 1593 1447 πε-
1616 1413 1649 1448 Α
1672 1415 1716 1448 18

122 1471 310 1528 ριήρχετο
337 1471 482 1528 πικρὸν
510 1471 652 1526 θέαμα
674 1472 741 1513 καὶ
759 1469 932 1520 ἄπιστος
953 1470 1072 1525 ὄψις,
1111 1469 1346 1527 Βελισᾶριος
1365 1470 1533 1527 ἰδιώτης
1551 1474 1593 1516 έν

65 1552 112 1586 20
127 1541 358 1600 Βυζαντίῳ,
393 1537 538 1595 σχεδόν
555 1557 593 1582 τι
609 1537 761 1595 μόνος,
795 1537 969 1589 σι”ννους
995 1539 1056 1582 ἀεὶ
1079 1541 1146 1582 καὶ
1165 1540 1414 1598 σκυθρωπὸς
1434 1543 1501 1583 καὶ
1522 1541 1593 1584 τόν

214 1663 248 1696 1.
279 1658 498 1704 ,,ἒντυχεῒν]
532 1658 766 1705 ἐντυγχάνειν
798 1660 877 1695 MS.
891 1663 915 1681 “
953 1662 1075 1696 Mim.
1236 1660 1271 1695 5.
1312 1658 1434 1696 αὐτοῦ
1467 1659 1594 1703 οὐδεὶς

211 1703 368 1752 ἐτόλμα]
402 1706 422 1727 *
444 1708 564 1742 ταῦτα
587 1705 671 1741 τινὰ
695 1706 819 1748 οὐδεὶς
841 1706 861 1726 *
885 1709 926 1743 Α.
982 1706 1055 1749 „Si
1090 1705 1296 1740 coniecturis
1331 1708 1512 1753 indulgere
1548 1708 1592 1742 li-

211 1757 291 1795 cet,
317 1753 472 1787 lacunam
496 1753 547 1787 sic
575 1753 719 1798 expleo,
743 1751 880 1789 τούτου
907 1753 990 1797 (vel
1014 1750 1164 1796 αὐτοῦ)
1187 1751 1272 1786 τινὰ
1296 1751 1419 1794 οὐδεὶς
1442 1752 1592 1796 ἐτόλμα.

212 1799 272 1834 Ne
305 1799 438 1833 scilicet
461 1799 496 1833 in
521 1799 728 1834 Theodorae
762 1800 983 1834 offensionem
1010 1803 1045 1833 et
1068 1799 1182 1833 odium
1206 1799 1409 1834 incurreret.
1419 1803 1442 1820 ‘⁶
1474 1802 1591 1836 ALBM.

212 1846 246 1878 6.
272 1844 485 1890 τέσσαρσιν]
509 1844 676 1888 τέσσαρσι
700 1847 771 1880 ΑΡ.
931 1846 1015 1879 ibid.
1051 1846 1286 1891 οἰκτισαμένη
1309 1846 1416 1880 Alem.
1465 1848 1590 1892 οἰκτη-

214 1890 353 1936 σαμένη
377 1892 448 1925 ΑΡ.
574 1892 628 1926 14.
654 1890 855 1936 ἐπέστειλε]
882 1889 1041 1927 {agrale
1063 1892 1172 1929 Alem.
1297 1893 1353 1928 16.
1375 1894 1450 1938 πη]
1475 1893 1588 1939 Vulgo

213 1949 291 1972 ποι.
431 1938 486 1973 18.
513 1934 644 1973 ἀπεῖπε
666 1938 772 1973 Alem.
798 1938 839 1974 P.
883 1936 1044 1973 ἀπεῖπον
1066 1938 1108 1971 Α.

121 2038 302 2085 noctisque
331 2037 588 2073 vicissitudines
619 2039 711 2074 nullo
744 2044 883 2086 poterat
906 2040 958 2074 vel
981 2041 1057 2086 ipse
1079 2040 1114 2074 in
1141 2040 1294 2075 tenebris
1326 2041 1442 2075 iacens
1464 2041 1591 2077 indicio

120 2085 360 2130 distinguere,
395 2085 449 2118 vel
473 2085 516 2118 ab
540 2085 606 2119 alio
631 2087 843 2127 resciscere3
876 2086 1004 2132 quippe
1028 2098 1102 2120 cum
1125 2086 1160 2121 in
1185 2081 1261 2121 dies
1284 2086 1436 2131 singulos
1460 2088 1518 2133 qui
1543 2088 1591 2131 ei,

120 2131 229 2166 veluti
253 2132 350 2166 ferae
381 2130 530 2175 cuipiam
563 2131 698 2165 belluae
732 2139 866 2177 pastum
900 2133 1121 2174 obiectabat,
1161 2138 1272 2167 mutus
1299 2133 1478 2168 iuberetur
1510 2133 1592 2169 illuc

121 2181 316 2224 penetrare.
360 2176 540 2211 Interiisse
562 2177 629 2211 iam
655 2179 854 2222 putabatur,
879 2178 1020 2224 eiusque
1044 2179 1236 2213 memoriam
1260 2179 1474 2214 sermonibus
1491 2191 1590 2214 usur-

121 2235 206 2269 pare
237 2223 350 2257 nullus
380 2222 483 2267 plane
514 2223 683 2265 audebat3
719 2235 796 2258 cum
828 2236 896 2258 uno
929 2230 1035 2270 atque
1070 2226 1180 2259 altero
1211 2237 1319 2267 anno,
1352 2232 1388 2259 et
1413 2226 1590 2270 quaternis

119 2273 306 2315 praeterea
339 2268 510 2302 mensibus
543 2269 689 2314 elapsis,
721 2269 803 2304 inde
835 2270 1010 2315 (aliquam
1035 2272 1185 2306 fortasse
1210 2282 1425 2305 commovens
1448 2272 1590 2306 misera-

119 2315 272 2359 tionem)
296 2314 459 2355 emissus,
483 2315 582 2359 quasi
606 2315 782 2350 redivivus
805 2317 850 2351 ab
874 2317 1029 2351 omnibus
1053 2316 1439 2363 circumspectabatur3·
1463 2329 1506 2351 ex
1530 2330 1590 2352 eo-

119 2371 189 2406 que
220 2360 338 2406 coepit
369 2366 524 2405 tempore
560 2361 756 2402 caecutire,
793 2373 834 2396 ac
867 2363 1000 2406 reliquo
1033 2368 1186 2408 tempore
1210 2363 1359 2398 adversa
1383 2373 1518 2408 semper
1542 2363 1593 2397 uti

118 2405 327 2440 valetudine.
373 2406 493 2452 Itaque
518 2406 633 2442 Buzae
656 2407 783 2442 cecidit
805 2419 873 2442 res.
922 2409 1124 2443 Belisarium
1150 2414 1285 2451 autem,
1308 2409 1392 2443 nulli
1416 2410 1498 2443 licet
1522 2408 1593 2442 cri-

119 2451 220 2493 mini,
245 2452 343 2486 cuius
365 2451 636 2495 insimularetur,
662 2453 863 2495 obnoxium3
888 2454 1042 2499 Augusta
1063 2459 1177 2489 tamen
1200 2455 1373 2494 instante,
1398 2455 1592 2501 Imperator

120 2497 359 2539 exactoravit3
380 2497 533 2532 Martino
557 2498 630 2533 eius
653 2498 729 2533 loco
753 2499 925 2534 exercitus
949 2501 1104 2535 Orientis
1129 2500 1218 2535 duce
1243 2501 1434 2544 designato.
1482 2501 1591 2534 Prae-

121 2548 221 2578 terea
242 2549 418 2587 scutatos,
452 2543 677 2588 hastatosque
699 2544 844 2588 milites,
876 2558 918 2580 ac
940 2547 1108 2592 reliquum
1131 2547 1292 2581 Belisarii
1317 2547 1513 2580 satellitium
1538 2544 1590 2578 rei

121 2587 265 2623 bellicae
287 2590 456 2635 peritum,
489 2589 692 2634 quibusdam
719 2591 819 2626 aulae
844 2592 1044 2637 primatibus
1068 2598 1104 2627 et
1128 2594 1293 2627 eunuchis
1316 2592 1503 2632 concessit,
1532 2590 1592 2634 qui

123 2633 288 2668 coniectis
310 2636 460 2669 sortibus
484 2647 544 2669 eos
567 2637 623 2670 vel
647 2637 697 2671 sic
721 2640 869 2671 armatos
892 2638 984 2672 inter
1007 2649 1046 2673 se
1068 2639 1291 2685 partirentur.
1327 2637 1483 2681 Denique
1507 2636 1591 2670 ami-

123 2680 187 2720 cis,
212 2679 270 2724 qui
295 2681 427 2726 pridem
450 2681 619 2716 Belisario
645 2689 784 2728 praesto
809 2683 966 2726 fuissent,
987 2684 1165 2719 interdicit
1188 2685 1277 2719 illius
1298 2682 1588 2717 consuetudinem.

123 2725 286 2759 Miserum
321 2737 403 2761 sane
434 2730 470 2760 et
499 2728 658 2762 acerbum
688 2730 940 2774 spectaculum,
978 2731 1044 2764 etsi
1067 2731 1196 2772 visum,
1235 2729 1323 2764 haud
1349 2735 1461 2762 tamen
1485 2727 1587 2761 facile

124 2771 279 2813 creditu,
302 2770 502 2807 Belisarium
524 2773 692 2808 hominem
712 2775 781 2808 iam
807 2775 980 2820 privatum
1003 2777 1122 2811 urbem
1145 2777 1244 2811 obire
1266 2775 1394 2815 solum,
1416 2784 1587 2819 nunquam
