1754 3132
255 192 285 218 x
650 177 907 221 ALEIttANNl
939 180 1269 223 DISSERTATIO.

255 286 527 327 constitutiones
559 297 674 329 autem
693 290 739 330 ab
765 303 810 332 eo
836 290 1097 344 sapientissime
1125 290 1311 339 conditae;
1343 292 1401 333 vel
1425 301 1584 334 veterum
1601 294 1668 333 lm-

254 361 453 405 peratorum
486 353 591 408 leges
630 371 698 396 uno
732 356 768 396 in
799 355 936 396 Codice
966 357 1092 397 ordine
1112 356 1336 406 distributam
1364 358 1422 399 vel
1452 359 1669 414 antiquorum

254 418 461 472 Sapientum
480 434 650 473 responsa
672 436 719 462 ex
739 421 910 461 immensa
927 422 1100 477 congerie
1120 437 1253 463 summa
1280 424 1471 465 studiorum
1499 425 1669 465 facilitate

254 497 298 522 ac
329 483 503 526 brevitate
531 486 691 541 digesta;
724 487 782 527 vel
810 486 904 526 haee
943 488 1070 527 eadem
1096 488 1141 528 ad
1169 489 1393 530 Institutionis
1419 490 1559 530 modum
1586 504 1669 530 enu-

254 549 386 596 cleata,
423 564 501 590 eam
533 551 723 591 Iustiniano
744 553 897 607 gloriam
918 561 1153 607 pepererunt,
1193 562 1227 595 ut
1253 555 1414 595 undecim
1446 555 1516 596 iam
1543 563 1580 595 et
1598 569 1668 594 am-

251 614 341 668 plius
361 614 538 656 hominum
556 625 692 656 aetates
712 618 861 658 eandem
882 618 981 672 quasi
1000 633 1067 672 per
1091 634 1213 659 manus
1249 620 1469 674 acceperint,
1504 620 1668 668 foverint,

253 688 288 719 et
309 681 425 735 magis
447 696 489 720 ac
512 682 630 738 magis
649 683 952 736 amplificaverint.
999 684 1080 725 Nec
1098 700 1184 725 sane
1212 685 1349 725 facilius
1366 687 1556 728 Iustiniano
1573 687 1668 742 quie-

252 761 354 800 quam
379 747 459 794 fuit,
489 763 592 802 quam
614 748 672 789 vel
705 749 797 789 hanc
823 749 936 789 solum
965 748 1012 789 ob
1042 764 1118 789 rem
1146 751 1288 805 gloriae
1313 766 1358 791 ac
1385 753 1532 793 nominis
1564 752 1670 792 laude

251 812 408 867 reliquos
439 827 561 853 omnes
599 815 778 855 Romanos
805 815 988 869 Principes
1019 815 1109 855 inl'ra
1137 831 1177 856 se
1212 830 1364 871 ponere;
1405 833 1482 858 cum
1516 817 1567 857 illi
1602 830 1670 871 pro

251 892 390 918 suorum
410 879 555 933 quisque
575 881 767 921 facinorum
786 882 1018 936 praestantia,
1053 881 1086 921 in
1107 883 1264 923 Romana
1289 883 1495 938 Republica,
1521 883 1616 923 velut
1635 881 1671 922 in

251 945 414 992 theatro,
449 945 538 986 alius
557 947 628 986 alio
644 947 701 987 vel
721 947 927 995 humiliore,
958 947 1016 987 vel
1037 948 1188 988 editiore
1207 949 1288 989 loco
1305 949 1442 998 titulos,
1473 961 1672 1001 nomenque

253 1010 321 1049 sibi
341 1011 501 1051 statuisse
523 1013 722 1059 videantur;
752 1014 829 1067 ipse
857 1027 945 1053 vero
978 1013 1037 1067 qui
1074 1014 1241 1055 Romanis
1265 1014 1408 1070 legibus
1437 1029 1536 1055 suum
1566 1027 1671 1068 prae-

254 1075 350 1124 fixit,
390 1077 697 1119 eminentissimum
724 1079 858 1127 locum,
894 1087 998 1134 atque
1018 1087 1199 1120 aeternum
1219 1081 1404 1121 invenerit.

364 1165 603 1214 Quamobrem
623 1166 657 1206 in
687 1175 782 1206 tanto
803 1165 933 1221 publici
958 1166 1091 1207 favoris
1111 1168 1300 1222 applausu,
1337 1168 1465 1208 sinistri
1485 1167 1531 1207 de
1551 1179 1597 1207 eo
1616 1181 1671 1207 ru·

254 1244 373 1270 mores
392 1244 485 1284 pene
505 1230 694 1279 siluerunt,
726 1246 768 1270 ac
787 1240 883 1271 tanta
904 1233 1044 1285 gloriae
1065 1248 1108 1272 ae
1134 1234 1304 1287 temporis
1323 1232 1544 1274 diuturnitate
1561 1231 1675 1273 omnis

255 1296 302 1336 dc
323 1295 384 1334 illo
407 1296 548 1350 ingrata
569 1295 741 1336 memoria
771 1297 940 1338 exolevit.
998 1298 1166 1339 Exolevit
1201 1307 1317 1339 autem
1349 1307 1420 1339 tum
1453 1298 1546 1353 apud
1574 1297 1675 1347 alios,

254 1370 324 1402 tum
345 1362 438 1415 apud
458 1376 522 1402 eos
541 1362 770 1416 praesertim,
805 1363 863 1418 qui
890 1378 967 1403 cum
993 1363 1071 1404 dies
1098 1373 1290 1420 noctesque
1316 1365 1447 1406 assidui
1476 1379 1553 1404 cum
1578 1363 1677 1404 lusti-

253 1428 359 1468 niano
388 1428 478 1477 sint,
520 1442 599 1468 eam
620 1429 666 1469 de
696 1428 789 1469 illius
821 1428 968 1476 iustitia,
1006 1430 1249 1484 temperantia,
1283 1431 1438 1485 pietate,
1476 1429 1677 1471 innocentia

253 1503 491 1549 conceperunt
510 1494 627 1534 animo
649 1494 875 1548 opinionem,
911 1508 1004 1549 quae
1023 1510 1094 1535 non
1113 1495 1219 1536 rebus
1241 1496 1287 1536 ab
1308 1511 1354 1537 eo
1374 1496 1504 1552 gestia,
1525 1496 1571 1536 ad
1590 1510 1677 1550 quas

251 1576 378 1616 parum
399 1560 556 1600 fortassis
577 1561 754 1600 attendunt
785 1561 957 1608 animum,
997 1562 1232 1614 respondeat:
1261 1562 1325 1602 sed
1347 1577 1438 1616 quae
1459 1561 1540 1601 latis
1562 1561 1608 1602 ab
1630 1576 1676 1603 eo

251 1627 394 1682 legibus
413 1626 617 1673 conveniat;
651 1625 686 1665 in
708 1627 833 1680 quibus
860 1627 948 1666 nihil
979 1627 1057 1667 sere
1091 1635 1165 1674 cst,
1195 1628 1288 1680 quod
1311 1642 1381 1668 non
1411 1628 1457 1668 ad
1481 1627 1678 1669 absolutam

250 1693 387 1734 virtutis
416 1707 575 1732 normam
593 1692 759 1745 scriptum
778 1692 977 1741 inveniant,
1020 1701 1056 1733 et
1084 1693 1182 1747 quasi
1206 1693 1240 1734 in
1268 1693 1427 1749 imagine
1453 1694 1525 1734 suis
1548 1695 1676 1735 eolori-

250 1759 317 1800 bus
337 1773 544 1813 exprcssum
575 1758 865 1812 contemplentur.
923 1759 1052 1814 Neque
1082 1758 1168 1814 ipsis
1199 1759 1341 1812 quidem
1373 1759 1477 1800 aliter
1508 1761 1553 1801 de
1579 1760 1677 1801 lusti-

250 1826 358 1866 niano
379 1826 511 1865 sentire
534 1831 712 1880 praestat,
748 1825 844 1865 cuius
874 1825 1219 1866 commendationem
1241 1839 1311 1864 non
1331 1825 1509 1865 minimum
1539 1841 1679 1868 suorum

255 1906 338 1932 esse
365 1892 555 1931 studiorum
583 1899 824 1931 ornamentum
854 1900 984 1945 putant.
1043 1891 1190 1931 Scilicet
1220 1890 1486 1930 Iurisconsultus
1514 1891 1680 1948 Procopii

255 1958 350 1998 haec
383 1958 541 1998 offendet
568 1956 735 2002 historia;
771 1970 839 1996 nec
865 1965 984 1997 tamen
1012 1971 1136 1996 omnes
1164 1955 1316 2010 passim,
1350 1962 1386 1995 ut
1415 1956 1584 2005 arbitror,
1615 1959 1680 1999 sed

258 2039 322 2064 cos
344 2025 528 2071 duntaxat,
563 2022 621 2076 qui
648 2021 760 2061 minus
789 2022 930 2076 antiqua
961 2022 1155 2062 litterarum
1174 2028 1398 2060 monumenta
1420 2023 1678 2075 pertractarint.

258 2091 352 2131 Nam
374 2090 439 2129 etsi
460 2089 566 2128 modo
586 2087 621 2127 in
639 2101 771 2142 magna
791 2086 933 2140 priscae
953 2087 1124 2126 historiae
1144 2085 1313 2140 penuria,
1351 2085 1578 2140 tenebrisque
1601 2102 1682 2128 ver-

258 2170 394 2202 semur,
432 2155 600 2209 multique
626 2168 743 2194 rerum
761 2167 782 2192 a
806 2153 993 2194 Iustiniano
1013 2161 1194 2208 gestarum
1213 2151 1406 2205 scriptores
1425 2151 1681 2202 desiderentur,

258 2235 388 2275 nempe
416 2221 467 2260 illi
487 2221 653 2274 Procopii
673 2219 862 2274 aequales,
902 2219 1101 2275 Hesychius
1134 2217 1317 2265 Milesius,
1351 2217 1503 2257 loannes
1537 2218 1681 2274 Lydius,

257 2287 502 2342 Theophanes
528 2288 734 2343 Byzantius,
764 2288 965 2328 Menander
991 2286 1195 2332 Protector‚
1230 2283 1358 2324 Paulus
1387 2283 1537 2332 Florus,
1579 2284 1681 2325 Ioan-

258 2367 323 2393 nes
350 2353 614 2400 Antiochenus,
644 2353 851 2394 Plutarchus
871 2352 1061 2393 Iustiniano
1083 2366 1104 2390 a
1133 2349 1303 2398 secretis,
1335 2357 1371 2390 et
1404 2349 1465 2389 alii
1498 2349 1681 2404 plerique;

134 2426 162 2459 P
182 2425 236 2458 111
257 2427 442 2474 supersunt
461 2427 578 2459 tamen
602 2420 758 2467 Graeci,
789 2419 974 2473 Latinique
1006 2417 1166 2458 eiusdem
1189 2415 1316 2456 aetatis
1347 2429 1481 2470 graves
1501 2415 1679 2464 Historiei,

258 2486 317 2541 qui
335 2485 511 2540 Procopio
535 2487 618 2526 dant
636 2485 958 2540 praeclarissimum
978 2484 1013 2524 in
1042 2483 1103 2532 iis,
1138 2496 1229 2537 quae
1251 2489 1395 2530 narrat,
1425 2481 1681 2530 testimonium;

260 2567 467 2607 quamquam
496 2551 694 2606 Principum
723 2549 1038 2592 obtrectationibus
1065 2549 1119 2590 sui
1144 2548 1290 2603 quisque
1308 2547 1465 2603 :periculi
1495 2547 1683 2589 formidine

260 2619 440 2659 abstinere
463 2619 590 2659 soleat.
647 2617 825 2673 Euagrius
843 2616 1066 2671 Epiphanius
1095 2614 1340 2656 Scholasticus
1368 2613 1563 2653 detestatur
1581 2614 1682 2654 Iusti-

261 2685 357 2725 niani
383 2685 592 2740 profundam
629 2684 835 2732 avaritiam,
867 2697 986 2723 rerum
1022 2682 1219 2722 alienarum
1254 2680 1418 2735 rapinas,
1447 2679 1683 2720 subiectorum

263 2750 415 2791 cuiusvis
433 2751 566 2793 ordinis
585 2751 814 2799 vexationes‘,
847 2764 935 2804 quas
963 2757 1000 2790 et
1021 2748 1135 2804 longe
1171 2747 1321 2788 diversis
1349 2746 1482 2788 artibus
1503 2745 1565 2788 ille
1589 2760 1682 2787 com·
