1800 3126
467 146 527 189 IN
554 145 759 191 LIBROS
786 146 908 191 Vm.
978 147 1054 191 DE
1086 147 1293 193 BELLIS.

145 252 347 334 Mtg3curum,
370 253 464 288 locus
479 253 613 288 Salonis
629 253 801 300 proximus
816 254 866 298 ΙΙ,

143 345 316 380 Mundilas
339 344 493 379 Belisarii
510 345 692 379 Protector
707 345 759 386 ΙΙ,
789 346 865 387 127,

189 391 224 425 4.
248 391 445 435 Procopium
471 391 607 424 deducit
624 392 674 433 ll,
708 392 784 433 158,
807 392 865 427 22.

186 441 322 516 pugnat
341 437 391 476 ΙΙ,
419 437 492 473 166.
517 439 550 472 2.
570 438 645 478 187,
671 437 705 472 8.
731 437 866 470 Medio-

201 493 298 516 anum
325 482 443 516 missus
467 483 519 525 ΙΙ,
548 483 632 521 194,
658 484 711 518 17.
735 482 864 516 vicinas

187 528 289 562 urbes
307 527 483 572 praesidiis
503 527 609 562 munit
635 528 682 569 ΙΙ,
708 529 784 569 196,
810 529 864 563 14.

187 573 366 615 obsessus,
391 575 517 608 frustra
545 585 623 607 suos
646 584 666 607 a
691 573 864 608 deditione

188 618 389 653 dehortatur
407 619 454 662 11,
477 620 558 661 232,
581 621 638 655 22.
668 619 802 664 capitur
816 619 863 662 11,

133 701 288 744 'Mundus
311 710 481 754 Magister
505 710 570 744 mil.
592 721 654 754 per
679 710 862 754 Illyricum,

189 755 330 802 stipatus
348 756 461 790 Erulis
477 756 514 798 1,
543 756 619 796 126,
643 757 704 791 20..
722 756 865 790 seditio-

188 813 246 836 sos
269 802 304 836 in
333 802 435 836 Circo
466 801 596 835 invadit
624 812 665 834 ac
695 802 807 835 caedit
836 802 865 844 1,

189 848 268 890 128,
296 848 351 883 17.
377 847 496 881 missus
512 848 544 880 in
561 847 760 881 Dalmatiam
781 859 865 881 con-

187 896 243 926 tra
263 893 414 927 Gotthos
434 893 477 935 ΙΙ,
502 894 558 935 26,
582 893 614 927 4.
643 893 790 927 Salonas
805 904 864 927 ca-

186 938 250 984 pit.
266 939 311 981 11,
334 940 392 981 27,
414 940 466 973 18.
494 938 652 972 Mauricii
670 939 730 972 filii
749 951 863 974 necem

186 983 366 1026 ulciscens,
392 984 560 1018 occumbit
586 985 630 1029 ΙΙ,
655 985 712 1026 33,
738 986 790 1019 14.
821 985 864 1019 de

112 1066 117 1070 ,
187 1028 259 1064 eius
275 1037 384 1064 morte
400 1029 601 1076 Sibyllinum
628 1031 799 1065 oraculum
817 1031 864 1074 ΙΙ,

138 1119 350 1156 Munitiones
378 1133 484 1156 novas
508 1133 551 1156 ne
574 1122 702 1155 Persae
729 1125 765 1156 et
791 1122 864 1155 Ro—

184 1167 274 1202 mani
289 1166 322 1200 in
338 1167 408 1201 suis
424 1167 547 1202 finibus
565 1168 731 1210 facerent,
755 1168 864 1201 utrin-

185 1224 253 1258 que
268 1218 402 1247 cautum
419 1214 446 1254 Ι,
464 1214 519 1256 15,
540 1215 593 1249 13.
617 1219 734 1247 contra
750 1213 786 1247 id
803 1225 863 1247 ve-

184 1259 235 1292 nit
250 1258 451 1293 Anastasius
469 1262 557 1304 Aug.
585 1260 613 1301 Ι,
640 1259 697 1299 49,
725 1260 777 1294 19.
806 1260 863 1303 81,

193 1306 227 1340 5.
262 1309 298 1385 e5t
342 1303 548 1339 lustiniauus
596 1305 613 1339 I
628 1331 638 1349 ,
681 1306 727 1340 60
746 1329 757 1347 ,
801 1307 855 1340 10.

138 1394 255 1430 Mutili
279 1395 498 1430 successione
519 1395 615 1440 regni
630 1395 719 1441 apud
736 1396 864 1431 Persas

186 1440 315 1474 exclusi
334 1441 362 1483 Ι,
381 1442 438 1482 50,
457 1442 509 1475 19.
526 1442 571 1479 ΙΙ,
588 1442 666 1481 506,
683 1444 715 1475 1.

139 1485 230 1522 Muri
259 1485 352 1528 longi
370 1486 412 1518 ad
434 1483 714 1518 sinumMelanem
739 1486 767 1526 Ι,
785 1487 862 1528 168,

185 1533 219 1568 7.
244 1530 335 1565 Muri
365 1529 456 1574 longi
479 1531 647 1574 Byzantio
669 1531 769 1576 paulo
793 1542 865 1565 am-

184 1576 274 1622 plius
307 1575 375 1610 diei
404 1576 502 1610 unius
535 1575 657 1610 itinere
687 1576 795 1610 dissiti
818 1577 863 1619 ΙΙ,

139 1647 298 1712 Myroiiis
321 1667 444 1701 bucula
465 1667 525 1700 ubi
545 1666 655 1711 posita
670 1667 716 1709 ΙΙ,
730 1668 810 1710 571,
825 1668 862 1704 3.

138 1714 322 1747 Nabatae:
351 1713 431 1746 vide
447 1712 619 1746 Nobatae.

140 1759 303 1794 Nabedes
321 1758 447 1798 Persa,
471 1758 588 1792 Praef.
615 1757 781 1802 praesidio
797 1757 864 1791 Ni·-

185 1805 305 1840 sibeno
322 1803 350 1845 Ι,
363 1805 444 1844 229,
455 1805 510 1837 20.
527 1802 560 1836 in
570 1803 741 1837 Romanos
752 1814 862 1836 erum-

182 1850 234 1896 pit
249 1849 367 1892 1‚23l,
388 1852 439 1884 11.
458 1845 708 1892 Magister‘mil.
726 1849 759 1882 in
775 1849 863 1882 Per-

185 1894 354 1930 sarmenia
378 1894 407 1935 1,
433 1895 511 1934 260,
535 1895 570 1929 7.
596 1895 767 1928 Romanos
788 1894 864 1928 vin-

185 1941 234 1975 cit
250 1941 407 1984 Anglone
424 1940 450 1982 Ι,
467 1940 546 1980 263,
571 1941 623 1974 16.
643 1941 724 1985 quid
741 1940 775 1974 in
793 1940 863 1974 La-

183 1986 258 2021 zica
275 1986 385 2030 egerit
400 1985 444 2026 11,
469 1986 551 2026 498,
572 1989 606 2019 4.

138 2031 269 2066 Naisus
283 2032 367 2065 urbs
384 2031 430 2074 11,
453 2030 534 2075 449,
563 2032 618 2065 11.

138 2077 231 2112 Nani
247 2077 282 2111 in
299 2077 442 2112 Corsica
459 2077 570 2110 insula
586 2076 632 2118 11,
659 2077 740 2117 591,
758 2077 815 2111 17.

138 2123 305 2170 Napbtha
329 2134 387 2157 seu
414 2121 563 2156 Medeae
585 2122 694 2156 oleum
711 2122 755 2163 ll,
781 2122 862 2165 512,

139 2213 216 2252 Nar
231 2213 371 2256 fluvius,
393 2213 545 2248 Narniae
560 2224 680 2248 nomen
697 2212 790 2248 dedit
813 2213 861 2255 11,

138 2287 293 2342 Narniae
317 2305 402 2340 situs
429 2305 476 2347 ΙΙ,
500 2305 556 2348 85,
581 2307 614 2341 2.
638 2305 728 2339 unde
743 2315 864 2339 nomen

187 2357 290 2386 nacta
312 2351 358 2395 ΙΙ,
382 2352 439 2393 85,
462 2353 496 2386 9.
523 2362 607 2396 pons
632 2350 705 2385 eius
725 2350 864 2385 mirabi-

184 2397 228 2432 lis
258 2398 343 2434 ibid.
378 2397 457 2430 viae
486 2397 671 2431 Flaminiae
709 2397 865 2450 apposita

185 2443 246 2486 ΙΙ,
272 2444 361 2486 189,
394 2444 428 2479 8.
452 2443 604 2477 Tusciae
644 2442 865 2477 muniussima

186 2488 327 2569 629ng⁹
351 2490 386 2524 7.
410 2489 533 2535 recipit
560 2500 632 2524 eam
660 2489 793 2523 Narses
819 2488 864 2532 ΙΙ,

141 2579 274 2615 Narses
296 2580 563 2620 Persarmenus,
598 2590 772 2615 sacrarum
794 2579 867 2613 lar-

187 2625 350 2669 gitionum
384 2626 507 2660 Comes
540 2627 569 2668 Ι,
598 2627 661 2668 79,
688 2627 720 2660 3.
745 2626 867 2659 Eunu-

188 2671 272 2704 chus
295 2671 334 2714 1,
360 2671 446 2713 134,
469 2673 506 2706 2.
530 2673 688 2706 loannem
729 2671 866 2717 Cappa-

189 2715 306 2750 docem
330 2716 459 2750 invadit
482 2717 510 2757 1,
537 2718 615 2762 134,
641 2719 696 2753 15.
721 2717 868 2750 mittitur

189 2761 224 2795 in
248 2761 379 2795 ltaliam
402 2761 448 2802 ΙΙ,
475 2764 552 2805 199,
574 2765 609 2799 4.
626 2763 736 2807 iungit
751 2762 868 2809 copias

190 2818 264 2841 cum
297 2807 485 2850 Belisario,
509 2808 689 2855 ipsumque
711 2810 869 2844 hortatur

202 2860 391 2906 Procopius
422 2861 491 2895 111.

1529 149 1626 195 513

958 256 997 289 ut
1019 258 1194 290 succurrat
1226 255 1373 290 Arimino
1395 254 1441 298 Π,
1465 258 1545 298 210,
1570 258 1624 292 14.

958 313 998 335 eo
1025 313 1063 335 se
1086 303 1217 336 confert
1239 302 1292 341 11,
1317 303 1407 344 213,
1431 304 1464 337 2.
1486 303 1627 337 dissidet

957 358 979 381 a
1002 347 1163 381 Belisario
1183 349 1225 388 ΙΙ,
1249 349 1330 388 217,
1357 349 1409 382 18.
1427 349 1507 382 221.
1532 350 1562 382 6.
1581 348 1626 382 ab

956 451 1155 527 Byzantigii,
1187 490 1368 519 revocatur
1391 463 1447 527 11‚’
1474 465 1562 527 235}
1593 486 1627 521 5.

955 529 1083 563 Erulos
1120 530 1186 564 sibi
1217 530 1367 574 adiungit
1389 530 1445 573 ΙΙ,
1474 532 1568 573 330,
1593 532 1627 566 9.

956 575 1126 610 Chilbudii
1160 577 1377 621 imposturam
1414 575 1544 621 detegit
1582 576 1628 619 ΙΙ,

954 621 1046 663 537,
1071 623 1106 658 7.
1127 632 1186 655 cur
1213 622 1302 656 bello
1328 621 1490 656 Gotthico
1525 633 1629 667 prae-

954 666 1086 710 positus
1112 667 1153 709 ll,
1179 669 1257 709 570,
1282 670 1317 703 2.
1343 672 1379 701 et
1395 679 1464 711 seq.
1485 667 1555 701 eius
1571 678 1628 701 co-

953 712 1031 756 piae
1043 717 1079 745 et
1091 718 1274 766 apparatus
1292 713 1332 753 ΙΙ,
1349 714 1426 754 597,
1446 713 1499 747 14.
1516 714 1629 747 Fran-

957 758 1005 790 cis
1038 762 1183 791 transitu
1218 758 1492 803 prohibentibus,
1508 797 1511 799 ,
1530 770 1629 803 quam

955 803 1045 837 viam
1078 803 1193 837 inierit
1215 804 1271 848 ΙΙ,
1295 805 1380 846 600,
1405 805 1437 841 7.
1461 805 1548 846 601,
1574 805 1629 839 18.

955 847 1155 883 Ravennam
1190 849 1345 894 pervenit
1377 849 1431 890 ΙΙ,
1456 850 1542 891 606,
1571 851 1627 884 18.

955 894 1138 929 Ariminum
1166 895 1253 939 petit
1276 895 1331 936 ΙΙ,
1355 896 1443 937 607,
1470 895 1523 928 15.
1548 906 1629 939 pro-

954 951 1113 983 gressus,
1137 945 1250 974 castra
1282 944 1427 973 metatur
1458 940 1500 972 ad
1523 941 1630 972 Busta

955 986 1134 1020 Gallorum
1152 986 1196 1028 ΙΙ,
1221 988 1297 1021 610,
1323 986 1355 1021 3.
1383 985 1531 1018 Totilam
1549 984 1629 1018 offl-

955 1031 999 1065 cii
1024 1032 1182 1066 admonet
1206 1032 1250 1073 ΙΙ,
1267 1032 1344 1073 610,
1371 1031 1426 1065 13.
1449 1041 1527 1063 suos
1549 1031 1630 1064 hor-

955 1081 1047 1111 tatur
1071 1078 1113 1111 ad
1145 1077 1307 1122 praelium
1333 1076 1379 1116 ΙΙ,
1404 1075 1483 1117 614,
1506 1077 1537 1112 7.
1562 1076 1632 1110 dis-

955 1123 1053 1167 ponit
1077 1123 1193 1165 aciem,
1218 1128 1354 1167 statque
1370 1121 1403 1154 in
1424 1133 1527 1155 cornu
1546 1121 1632 1155 sini-

956 1173 1028 1202 stro
1058 1168 1098 1209 ΙΙ,
1121 1169 1212 1209 618,
1237 1169 1269 1202 5.
1296 1167 1443 1211 colloqui
1477 1167 1520 1200 de
1546 1178 1631 1211 pace

957 1213 1075 1248 abnuit
1099 1214 1156 1255 ΙΙ,
1182 1214 1270 1256 620,
1293 1214 1325 1246 2.
1353 1213 1423 1246 eius
1448 1212 1632 1256 providen-

956 1259 1007 1293 tia
1030 1259 1076 1302 ΙΙ,
1101 1260 1180 1300 621,
1205 1258 1256 1292 14.
1282 1258 1391 1291 occiso
1416 1258 1550 1295 Totila,
1575 1258 1632 1291 in-

956 1304 1085 1348 signem
1102 1303 1279 1338 victoriam
1305 1304 1411 1337 refert
1426 1303 1472 1346 11,
1498 1303 1576 1344 623,
1594 1303 1630 1338 7.

955 1351 1043 1389 624,
1068 1351 1122 1385 18.
1149 1355 1184 1384 et
1206 1362 1274 1394 seq.
1303 1349 1338 1383 in
1372 1349 1480 1382 Deum
1510 1352 1632 1392 gratus

956 1395 1002 1438 ΙΙ,
1027 1396 1115 1438 627,
1144 1396 1197 1430 16.
1223 1394 1467 1438 Langobardos
1490 1394 1633 1428 remittit

955 1441 1009 1481 ΙΙ,
1031 1441 1117 1481 627,
1145 1441 1199 1476 19.
1233 1440 1415 1482 Narniam,
1443 1440 1633 1484 Spoletium

957 1496 998 1519 ac
1021 1485 1198 1520 Perusiam
1219 1486 1343 1531 recipit
1368 1486 1409 1526 ΙΙ,
1436 1487 1514 1528 629,
1538 1486 1572 1520 3.
1597 1489 1633 1518 et

957 1530 1099 1565 Romam
1122 1532 1176 1571 ΙΙ,
1201 1532 1285 1571 629,
1311 1534 1364 1566 20.
1400 1531 1495 1564 urbis
1519 1531 1634 1564 claves

956 1577 1000 1610 ad
1018 1577 1099 1621 lmp.
1126 1577 1228 1610 mittit
1250 1577 1295 1618 ΙΙ,
1321 1578 1399 1615 632,
1418 1577 1451 1610 9.
1476 1576 1632 1618 Portum,

955 1621 1058 1667 Nepa
1083 1634 1123 1656 ac
1148 1623 1279 1655 Petram
1298 1628 1472 1668 pertusam
1490 1632 1635 1666 recupe-

955 1671 1012 1701 rat
1037 1667 1079 1708 ΙΙ,
1104 1667 1182 1703 634.
1199 1669 1255 1701 20.
1273 1669 1406 1701 confert
1422 1679 1460 1700 se
1476 1666 1510 1700 in
1530 1667 1634 1700 Cam-

954 1712 1086 1758 paniam
1104 1713 1151 1754 ΙΙ,
1170 1713 1250 1754 636,
1275 1713 1308 1753 9,
1335 1713 1380 1746 ad
1405 1712 1473 1746 flu.
1500 1713 1636 1747 Draco-

954 1769 1030 1791 nem
1062 1763 1177 1791 castra
1207 1763 1351 1792 metatus
1383 1758 1436 1802 ΙΙ,
1462 1758 1549 1800 637,
1575 1760 1633 1793 20.

954 1803 1141 1882 fir-aeliatur
1164 1803 1210 1845 U,
1234 1804 1312 1844 639,
1336 1805 1369 1838 8.
1396 1803 1511 1838 occiso
1550 1815 1634 1847 rege

992 1851 1057 1891 eia,
1085 1860 1202 1894 pacem
1227 1849 1368 1882 Gotthis
1397 1860 1437 1882 ea
1459 1849 1535 1892 lege
1551 1861 1634 1882 cou-

955 1894 1060 1935 cedit,
1086 1898 1124 1927 ut
1148 1906 1190 1927 ex
1209 1894 1311 1928 Italia
1327 1894 1471 1938 migrent
1488 1894 1532 1934 ΙΙ,
1553 1894 1633 1936 642,

956 1941 1010 1976 14.
1037 1941 1160 1973 Cumas
1188 1939 1320 1984 aliaque
1343 1940 1417 1973 loca
1433 1940 1559 1973 munita
1574 1951 1634 1972 re-

958 1985 1042 2029 cipit
1066 1985 1120 2026 11,
1147 1985 1224 2026 643,
1249 1986 1282 2019 2.
1310 1985 1383 2020 eius
1409 1985 1554 2029 elogium
1585 1985 1632 2026 ΙΙ,

957 2031 1033 2074 199,
1058 2031 1090 2066 5.
1116 2031 1194 2071 599,
1222 2030 1275 2065 14.

908 2075 1038 2110 Narses
1074 2077 1328 2117 Persarmenus,
1351 2075 1462 2110 Aratii
1487 2079 1522 2109 et
1534 2074 1632 2109 Isaa-

954 2121 997 2155 cii
1036 2122 1163 2162 frater,
1190 2121 1294 2155 vincit
1324 2122 1356 2155 in
1383 2121 1540 2155 Armenia
1564 2122 1632 2154 Be-

953 2167 1102 2201 lisarium
1130 2167 1159 2209 1,
1183 2168 1298 2206 59‚13.
1315 2168 1356 2201 ad
1370 2168 1540 2201 Romanos
1557 2177 1632 2199 cum

953 2219 1060 2247 matre
1084 2213 1270 2256 transfugit
1295 2213 1322 2255 Ι,
1353 2215 1419 2254 79,
1444 2213 1475 2246 3.
1517 2212 1633 2246 Phila-

955 2269 1028 2292 rum
1057 2259 1173 2292 Praef.
1199 2259 1325 2292 evertit
1341 2258 1527 2292 Gentilium
1545 2263 1631 2291 tem-

955 2305 1013 2350 pla
1037 2304 1072 2345 Ι,
1099 2304 1185 2346 104,
1221 2305 1253 2338 6.
1278 2305 1313 2337 in
1337 2304 1466 2338 ltaliam
1499 2303 1633 2336 Belisa-

955 2350 1038 2384 rium
1063 2356 1202 2383 secutus
1227 2350 1253 2392 1,
1277 2351 1333 2391 59,
1360 2350 1412 2384 16.
1437 2349 1480 2386 ΙΙ,
1502 2350 1577 2383 199.
1598 2348 1632 2382 5.

956 2395 1096 2429 classem
1120 2395 1214 2429 ducit
1236 2395 1418 2429 Ariminum
1435 2395 1479 2436 ΙΙ,
1494 2394 1574 2437 213,
1590 2394 1622 2427 2.

956 2440 1405 2522 aggraq9navsst19b53·dioni
1428 2439 1561 2517 Auximi
1583 2438 1632 2517 R,

1036 2512 1047 2530 2
1128 2512 1137 2521 ι
1209 2499 1226 2520 e
1242 2498 1341 2520 lsarlo
1377 2497 1498 2530 SUSpeC
1518 2495 1556 2517 US
1622 2510 1631 2525 ‚

955 2533 1036 2574 270,
1059 2533 1091 2566 2.
1120 2532 1246 2566 Erulos
1263 2538 1298 2566 et
1315 2534 1475 2565 Armenos
1494 2530 1526 2563 in
1544 2530 1631 2562 Per-

958 2578 1154 2613 sarmeniam
1178 2578 1272 2612 ducit
1296 2578 1340 2619 11,
1364 2578 1445 2618 261,
1465 2575 1517 2609 15.
1549 2575 1632 2608 Col-

956 2625 1043 2669 legis
1083 2625 1327 2658 cunctationem
1375 2621 1558 2666 exprobrat
1601 2620 1630 2662 Ι,

957 2671 1049 2711 264,
1070 2671 1104 2705 7.
1140 2670 1275 2704 fortiter
1309 2667 1468 2701 dimicans
1491 2666 1631 2700 moritur

957 2716 988 2758 1,
1007 2716 1087 2756 265,
1112 2715 1166 2750 14.

912 2761 1033 2797 Naves
1057 2762 1130 2795 sine
1165 2761 1235 2794 ullo
1260 2758 1352 2791 ferro
1385 2758 1581 2802 compactae
1602 2756 1630 2797 Ι,

962 2809 1041 2849 101,
1067 2807 1120 2844 15.
1144 2805 1241 2841 navis
1264 2806 1421 2847 Aeneae,
1455 2807 1631 2838 asservata

1300 2851 1354 2893 33
