1800 3126
551 165 742 210 NOTAE
774 165 1068 210 ALEMANNI.
1443 163 1543 212 433

85 276 217 316 titulo.
277 275 400 314 Petro
437 275 733 327 gloriosissimo
775 277 976 327 magistro
1023 274 1258 315 divinorum
1297 275 1592 326 officiorum.'A
1615 277 1661 314 82

85 335 204 374 Venit
238 345 328 370 cum
365 333 453 370 aliis
489 334 647 384 imperii
683 334 917 384 primatibus
946 334 1134 384 Vigilium
1162 345 1308 383 papam
1337 331 1384 369 ad
1419 346 1544 384 syno-

87 389 183 431 dum
211 389 688 440 Constantinopolitanam
715 397 960 439 evocaturus,
999 397 1043 428 ut
1071 397 1129 428 est
1156 388 1306 426 ibidem
1336 389 1468 427 collat.
1499 391 1542 429 2.

82 446 197 487 Alius
227 452 286 483 est
313 447 454 483 Petrus
476 447 700 498 praefectus
728 448 949 497 praetorio,
990 445 1040 484 de
1070 460 1147 499 quo
1177 446 1294 483 infra.
1354 447 1428 483 Hic
1459 453 1543 483 erat

83 503 299 554 Illyriensis
342 504 469 553 patria
506 501 815 551 Thessalonica,
857 516 912 540 ex
949 502 1150 541 advocatis
1188 502 1396 541 ordinariis
1433 503 1542 540 urbis

84 559 499 610 constantinopoleos,
541 558 662 598 homo
691 560 882 610 singulari
910 559 1121 610 prudentia
1153 567 1192 597 et
1222 558 1540 608 mansuetudine,

83 621 124 654 ot
161 614 213 652 ad
243 614 566 667 persuadendum
607 622 872 667 comparatus,
910 623 954 654 ut
990 618 1206 668 Procopius
1239 618 1294 653 ait
1330 617 1371 655 l..
1391 616 1412 656 1
1445 617 1542 654 bell.

84 670 221 710 Gotth.
261 679 300 709 et
338 671 515 710 Cassiod.
544 673 574 710 l.
607 675 672 715 10.
710 674 801 711 Var.
836 673 950 724 epist.
980 675 1044 713 19.
1090 674 1165 712 Vir
1195 673 1545 724 eloquentissimus

81 729 231 769 Petrus
255 729 416 780 legata-s·
441 731 669 767 serenitatis
695 736 860 778 vestrae,
887 736 923 766 et
945 727 1133 767 doctrina
1160 743 1358 778 summus,
1389 737 1423 766 et
1449 743 1546 767 con-

82 787 272 823 coientiae
299 786 484 823 claritate
503 788 765 836 praecipuus.
822 784 921 824 Vide
945 788 1059 837 epist.
1086 788 1141 827 22
1171 785 1350 824 eiusdem
1378 787 1469 824 libri
1490 788 1544 827 23

81 841 154 881 sed
187 841 384 893 profunda
421 844 598 880 avaritia.
657 844 752 880 Post
789 841 961 880 reditum
1001 856 1054 880 ex
1083 844 1219 880 Italica
1255 844 1455 894 legatione
1493 841 1546 880 ad

82 897 356 947 Theodatum‚
395 901 584 949 magister
610 899 830 937 officiorum
861 906 1034 937 creatur:
1074 899 1237 937 tandem
1264 901 1307 937 in
1337 898 1545 937 Persidem

82 955 236 1006 legatus
266 955 317 993 ad
346 953 561 993 ΟΙιοειὊόιη
589 956 772 993 mittitur.
831 956 999 1008 Scripsit
1027 954 1234 994 historiam
1264 963 1303 993 et
1336 955 1384 993 de
1423 969 1546 1007 repu-

82 1011 205 1060 blica,
236 1010 327 1048 vide
356 1012 471 1063 plura
500 1011 606 1063 apud
635 1011 803 1050 Suidam
830 1013 949 1050 verbo
982 1012 1158 1065 Πέτρος,
1191 1020 1229 1050 et
1257 1013 1377 1050 verbo
1408 1011 1547 1064 ἐμβρι-

81 1064 180 1118 θής.
233 1069 330 1106 Eius
357 1067 563 1106 historiam
590 1082 672 1106 non
696 1068 791 1117 vidi,
821 1068 892 1107 sed
915 1068 1112 1122 quaedam
1139 1070 1361 1120 fragmenta
1391 1069 1471 1119 legi
1502 1070 1546 1105 in

80 1123 322 1163 bibliotheca
354 1126 544 1164 Vaticana
582 1127 624 1162 in
661 1126 809 1176 eclogis
849 1125 898 1163 de
933 1127 1212 1177 legationibus.
1270 1128 1422 1163 Iterum
1461 1127 1546 1162 eius

81 1183 232 1220 mentio
262 1189 322 1219 est
349 1182 452 1219 infra
490 1196 530 1233 p.
560 1184 654 1224 107.
712 1185 840 1220 Huius
878 1155 997 1220 filiuso
1011 1181 1250 1221 Theodorus
1283 1195 1385 1220 anno
1423 1183 1547 1219 Iusti-

81 1239 194 1276 niani
221 1239 426 1289 trigesimo
449 1246 587 1290 quarto
612 1238 897 1290 perduellionis
926 1240 1181 1277 insimulatus
1211 1246 1283 1277 est.
1342 1238 1456 1286 Quod
1484 1239 1547 1276 illi

82 1307 226 1332 manus
255 1296 378 1332 altera
408 1303 511 1334 esset
538 1295 713 1344 brevior,
745 1294 998 1350 Κοντοχέρην
1028 1297 1291 1347 appellarunt.

193 1353 238 1389 P.
263 1354 328 1400 97,
361 1351 399 1392 5.
457 1353 562 1390 Erat
591 1352 819 1390 Iustiniana
849 1353 901 1390 ab
931 1354 1113 1404 epistolis
1138 1350 1322 1403 Priscus]
1353 1350 1468 1389 Idem
1496 1349 1548 1388 de

81 1408 216 1446 Prisco
245 1409 302 1445 ita
331 1409 450 1446 refert
478 1407 769 1460 Theophanes,
799 1408 870 1447 sed
900 1423 953 1446 ex
984 1410 1061 1448 alio
1092 1417 1251 1458 autore,
1283 1408 1549 1461 quemadmo-

83 1462 180 1502 dum
209 1471 292 1502 tute
319 1465 444 1503 lector
475 1466 701 1516 intelliges·
692 1494 702 1513 ,
737 1478 858 1517 quare
887 1479 967 1504 non
998 1466 1142 1504 frustra
1176 1439 1357 1503 dolemus
1385 1472 1444 1503 tot
1474 1478 1548 1502 ve·-

80 1527 212 1559 terum
239 1527 422 1559 autorum
450 1522 655 1570 iacturam,
688 1524 758 1574 qui
787 1521 940 1571 eadem,
972 1535 1074 1575 quae
1103 1525 1319 1574 Procopius
1350 1520 1398 1559 de
1422 1522 1547 1559 Iusti-

79 1579 199 1615 niano
228 1590 274 1616 ac
301 1576 515 1616 Theodera
543 1585 765 1616 narrarunt.
830 1575 967 1633 Τούτῳ
997 1582 1052 1635 τῷ
1080 1579 1156 1619 ε’τει
1186 1580 1365 1630 Πρίσκος
1392 1574 1547 1626 ὕπατος

80 1630 161 1675 vimi
180 1635 377 1688 νοταρίων
400 1637 473 1675 τοῦ
502 1635 691 1688 βασιλέως
715 1620 1034 1703 οἷγανακτηθεὶς
1037 1634 1119 1676 υπὸ
1140 1633 1352 1687 Θεοδωρας
1375 1638 1447 1686 τῆς
1475 1636 1546 1700 βα-

81 1691 258 1743 σιλίσσης
299 1687 525 1743 ἐδημεύθη,
561 1691 629 1732 καὶ
658 1688 848 1740 διάκονος
879 1693 1055 1740 Κυζίκου
1087 1688 1373 1745 ἐχειροτονήθη
1412 1687 1549 1730 κελεύ-

82 1759 226 1796 σαντος
257 1750 333 1787 τοῦ
373 1749 573 1799 βασιλέως.
638 1749 732 1786 Hoc
766 1763 894 1799 αηηο,
937 1762 1082 1800 nempe
1112 1750 1322 1786 Iustiniani
1356 1750 1543 1799 septimo,

79 1805 250 1842 Priscus
278 1804 432 1852 con-ml,
458 1811 495 1841 et
524 1805 622 1841 olim
649 1806 836 1842 notarius·
864 1806 1131 1855 imperatoris,
1168 1807 1241 1857 qui
1270 1807 1312 1842 in
1342 1819 1382 1840 se
1420 1805 1547 1842 Theo-

82 1859 205 1898 dorae
233 1859 556 1912 indignationem
577 1868 835 1911 converterat,
858 1861 1083 1912 publicatis
1099 1862 1302 1914 fortunis,
1330 1862 1547 1899 Diaconus

85 1918 302 1969 cyzicena-5
329 1919 521 1956 initiatas
550 1925 628 1968 est,
659 1917 814 1955 iubente
848 1917 1030 1956 Caesare.

193 1976 239 2012 P.
264 1975 331 2022 97,
358 1975 424 2014 11.
483 1973 698 2022 Detondet‚
728 1976 979 2025 invitamque
1008 1972 1144 2026 adigit
1173 1971 1233 2011 ad
1258 1971 1546 2023 sacerdotium]

79 2031 168 2068 Mos
204 2031 280 2068 fuit
309 2032 560 2068 orientalium
589 2032 872 2082 imperatorum
902 2033 1067 2068 minime
1105 2029 1466 2077 commendandus,
1502 2036 1548 2066 ut

82 2087 224 2140 quibus
250 2088 358 2124 viam
387 2086 439 2124 ad
466 2087 678 2138 dignitates
710 2086 967 2140 praecludere
995 2089 1167 2135 vellent,
1209 2100 1276 2125 eos
1305 2087 1371 2123 vel
1399 2088 1547 2123 invitos

82 2145 201 2182 sacris
230 2142 445 2182 initiandos
487 2151 682 2182 curarent.
742 2147 909 2183 Ioannes
940 2143 1159 2195 Cappadox
1187 2142 1262 2180 hac
1292 2142 1430 2180 eadem
1462 2149 1546 2179 arte

31 2245 36 2251 .
82 2212 108 2238 a
133 2198 348 2238 Theodora
374 2202 683 2249 circumventus,
727 2214 749 2238 a
779 2203 899 2239 sacris
928 2200 1122 2238 faciendis
1161 2201 1370 2247 abstinuit,
1413 2213 1463 2236 ne
1495 2197 1547 2235 ad

82 2256 294 2308 imperium
329 2256 438 2309 quod
466 2258 542 2295 sibi
575 2271 676 2295 vane
704 2258 990 2309 pollicebatur,
1034 2256 1320 2308 impedimento
1357 2255 1401 2293 id
1429 2256 1547 2293 foret.

81 2313 250 2361 Primus,
282 2327 451 2366 quorum
478 2313 581 2355 mihi
609 2313 729 2352 modo
759 2317 867 2351 venit
896 2316 938 2352 in
964 2321 1156 2362 mentem,
1189 2312 1265 2351 hoc
1295 2315 1376 2364 egit
1405 2311 1547 2350 Theo-

85 2367 216 2408 dusius
243 2372 387 2420 iunior,
418 2372 488 2423 qui
518 2372 667 2423 Cyrum
693 2373 890 2422 praetorio
920 2372 1178 2422 praefectum,
1208 2371 1258 2408 ob
1288 2383 1378 2407 eam
1405 2369 1544 2421 populi
1567 2375 1595 2410 P
1621 2375 1690 2412 150

81 2437 234 2475 vocem,
263 2429 399 2479 Κῦρος
426 2427 494 2468 καὶ
524 2429 580 2475 εἰς
608 2425 703 2467 ἄλλο
732 2423 898 2478 νικήσει.
956 2429 1059 2465 Alia
1081 2435 1117 2464 te
1134 2434 1265 2464 manet
1290 2426 1388 2477 Cyre
1415 2429 1545 2463 victo-

83 2483 320 2534 rim-*quam
345 2486 388 2521 in
416 2483 670 2536 tyrannidem
698 2482 951 2522 Theodosius
979 2486 1258 2535 interpretatus
1289 2490 1370 2530 est,
1403 2483 1546 2533 Smyr-

83 2549 160 2575 me
186 2539 279 2577 fecit
307 2542 557 2593 episcopum.
587 2542 851 2592 posteriorum
882 2539 1025 2578 deinde
1055 2542 1299 2578 Graecorum
1328 2540 1543 2577 Caesarum
1565 2544 1599 2581 V
1622 2545 1694 2582 370

83 2594 219 2632 nullus
245 2596 326 2634 fere
356 2605 437 2646 est,
468 2599 538 2650 qui
565 2599 607 2634 in
636 2598 803 2635 rebelles
834 2599 1004 2647 amicos,
1032 2599 1098 2636 vel
1127 2598 1441 2648 consanguineos
1472 2596 1545 2633 ab-

85 2649 248 2688 surdam
275 2650 377 2691 hanc
405 2668 490 2692 rem
518 2667 600 2692 non
630 2655 853 2692 commiser·
845 2655 889 2691 ..t

196 2707 368 2758 P.100‚
398 2710 439 2751 4.
499 2712 631 2749 Neruo
660 2711 804 2748 bovino
833 2723 860 2747 a
877 2711 1021 2760 fronte
1049 2708 1110 2748 ad
1134 2724 1255 2748 aures
1285 2708 1547 2759 circumacto]

85 2763 173 2800 1100
195 2775 320 2814 genus
343 2766 584 2806 crudelitatis
609 2774 647 2805 et
670 2769 711 2804 in
731 2769 902 2805 Bassum
923 2769 1136 2837 patricium
1162 2767 1387 2804 exercuisse
1408 2763 1548 2803 Theo-

87 2817 238 2868 doram,
268 2821 310 2858 in
337 2825 517 2876 πατρίοις
543 2825 621 2863 CP.
647 2825 745 2863 olim
770 2825 958 2876 legimus.
1016 2821 1079 2866 Τα
1109 2821 1154 2866 δὲ
1174 2819 1338 2864 Βάσσου
1363 2819 1548 2877 ἀνήγειρε

142 2880 328 2926 Ρτοοορίιιε
358 2883 426 2919 111.
1218 2878 1273 2919 28
