1754 3132
231 160 296 206 46
814 164 1077 207 PROCOPII

112 286 142 317 A
165 284 210 319 ΒΟ
232 272 393 327 οὐδαμῆ
423 276 476 330 τῇ
507 271 612 330 νόσῳ
648 269 811 322 ἁλόντες
839 272 864 327 ἢ
895 271 1167 328 ὖγιαξόμενοι,
1200 274 1331 328 ἐπειδὴ
1355 276 1492 330 σφίσιν
1512 273 1664 317 ἁλῶναι

230 340 385 394 ξυνέβη.
454 339 584 396 ἄνδρα
606 341 650 382 δὲ
668 345 813 382 τοῦτον
839 342 1045 396 διαφυγεῖν
1064 338 1270 398 ἀνθρώπῳ
1289 358 1329 395 γε
1354 341 1438 383 lim
1457 346 1538 384 τῶν
1560 340 1664 384 πάν-

230 425 311 450 των
332 405 539 460 Ῥωμαίων
573 407 703 450 οὐδενὶ
737 407 983 462 ξυνηνέχθη,
1021 407 1114 449 ἀλλ’
1139 406 1271 463 ὥσπερ
1294 425 1331 450 τι
1354 408 1452 451 ἄλλο
1473 410 1515 459 ἐξ
1538 409 1664 463 οὖρα-

230 479 302 518 νοῦ
335 472 471 522 πάθος
501 473 583 532 ὅλῳ
616 478 673 531 τῷ
697 474 795 528 γένει
819 474 1046 517 ἐπεισπεσόν
1070 474 1275 530 ἀνέπαφον
1296 475 1439 518 οὐδένα
1461 480 1666 525 παντελῶς

230 542 348 584 εἷἀσε.
416 541 511 590 τοὺς
529 542 602 594 μὲν
622 541 698 596 γὰρ
718 541 880 584 ἔκτεινεν
902 542 1032 584 οὐδενὶ
1048 539 1177 598 λόγῳ,
1205 541 1300 590 τοὺς
1325 543 1370 583 δὲ
1398 543 1512 601 πενίᾳ
1531 552 1696 597 μαχο-5

229 609 375 662 μένους
391 607 504 663 ἀφεὶς
522 607 796 663 ἀθλιωτέρους
816 613 896 651 τῶν
910 606 1246 663 τετελευτηκότων
1264 606 1475 664 εἷργοῖζετο,
1501 609 1666 663 εὐχομέ-

232 692 328 725 νους
347 675 397 717 τὰ
418 673 602 730 παρόντα
625 678 739 731 σφίσι
762 667 950 718 διαλῦσαι
973 674 1145 733 θανάτῳ
1167 677 1366 733 οῗκτίστῳ.
1434 681 1552 719 τινῶν
1570 677 1666 731 με’ν-

233 759 294 785 τοι
316 742 385 792 ξῦν
402 749 487 791 τοΐς
502 739 683 798 χρήμασι
700 745 767 784 καὶ
787 743 861 792 τὰς
879 743 1017 796 ψυχὰς
1038 741 1150 786 εἶλεν.
1220 743 1302 784 ἐπεὶ
1325 743 1368 784 δὲ
1387 742 1503 786 οὐδέν
1518 739 1569 798 ἦν
1590 744 1666 786 αἰ-

229 814 287 867 uf»
317 807 447 864 μόνην
475 813 703 852 καταλῦσαι
723 810 796 864 τὴν
812 809 1018 863 Ῥωμαίων
1038 810 1189 866 ἀρχὴν,
1225 807 1392 864 Λιβύης
1413 827 1456 852 τε
1477 813 1543 853 καὶ
1561 811 1666 853 Ἰτα-

90 885 121 918 V
144 883 211 918 293
233 878 322 926 λίας
349 876 423 920 οὐκ
453 875 577 919 ἄλλον
603 894 676 919 του
705 877 816 919 ἕνεκα
844 882 1094 932 πεποιῆσθαι
1123 878 1196 932 τὴν
1223 875 1480 933 ἐπικράτησιν
1507 877 1668 932 ἴσχυσεν
1680 889 1722 922 10

112 952 140 984 Ρ
163 954 205 987 21
228 943 253 999 ἢ
272 943 374 987 ὥστε
391 944 462 994 ξὺν
481 951 567 992 τοῖς
586 941 781 1000 πρότερον
799 943 876 1001 ὕφ’
899 944 1010 1003 αὑτῷ
1031 941 1121 987 οὖσι
1141 944 1317 987 διολέσαι
1334 944 1431 993 τοὺς
1447 943 1578 1001 ταύτῃ
1596 945 1669 988 ἆν-

230 1010 441 1067 θριῦπους.
509 1011 621 1054 οὔπω
641 1017 737 1066 γοῦν
756 1015 967 1062 δεκαταῖος
985 1015 1040 1062 εἷς
1058 1012 1132 1066 τὴν
1149 1010 1319 1065 δύναμιν
1339 1012 1507 1067 γεγονὼς
1518 1010 1670 1065 Ἀμάν-

229 1096 316 1122 τιον
343 1083 424 1121 τῶν
455 1079 495 1120 ἓν
524 1080 709 1136 παλατίῳ
737 1078 936 1134 εὐνούχων
958 1079 1136 1135 ἄρχοντα
1159 1079 1229 1130 ξῦν
1252 1078 1400 1134 ἑτέροις
1421 1081 1522 1122 τισὶν
1543 1080 1585 1130 ἐξ
1604 1081 1670 1121 αἲ-

229 1147 318 1195 τίας
336 1145 526 1199 οὐδεμιᾶς
546 1145 724 1198 ἔκτεινεν,
751 1146 848 1188 ἄλλο
872 1147 989 1188 οὐδὲν
1009 1151 1067 1204 τῷ
1086 1145 1294 1204 ἀνθρώπῳ
1312 1146 1540 1202 ἐπενεγκὼν,
1565 1144 1670 1201 πλήν

228 1230 270 1269 γε
299 1212 348 1266 δὴ
378 1211 440 1254 ὅτι
466 1214 506 1261 ἐς
534 1210 724 1267 Ἰωάννην
751 1213 822 1255 τὸν
850 1217 924 1267 τῆς
944 1211 1097 1262 πόλεως
1118 1213 1302 1269 ἀρχιερέα
1323 1211 1439 1268 λόγον
1456 1213 1547 1256 τινὰ
1565 1230 1666 1269 προ·
1680 1223 1722 1259 15

229 1284 330 1333 πετῆ
372 1279 485 1322 εἴποι.
555 1281 622 1321 καὶ
636 1277 641 1281 ’
656 1279 737 1321 ἀπ’
777 1280 904 1323 αὐτοῦ
940 1278 1228 1337 φοβερώτατος
1254 1280 1409 1336 γέγονεν
1439 1278 1670 1337 ἀνθρώπων

229 1345 435 1390 ἁπάντων.
477 1345 623 1388 αὐτίκα
644 1347 689 1389 δὲ
708 1349 773 1389 καὶ
796 1348 1040 1391 Βιταλιανὸν
1062 1339 1137 1390 ‘cdv'
1149 1345 1348 1404 τύραννον
1369 1348 1669 1402 μετεπέμψατο,

227 1409 261 1474 ᾧ
282 1414 331 1469 δὴ
353 1413 403 1456 τὰ
427 1413 550 1456 πιστοὶ
567 1411 763 1470 πρότερον
783 1413 885 1471 ὑπὲρ
911 1420 986 1469 τῆς
1005 1415 1229 1471 ἀσφαλείας
1250 1415 1492 1469 παρέσχετο,
1525 1417 1671 1458 διαλα-

223 1481 308 1535 χιὺν
329 1480 440 1538 αὐτῷ
460 1483 527 1523 καὶ
545 1485 627 1523 τῶν
646 1482 688 1523 ἐν
706 1484 971 1538 Χριστιανοῖς
986 1483 1236 1538 μυστηρίων.
1304 1482 1422 1540 ὀλίγῳ
1439 1499 1483 1525 τε
1499 1480 1669 1539 ὕστερον

227 1549 270 1599 ἐξ
298 1547 482 1602 ὑποψίας
507 1547 619 1606 abug*
642 1548 992 1606 προσκεκρουκότα
1016 1550 1086 1600 ξὺν
1107 1557 1191 1599 τοῖς
1215 1550 1450 1604 ἐπιτηδείοις
1470 1550 1512 1592 ἐν
1531 1553 1725 1594 naza-20

226 1617 301 1673 τίῳ
319 1614 425 1674 λόγῳ
446 1614 577 1658 οὐδενὶ
598 1614 860 1672 διεχρήσατο,
896 1619 1048 1667 πίστεις
1066 1615 1173 1667 οὕτω
1193 1614 1426 1666 δεινοτάτας
1442 1617 1672 1682 ima-[cama

227 1683 390 1737 οὐδαμῆ
415 1680 603 1732 ἀξιώσας.

319 1803 352 1837 1.
379 1796 404 1845 ἢ
426 1797 656 1845 ὑγιαζόμενοι
679 1811 722 1834 ex
745 1801 823 1836 MS.
846 1801 940 1835 Med.
966 1801 1071 1835 Alem.
1094 1806 1129 1835 et
1152 1803 1192 1836 P.
1217 1798 1239 1846 ἢ
1261 1800 1281 1822 *
1302 1799 1492 1846 γενόμενοι
1514 1802 1560 1834 A:
1580 1801 1670 1835 unde

319 1846 475 1891 Toupius
498 1844 520 1891 ἢ
543 1845 827 1890 περιγενόμενοι.
918 1846 1001 1880 ibid.
1027 1846 1174 1891 σφίσιν]
1203 1848 1307 1888 σφίσι
1329 1847 1400 1880 ΑΡ.
1492 1848 1548 1880 10.
1571 1847 1671 1890 ἴσχυ-

322 1892 402 1936 σεν]
431 1890 600 1927 ἔσπευσεν
625 1892 741 1926 Reisk.
877 1892 931 1926 16.
956 1892 1209 1937 φοβερώτατος
1230 1893 1268 1928 Ρ.
1314 1890 1563 1937 φοβερώτερος
1585 1893 1624 1925 Α.

231 1993 327 2028 libris
350 1992 383 2026 in
408 1997 514 2027 totum
534 1993 609 2027 fere
631 1997 797 2026 terrarum
821 1993 936 2026 orbem
959 1992 1150 2037 pervasisse
1176 1992 1407 2034 narravimus,
1442 2003 1508 2026 non
1534 1991 1673 2036 paucio-

232 2049 289 2072 res
312 2037 461 2071 homines
480 2038 534 2072 vel
557 2049 622 2071 non
649 2042 844 2080 conceptam
868 2038 1019 2082 effugere
1050 2038 1215 2081 contigit,
1246 2038 1300 2070 vel
1330 2041 1524 2081 conceptam
1554 2037 1672 2081 depel-

232 2084 314 2121 lere,
342 2094 440 2126 quam
465 2095 506 2116 ea
529 2083 654 2127 perire.
678 2085 724 2116 At
747 2082 963 2116 Iustinianum
988 2083 1130 2116 evitavit
1151 2094 1246 2116 nemo
1273 2083 1494 2122 Romanorum
1515 2083 1672 2123 omnium,

231 2127 292 2172 qui
314 2128 407 2161 velut
431 2139 450 2160 e
474 2128 567 2161 caelo
591 2127 736 2160 immissa
759 2127 927 2170 pernicies
949 2139 990 2161 ac
1012 2129 1106 2161 labes
1127 2128 1249 2161 nullum
1267 2139 1335 2161 non
1353 2127 1484 2168 infecit,
1506 2127 1590 2160 alios
1611 2138 1672 2160 ne·-

229 2172 318 2206 sarie
341 2172 384 2206 de
406 2172 516 2206 medio
539 2172 693 2212 sustulit3
718 2172 792 2205 aliis
820 2172 922 2206 vitam
946 2173 1020 2206 dira
1043 2172 1271 2207 afflictandam
1295 2176 1449 2216 egestate
1466 2173 1672 2212 condonans,

230 2217 377 2262 perditis
407 2217 597 2250 miseriores
629 2217 768 2255 effecit,
801 2217 859 2262 qui
892 2218 945 2251 vel
978 2217 1205 2251 crudelissimo
1239 2217 1407 2262 supplicio
1439 2217 1544 2251 tantis
1576 2217 1672 2250 malis

230 2262 318 2296 solvi
345 2266 528 2307 cuperent;
564 2262 704 2296 aliorum
734 2263 864 2296 demum
894 2274 956 2297 nec
986 2262 1135 2296 fortunis
1166 2274 1328 2308 parcere,
1361 2274 1424 2296 nec
1446 2262 1539 2296 vitae
1560 2261 1670 2296 libuit.

229 2307 310 2341 Non
334 2307 382 2340 illi
419 2307 503 2341 satis
532 2307 719 2341 Romanum
753 2307 929 2351 Imperium
962 2308 1146 2350 evertisse3
1178 2308 1220 2342 ad
1250 2307 1490 2351 subiugandam
1522 2307 1672 2340 Africam

229 2357 267 2386 et
297 2352 430 2386 ltaliam
461 2353 552 2386 vires
583 2352 770 2392 convertit,
805 2356 842 2386 ut
873 2365 948 2386 cum
976 2353 1138 2387 subiectis
1169 2353 1234 2387 sibi
1259 2351 1448 2387 Provinciis
1473 2351 1548 2386 illas
1569 2351 1670 2385 etiam

229 2401 349 2441 gentes
382 2408 481 2431 unum
515 2398 551 2431 in
585 2397 722 2431 exitium
755 2398 965 2432 deturbaret.
1011 2397 1078 2432 Vix
1111 2398 1258 2432 decimus
1281 2398 1354 2432 dies
1378 2398 1510 2431 abierat
1536 2407 1578 2430 ex
1601 2407 1670 2440 quo

230 2453 303 2476 cum
335 2446 508 2486 potestate
540 2442 624 2484 fuit,
659 2446 696 2476 et
720 2442 907 2476 Amantium
930 2444 1153 2477 eunuchorum
1177 2443 1274 2477 aulae
1297 2442 1481 2488 principem
1502 2441 1671 2476 nonnullis

228 2498 302 2520 cum
326 2486 400 2520 aliis
422 2487 618 2527 interfecit,
651 2487 687 2520 in
713 2488 838 2521 crimen
860 2488 952 2522 illum
975 2500 1018 2522 ea
1039 2492 1167 2522 tautum
1191 2499 1229 2521 re
1253 2488 1398 2527 ducens,
1430 2486 1539 2531 quod.
1554 2486 1670 2520 nescio

228 2543 328 2576 quam
351 2543 469 2566 vocem
493 2533 702 2576 petulantius
733 2533 766 2566 in
804 2533 959 2567 Ioannem
996 2534 1138 2567 iactavit
1166 2532 1259 2566 urbis
1289 2532 1495 2572 antistitum
1527 2543 1572 2566 ex
1603 2542 1670 2575 quo

227 2578 371 2611 omnium
393 2577 556 2610 hominum
580 2576 688 2611 evasit
711 2578 1050 2614 formidolosissimae.
1095 2578 1188 2612 luico
1211 2583 1367 2612 vocatum
1398 2575 1502 2611 mittit
1524 2576 1671 2610 Vitalia-

229 2634 306 2656 num
337 2622 534 2667 Tyrannum
563 2622 631 2655 fide
665 2623 820 2666 publica,
862 2623 1060 2668 impunitate
1093 2623 1276 2669 promissa,
1316 2627 1353 2656 et
1390 2633 1456 2655 una
1498 2620 1671 2666 susceptis

229 2667 499 2702 Christianorum
521 2667 700 2711 mysteriis.
747 2668 859 2701 Paulo·
878 2668 1000 2703 deinde
1031 2674 1110 2714 post
1135 2668 1214 2702 dato
1243 2666 1453 2712 suspicioni,
1484 2670 1588 2710 atque
1615 2666 1671 2700 of-

229 2713 376 2746 fensioni
401 2713 494 2755 loco,
524 2724 598 2745 eum
622 2724 664 2747 ac
687 2713 895 2746 necessarios
917 2713 954 2747 in
978 2715 1062 2749 Aula
1084 2714 1184 2759 inpie
1211 2711 1480 2756 contrucidavit,
1501 2711 1586 2746 nihil
1607 2721 1668 2744 ve-

229 2757 316 2792 ritus
338 2758 436 2792 fidem
460 2758 578 2793 fallere
600 2762 668 2793 tam
692 2758 947 2794 formidandam.
