1858 3126
284 142 378 189 176
855 141 1116 185 PROCOPII

279 270 372 297 κασι
390 253 588 311 τέσσαρες,
622 251 691 302 οὓς
713 256 876 295 καλοῦσι
898 251 1088 303 πεσσοῦς,
1123 250 1192 294 δύο
1211 253 1283 307 μὲν
1302 253 1400 309 πρὸς
1415 258 1588 310 βορρᾶν,
1617 251 1688 298 δῦο

280 323 325 364 δὲ
349 322 448 379 πρὸς
477 321 618 375 ἄνεμον
647 319 781 370 νότον,
827 320 949 361 ἀντίοι
978 337 1018 361 τε
1050 321 1114 360 καὶ
1145 320 1222 362 ἴσοι
1250 320 1453 374 ἀλλήλοις,
1491 323 1620 372 κίονας
1649 324 1689 364 ἓν

278 390 387 446 μέσῳ
417 388 591 444 ἑκάτεροι
614 387 715 430 κατὰ
739 388 932 442 τέσσαρας
963 385 1134 439 μάλιστα
1165 385 1325 439 ἔχοντες.
1391 390 1614 442 πεποίηνται
1647 390 1689 430 δὲ

225 464 259 500 D
283 457 320 498 οἱ
349 455 466 512 λόφοι
500 458 628 503 λίθοις
659 454 885 508 εὐμεγέθεσι
919 452 1101 496 σύνθετοι
1110 485 1121 504 ,
1174 452 1345 508 λογάδην
1381 456 1453 508 μὲν
1499 459 1723 511 συνειλεγ-5

278 524 431 578 μένοις,
466 524 506 571 ἐς
537 519 729 574 ἀλλήλους
756 522 798 562 δὲ
819 520 917 576 πρὸς
941 525 1017 563 τῶν
1047 518 1266 575 λιθολόγων
1299 522 1560 575 ἐπισταμένως
1578 523 1693 579 ἔναρ-

279 594 508 645 μοσθεΐσιν,
544 591 583 637 ἐς
608 587 714 642 ὕψος
738 588 838 642 μέγα
871 589 1077 630 ἱκνοῦνται.
1145 586 1320 637 εἰκάσαις
1354 587 1402 629 ἂν
1425 589 1568 639 αὐτοὺς
1598 588 1695 631 εἶναι

279 658 495 705 σκοπέλους
523 656 626 710 ὀρῶν
657 655 892 708 ἀποτόμους.
977 657 1039 696 ἐπὶ
1073 654 1225 704 τούτοις
1256 655 1299 696 δὲ
1334 656 1476 708 ἀψῖδες
1500 653 1697 711 ’τέσσαρες

279 726 321 767 ἓν
344 722 616 780 τετραπλεύρῳ
643 722 858 775 ἀνέχουσιν.
923 724 989 764 καὶ
1010 722 1140 764 αὐτῶν
1160 722 1209 764 τὰ
1228 722 1299 775 μὲν
1320 721 1423 778 ἄκρα
1442 720 1584 772 ξύνδυο
1604 725 1697 772 ξυν-

279 789 391 833 ιόντα
429 794 483 840 εἷς
519 790 671 843 ἄλληλα
699 791 739 832 ἐν
770 795 818 846 τῇ
849 788 1047 846 ὖπερβολῇ
1077 789 1304 846 ἦρήρεισται
1335 794 1414 831 τῶν
1444 787 1580 846 λόφων
1604 787 1698 831 τού·
1710 800 1752 834 10

218 905 229 914 ,
279 875 383 910 των,
429 858 480 900 τὰ
517 858 560 899 δὲ
601 858 651 911 δὴ
690 856 792 898 ἄλλα
832 858 1029 913 ἔπῃρμένα
1066 859 1119 906 εἷς
1153 857 1370 913 ἀπέραντον
1411 856 1519 910 ὕψος
1563 855 1700 913 ᾐώρη-

279 943 359 970 ται.
427 929 506 967 τῶν
533 925 575 966 δὲ
612 925 770 978 ἀψίδων
800 924 841 966 αἶ
871 926 943 978 μὲν
970 923 1040 965 δύο
1066 924 1166 966 κατὰ
1195 928 1305 966 κενοῦ
1328 929 1398 966 τοῦ
1425 924 1541 980 ἀέρος
1562 925 1702 965 ἐπανε-

280 990 447 1046 στήκασι
463 992 562 1047 πρὸς
583 990 792 1044 ἀνίσχοντά
812 1009 852 1033 τε
878 993 942 1033 καὶ
967 990 1110 1034 δύοντά
1135 1009 1210 1033 που
1235 991 1303 1033 τὸν
1327 991 1450 1045 ἣλιον,
1486 992 1527 1032 αἱ
1552 992 1594 1033 δὲ
1621 995 1702 1032 λει-

281 1058 449 1113 πόμεναι
469 1060 698 1112 οῗκοδομιάν
720 1059 807 1100 τινὰ
829 1061 895 1100 καὶ
909 1060 1042 1108 κίονας
1059 1059 1224 1114 μικροὺς
1249 1061 1394 1114 κομιδῇ
1410 1058 1567 1114 ἔνερθεν
1588 1058 1704 1112 ἔχου-

187 1133 216 1166 Ρ
239 1134 262 1169 7
285 1143 360 1169 σιν.
425 1125 599 1181 ὕπερθεν
634 1126 678 1167 δὲ
720 1126 850 1167 αὐτῶν
890 1126 1123 1182 κυκλοτερὴς
1159 1127 1362 1178 οἰκοδομία
1399 1126 1440 1166 ἓν
1476 1125 1702 1183 στρογγύλῳ
1714 1131 1758 1167 15

282 1195 468 1249 ἓπῇρται·
511 1191 608 1234 ὅθεν
642 1193 702 1234 ἀεὶ
735 1195 897 1251 διαγελᾷ
928 1198 1085 1248 πρῶτον
1115 1191 1140 1246 ἦ
1171 1191 1313 1248 ἡμέρα.
1386 1190 1586 1248 ὑπεραίρει
1612 1193 1703 1250 γὰρ,

282 1259 416 1315 οἶμαι,
455 1259 528 1313 τὴν
554 1263 626 1314 γῆν
657 1258 890 1312 ξύμπασαν,
933 1262 999 1301 καὶ
1030 1261 1214 1300 διαλείπει
1250 1259 1295 1300 τὸ
1326 1257 1573 1313 οῗκοδόμημα
1603 1260 1707 1302 κατὰ

282 1328 437 1383 βραχὺ,
467 1328 685 1379 ἐξεπίτηδες
708 1327 941 1383 παρειμένον
965 1331 1175 1376 τοσοῦτον,
1205 1324 1298 1368 ὅσον
1326 1325 1418 1375 τούς
1441 1326 1618 1382 χώρους,
1658 1320 1707 1368 οὗ

284 1396 334 1450 δὴ
361 1395 404 1437 τὸ
433 1394 665 1450 διῃρημένον
683 1398 752 1448 τῆς
778 1395 1005 1446 οἰκοδομίας
1029 1393 1232 1446 ξυμβαίνει
1258 1391 1365 1443 εἶναι,
1401 1394 1568 1449 φέγγους
1591 1396 1706 1450 διαρ-

283 1467 362 1512 κῶς
390 1461 566 1517 ἀγωγοὺς
591 1459 700 1502 εἶναι.
766 1465 893 1502 ταῦτα
915 1461 970 1511 δὲ,
999 1459 1122 1514 οἶιιαι,
1158 1461 1249 1501 οὐδὲ
1267 1458 1424 1514 γλώσσῃ
1446 1459 1761 1517 τραυλιζούσῃ20

144 1538 175 1571 A
198 1536 262 1572 119
283 1548 324 1572 τε
351 1532 418 1571 καὶ
447 1526 678 1584 ἰσχνοφῶνῳ
709 1527 806 1583 οὔσῃ
829 1527 1015 1581 ἀμήχανα
1044 1527 1165 1568 ἔσται.
1231 1531 1310 1569 τῶν
1335 1527 1492 1580 ἀψίδων
1512 1533 1582 1581 τῆς
1602 1543 1721 1581 συμ-.

283 1602 431 1650 πλοκῆς
456 1597 496 1637 ἓν
515 1593 743 1651 τετραγώνῳ
765 1596 1082 1651 ἐξειργασμένης,
1115 1595 1155 1643 ἐς
1179 1596 1346 1649 τρίγωνα
1366 1595 1539 1651 τέσσαρα
1557 1595 1706 1648 μεταξὺ

283 1665 328 1706 τὸ
351 1664 463 1720 ἔργον
485 1663 792 1704 ἀποτετέλεσται.
859 1664 924 1703 καὶ
947 1660 971 1716 ἡ
992 1663 1063 1714 μὲν
1082 1660 1270 1717 τριγώνου
1291 1659 1458 1702 ἑκάστου
1475 1664 1617 1717 κρηπὶς
1637 1679 1707 1704 πε-

284 1732 469 1784 πιεσμένη
496 1734 545 1785 τῇ
576 1731 615 1780 ἐς
643 1728 816 1783 ἀλλήλας
848 1734 926 1771 τῶν
957 1730 1116 1782 ἀψίδων
1141 1730 1284 1783 ἐνέρσει
1306 1728 1433 1778 ὀξεῖαν
1453 1735 1618 1771 ποιεῖται
1636 1729 1708 1783 τὴν

285 1798 392 1840 κάτω
424 1785 589 1852 γωνίαν,
624 1796 966 1849 συναναβαίνουσα
998 1797 1040 1837 δὲ
1067 1796 1110 1837 τὸ
1138 1795 1272 1836 λοιπὸν
1299 1796 1533 1851 εὖρυνομένη
1559 1801 1610 1852 τῇ
1635 1804 1762 1849 paz-25

232 1875 263 1909 Β
287 1867 383 1915 vagi>
410 1863 525 1922 χώρᾳ
550 1865 590 1913 ἒς
617 1865 661 1906 τὸ
692 1864 920 1919 κυκλοτερὲς
943 1867 1116 1921 τελευτᾷ,
1144 1861 1166 1903 ὃ
1195 1861 1317 1918 ταύτῃ
1339 1863 1476 1915 ἀνέχει,
1501 1865 1645 1918 γωνίας
1666 1865 1709 1906 δὲ

286 1934 517 1986 λειπομένας
538 1933 714 1973 ἐνταῦθα
731 1938 911 1974 ποιεῖται.
977 1929 1118 1974 τούτου
1146 1930 1188 1972 δὲ
1217 1933 1288 1973 τοῦ
1317 1934 1575 1987 κυκλοτεροῦς
1599 1949 1710 1985 παμ-

377 2017 408 2051 1.
433 2012 603 2059 πεσσούς]
627 2013 761 2054 πεσοὺς
784 2015 830 2051 H.

287 2094 371 2128 quos
393 2086 514 2115 vocant
538 2083 632 2127 pilas,
656 2086 798 2126 quatuor
822 2080 931 2121 stant3
955 2080 1020 2114 duo
1039 2080 1083 2114 ad
1096 2080 1372 2125 septentrionem,
1395 2080 1436 2114 ad
1453 2081 1616 2115 meridiem
1631 2081 1710 2124 duo,

288 2127 421 2162 adversi
436 2127 523 2159 inter
538 2139 575 2160 se
591 2132 624 2161 et
639 2127 814 2171 aequalest
846 2131 1022 2169 utrumque
1044 2137 1104 2169 par
1126 2127 1293 2159 columnas
1310 2132 1452 2170 quatuor
1466 2127 1710 2171 comprehendit

287 2172 535 2215 intercapedine
557 2183 628 2206 sua.
675 2171 842 2205 Eiusmodi
868 2171 1005 2216 pilarum
1027 2170 1156 2204 fabrica
1180 2171 1342 2215 lapidibus
1365 2176 1494 2205 constat
1510 2171 1710 2215 ingentibus,

287 2229 370 2263 quos
393 2217 565 2259 diligenter
593 2217 750 2250 collectos
775 2217 857 2250 scite
881 2216 1026 2249 artifices
1051 2215 1291 2250 commiserunt.
1348 2216 1433 2250 Tam
1461 2215 1530 2250 alte
1550 2216 1711 2258 evadunt,

286 2267 324 2296 ut
347 2263 506 2306 abruptos
531 2262 684 2295 montium
710 2262 862 2306 scopulos
885 2260 999 2294 videre
1023 2261 1079 2293 tibi
1099 2261 1253 2296 videaris.
1299 2260 1440 2305 Insuper
1456 2261 1598 2295 eminent
1612 2271 1710 2294 arcus

289 2310 449 2352 quatuor,
473 2307 608 2340 totidem
624 2307 807 2340 efficientes
821 2307 939 2340 latera.
985 2306 1109 2340 Eorum
1125 2306 1232 2351 capita
1254 2305 1332 2340 bina
1347 2310 1484 2347 coeunt,
1508 2306 1711 2350 pilarumque

285 2353 416 2386 illarum
432 2352 574 2395 fastigiis
590 2352 799 2385 incumbunt:
821 2355 1020 2384 curvaturae
1045 2351 1078 2384 in
1092 2351 1280 2384 immensum
1295 2351 1444 2384 sublatae
1458 2351 1615 2395 pendent.
1659 2352 1710 2384 Ac

286 2397 352 2430 duo
366 2396 495 2440 quidem
511 2408 619 2439 arcus,
636 2407 772 2441 quorum
789 2397 872 2430 alter
887 2396 930 2430 ad
943 2396 1102 2429 orientem
1117 2397 1232 2436 solem,
1257 2396 1340 2429 alter
1356 2396 1397 2429 ad
1413 2395 1614 2429 occidentem
1630 2407 1711 2440 spe-

287 2447 370 2486 ctat,
394 2452 501 2474 vacuo
525 2442 558 2475 in
581 2453 659 2475 aere
685 2442 787 2475 erecti
809 2447 907 2476 sunt:
938 2441 1057 2485 reliqui
1079 2451 1161 2474 vero
1184 2441 1387 2485 suppositum
1406 2441 1528 2474 babent
1552 2441 1710 2485 parietem

288 2498 362 2520 cum
386 2486 576 2520 columellis.
622 2487 816 2520 Aedificium
840 2486 928 2520 aliud
953 2486 1118 2520 sustinent
1141 2487 1316 2519 rotundum
1341 2496 1382 2518 ac
1401 2490 1509 2519 teres:
1531 2485 1618 2519 unde
1639 2485 1710 2519 dies

289 2532 400 2566 ridere
415 2543 544 2575 semper
558 2532 684 2575 incipit.
729 2532 898 2565 Universa
916 2531 998 2564 enim
1014 2536 1115 2575 terra,
1137 2531 1248 2572 credo,
1266 2530 1434 2563 sublimius
1449 2535 1511 2572 est,
1535 2542 1576 2563 ac
1589 2530 1710 2565 sensim

290 2576 425 2618 deficit,
446 2582 581 2610 eatenus
607 2577 650 2609 de
673 2576 834 2610 industria
857 2581 1046 2616 tenuatum,
1070 2580 1108 2608 ut
1132 2587 1192 2620 per
1213 2576 1314 2620 ipsius
1338 2580 1510 2619 aperturas
1534 2576 1589 2609 lux
1608 2576 1711 2608 intret

290 2622 431 2658 affatim.
478 2621 566 2654 Hinc
581 2621 689 2663 etiam,
706 2621 836 2666 opinor.
859 2621 1043 2654 balbutiens
1057 2625 1156 2664 atque
1171 2620 1327 2664 impedita
1340 2621 1452 2664 lingua
1465 2632 1540 2654 sese
1553 2620 1712 2665 expedire

290 2668 424 2712 poterit.
471 2667 622 2700 Arcubus
636 2667 670 2700 in
685 2666 844 2710 quadrum
859 2665 1015 2698 connexis
1029 2665 1236 2698 interiectum
1251 2670 1303 2698 est
1317 2676 1413 2710 opus,
1436 2666 1612 2709 triangulis
1626 2675 1710 2709 qua-

290 2718 369 2746 tuor
395 2712 591 2746 absolutum.
647 2712 717 2745 Ima
737 2710 896 2754 trianguli
921 2710 1079 2754 cuiusque
1104 2721 1199 2754 pars,
1226 2721 1342 2754 presse
1367 2711 1552 2755 intercepta
1577 2719 1710 2744 arcuum

291 2758 393 2802 coitu,
418 2761 548 2793 acutum
562 2756 644 2792 facit
657 2757 808 2803 angulum
822 2756 987 2791 infimum:
1013 2755 1132 2790 deinde
1155 2766 1228 2790 cum
1250 2751 1445 2790 intermedio
1462 2755 1568 2800 spatio
1583 2764 1710 2790 sursum
