1858 3126
326 141 422 188 242
914 142 1175 184 PROCOPII

322 251 614 306 ταστησάμενος
631 251 798 300 ἅπαντα,
828 252 953 306 χωρὶς
973 251 1044 303 μὲν
1065 250 1244 306 ἀνδράσι,
1275 253 1398 306 χωρὶς
1418 252 1460 293 δὲ
1479 253 1643 306 γυναιξὶ,
1677 253 1742 292 καὶ

322 321 435 361 οὐδέν
451 337 487 361 τι
506 315 627 373 ἧσσον
644 326 725 367 τοῖς
743 318 864 366 ξένοις
885 319 945 358 ἐπὶ
968 322 1106 372 καιροῦ
1122 319 1337 371 γενομένοις
1357 320 1531 360 ἐνταῦθα
1550 317 1742 371 ἐνδήμοις.

271 400 302 438 Β
459 386 524 428 ια’.
594 384 709 426 Οὕτω
740 384 783 424 δὲ
811 385 876 425 καὶ
901 383 1104 432 Χαλκίδος
1128 382 1274 432 πόλεως
1299 385 1366 425 τὸν
1395 386 1622 440 περίβολον,
1657 387 1732 426 ἔπι-

322 457 487 507 σφαλῶς
514 469 554 493 τε
585 450 709 506 ἀρχὴν
742 448 926 503 γεγονότα
951 452 1017 490 καὶ
1051 448 1127 490 ὑπὸ
1157 454 1233 490 τῶν
1265 451 1359 491 ἐτῶν
1385 451 1739 506 κατερρακωμένον,

320 519 393 560 σὺν
427 522 483 573 τῷ
507 519 799 573 προτειχίσματι
837 515 1153 568 ἀνανεωσάμενός
1178 532 1217 556 τε
1250 519 1316 557 καὶ
1343 521 1474 573 πολλῷ
1501 515 1771 572 ἑχυρώτερονὸ

320 583 664 637 καταστησάμενος
680 582 706 636 ἢ
727 581 915 639 πρότερον
933 578 1001 637 ἦν,
1036 584 1075 632 ἒς
1101 582 1168 624 τὸν
1194 587 1263 624 νῦν
1282 581 1516 639 φαινόμενον
1537 585 1741 636 πεποίηται

318 650 476 705 τρόπον.

443 712 523 756 3Ην
549 716 593 757 δέ
610 733 647 757 τι
670 716 731 756 ἐπὶ
749 717 898 770 Συρίας
919 718 1062 771 κομιδῇ
1087 715 1382 768 ἀπημελημένον
1406 714 1621 766 πολίχνιον,
1654 715 1741 755 Κῦ-

321 799 390 837 ρος
412 782 558 834 ὄνομα,
592 781 684 836 ὅπερ
702 783 884 824 Ἰουδαῖοι
905 785 944 824 ἐν
961 790 1043 831 τοῖς
1064 782 1143 822 ἄνω
1161 780 1320 837 χρόνοις
1338 782 1560 832 ἓδείμαντο,
1594 778 1736 835 δορυιιί-Δ

318 852 437 890 λωτοι
459 850 531 902 μὲν
553 849 594 889 ἐκ
611 851 882 902 Παλαιστίνης
909 851 948 898 ἐς
971 850 1041 902 τὴν
1054 850 1262 902 Ἀσσυρίαν
1282 847 1626 899 ἀποκεκομισμένοι
1645 846 1743 902 πρὸς
1754 853 1796 886 10

266 928 297 962 c
318 920 389 956 τοῦ
410 914 570 968 Μήδων
594 919 785 970 στρατοῦ,
814 916 922 971 παρὰ
945 914 1083 971 Κύρου
1109 916 1150 955 δὲ
1170 915 1364 967 βασιλέως
1386 914 1586 969 ἀφειμένοι
1610 915 1743 968 πολλιῖ

315 981 502 1037 ὕστερον·
538 981 599 1022 διὸ
621 981 669 1034 δὴ
693 983 758 1022 καὶ
777 984 914 1038 Κῦρον
935 982 979 1024 τὸ
996 983 1143 1037 χωρίον
1165 981 1373 1031 ἐκάλεσαν,
1407 984 1533 1022 ταῦτα
1555 983 1611 1035 τῷ
1633 979 1743 1034 εὔερ-

316 1049 407 1102 γέτῃ
436 1049 642 1096 ἐκτίνοντες
664 1047 916 1103 χαριστήρια.
982 1047 1184 1103 προϊόντος
1214 1049 1255 1088 δὲ
1281 1051 1352 1088 τοῦ
1378 1045 1523 1101 χρόνου
1550 1044 1575 1098 ἡ
1608 1047 1743 1100 Κῦρος

316 1113 367 1155 τά
390 1131 429 1154 τε
451 1114 553 1154 ἄλλα
569 1111 791 1168 ὑπερώφθη
813 1116 876 1154 καὶ
897 1115 1111 1166 ἀτείχιστος
1131 1113 1230 1162 ὅλως
1249 1114 1472 1166 μεμένηκεν.
1540 1112 1641 1153 ἀλλὰ
1663 1116 1738 1164 βα-

315 1181 446 1228 σιλεὺς
467 1180 739 1228 Ἰουστινιανὸς
768 1179 853 1232 ἅμα
879 1181 950 1232 μὲν
974 1178 1159 1235 πρόνοιαν
1187 1185 1258 1231 τῆς
1282 1181 1477 1227 πολιτείας
1499 1177 1740 1231 ποιούμενος,
1754 1183 1794 1216 15

314 1244 399 1298 ἅμα
422 1246 465 1286 δὲ
487 1247 552 1286 καὶ
572 1246 665 1294 τοὺς
686 1245 819 1300 ἁγίους
840 1248 1009 1298 Κοσμᾶν
1031 1263 1072 1286 τε
1095 1247 1160 1286 καὶ
1182 1245 1390 1298 Λαμιανὸν
1411 1245 1462 1286 τὰ
1483 1244 1657 1297 μάλιστα
1676 1244 1742 1284 σε’-

312 1316 419 1365 βων,
454 1306 508 1353 ὧν
528 1313 578 1365 δὴ
604 1311 771 1366 ἄγχιστα
791 1330 845 1366 πη
865 1313 913 1353 τὰ
935 1312 1102 1365 σώματα
1124 1314 1188 1352 καὶ
1216 1314 1254 1360 ἐς
1280 1313 1347 1365 ἐμὲ
1370 1318 1510 1362 κεῖται,
1543 1309 1655 1351 πόλιν
1678 1309 1742 1351 εὗ-

260 1388 292 1422 D
317 1381 486 1431 δαίμονα
507 1380 571 1419 καὶ
598 1378 713 1432 λόγου
739 1380 851 1428 ἀξίαν
882 1383 1051 1428 πολλοῦ,
1078 1380 1228 1430 τείχους
1252 1395 1292 1419 τε
1323 1379 1519 1435 ἀσφαλείᾳ
1541 1375 1742 1433 ἐχυρωτά-

311 1462 392 1502 τουλ
409 1447 475 1486 καὶ
503 1450 690 1500 φρουρῶν
715 1445 861 1498 πλήθει
887 1448 952 1486 καὶ
979 1447 1214 1496 οἰκοδομιῶν
1237 1446 1435 1497 δημοσίων
1461 1444 1642 1497 μεγέθει,
1677 1445 1739 1483 καὶ

180 1518 214 1552 V
228 1519 295 1554 426
315 1516 387 1565 τῆς
407 1512 529 1564 ἄλλης
556 1517 798 1563 κατασκευῆς
817 1515 874 1566 τῷ
900 1514 940 1560 ἒς
966 1511 1064 1566 ἄγαν
1093 1515 1395 1566 μεγαλοπρεπεῖ,
1429 1512 1635 1562 πεποίηται
1654 1511 1740 1549 Κῦ-
1751 1513 1796 1547 20

314 1595 398 1634 ρον.
464 1576 611 1631 ταύτης
638 1578 681 1618 δὲ
711 1583 780 1630 τῆς
802 1576 950 1626 πόλεως
977 1578 1026 1618 τὰ
1050 1579 1122 1630 μὲν
1149 1577 1255 1626 ἐντὸς
1276 1577 1421 1625 ὓδατος
1444 1576 1575 1631 ἄπορα
1600 1578 1642 1616 ἐκ
1662 1593 1742 1616 πα.-

313 1648 428 1685 λαιοῦ
449 1639 518 1697 ἦν,
553 1644 716 1685 ἔκτοσθε
738 1645 779 1685 δὲ
796 1643 1000 1699 ὑπερφυής
1022 1661 1081 1692 τις
1102 1642 1264 1697 ἐγεγόνει
1286 1643 1414 1696 πηγὴ,
1448 1644 1651 1699 περιουσία
1672 1643 1743 1694 μὲν

312 1710 526 1764 πλήθουσα
549 1713 723 1763 ποτίμων
743 1709 913 1759 ὑδάτων,
935 1709 1122 1762 ἀνόνητος
1145 1711 1186 1750 δὲ
1205 1716 1286 1758 τοῖς
1304 1711 1396 1764 τῇδε
1412 1708 1623 1764 ᾠκημένοις
1641 1726 1741 1749 παν-

311 1777 482 1819 τάπασιν
511 1771 637 1826 οὖσα,
673 1779 752 1818 ἐπεὶ
788 1778 858 1817 οὐκ
885 1775 987 1828 εἶχον
1016 1775 1110 1817 ὅθεν
1149 1776 1197 1817 ἂν
1223 1777 1378 1816 ἐνθένδε
1409 1774 1589 1830 ἂρύοιντο
1616 1774 1740 1830 ὕδωρ,

312 1843 371 1884 ὅτι
398 1843 455 1897 μὴ
482 1841 588 1900 πόνῳ
613 1859 653 1884 τε
679 1845 745 1884 καὶ
771 1842 937 1900 κινδύνῳ
959 1842 1130 1900 μεγάλῳ.
1196 1842 1391 1898 περιόδοις
1418 1858 1459 1884 τε
1490 1843 1567 1898 γὰρ
1598 1840 1794 1883 αὖτόσε25

311 1980 425 2003 norem
456 1969 604 2003 adhibuit
637 1969 879 2013 providentiam
912 1969 1098 2016 peregrinis
1110 1994 1120 2013 ‚
1156 1969 1203 2003 ibi
1233 1968 1479 2003 diversantibus
1510 1968 1552 2002 ad
1577 1967 1740 2012 quoddam

309 2019 375 2048 tem
403 2025 453 2047 us.

378 2027 457 2092 Ρ11.
505 2058 563 2091 Sic
582 2058 679 2091 etiam
702 2059 795 2091 urbis
811 2058 977 2091 Chalcidis
1001 2059 1129 2091 moenia
1153 2057 1196 2091 ab
1218 2058 1308 2090 initio
1326 2057 1455 2089 infirma
1470 2061 1570 2100 atque
1584 2055 1676 2088 annis
1691 2055 1738 2088 di-

311 2108 411 2146 rupta
435 2113 507 2135 cum
531 2102 686 2136 exteriori
709 2113 801 2135 muro
826 2103 1043 2144 instauravit3
1064 2102 1152 2146 quod
1174 2114 1256 2146 opus
1281 2103 1378 2145 longe
1393 2107 1443 2135 est
1456 2101 1559 2146 priori
1574 2100 1738 2134 validius:

312 2153 349 2180 et
366 2157 464 2190 quam
479 2147 638 2181 ceruimus
654 2147 751 2180 hodie
762 2173 771 2189 ,
794 2147 930 2179 formam
949 2147 1028 2191 ipsis
1042 2157 1082 2180 ac
1100 2147 1242 2190 speciem
1257 2146 1359 2179 dedit.

400 2191 438 2224 In
454 2191 557 2234 Syria
572 2192 658 2224 nullo
673 2192 744 2224 fere
760 2191 832 2223 loco
850 2192 1035 2225 habebatur
1049 2191 1215 2235 oppidum,
1241 2191 1291 2223 cui
1307 2201 1423 2224 nomen
1442 2190 1563 2234 Cyrus.
1606 2189 1646 2222 Id
1661 2188 1737 2222 olim

311 2245 331 2268 a
344 2235 474 2268 Iudaeis
490 2235 654 2268 conditum
670 2236 751 2275 fuit,
776 2246 859 2279 quos
881 2247 954 2269 cum
971 2236 1143 2269 Medorum
1160 2235 1322 2268 exercitus
1345 2247 1363 2268 e
1382 2234 1571 2268 Palaestina
1587 2245 1624 2266 ca
1649 2234 1739 2266 tivos

310 2279 343 2313 in
359 2280 528 2322 Assyriam
544 2280 744 2320 abduxisset,
766 2280 889 2314 liberos
906 2281 1008 2313 multo
1025 2286 1101 2324 post
1116 2292 1174 2313 rex
1189 2280 1299 2323 Cyrus
1315 2280 1445 2313 dimisit.
1489 2278 1615 2311 Idcirco
1643 2289 1735 2311 ocum

310 2324 523 2368 appellavere
540 2325 684 2367 Cyrum,
707 2325 790 2357 hanc
814 2325 963 2358 benefico
988 2325 1128 2369 principi
1152 2325 1291 2367 gratiam
1314 2324 1542 2369 rependentes.
1589 2323 1735 2366 Progre-

310 2368 422 2402 diente
437 2372 603 2412 tempore,
627 2369 659 2402 in
681 2374 806 2402 tantum
829 2370 922 2403 venit
942 2375 1162 2413 contemptum
1180 2370 1309 2412 Cyrus,
1334 2374 1370 2401 ut
1389 2368 1515 2401 omuino
1531 2377 1642 2400 muros
1658 2368 1738 2400 ami—

310 2412 405 2447 serit.
452 2413 576 2446 Verum
590 2413 790 2447 Iustinianus
805 2417 890 2457 Aug.
907 2414 999 2447 simul
1016 2414 1152 2458 provido
1168 2414 1199 2446 in
1215 2424 1317 2457 remp.
1331 2413 1439 2445 studio
1455 2412 1628 2453 adductus,
1644 2412 1737 2444 simul

310 2457 429 2491 eximia
456 2457 583 2501 pietate
609 2457 643 2491 in
666 2459 731 2492 SS.
758 2459 909 2492 Cosmum
935 2470 974 2491 ac
1000 2459 1211 2497 Damimum,
1235 2468 1372 2500 quorum
1399 2467 1539 2500 corpora
1563 2456 1736 2489 etiamnum

309 2502 458 2546 proxime
479 2502 612 2535 condita
634 2507 726 2541 sunt3
754 2503 836 2535 muri
854 2503 968 2547 optimi
995 2503 1169 2541 firmitate,
1190 2502 1299 2534 valido
1328 2501 1510 2545 praesidio,
1534 2501 1737 2545 publicorum

308 2546 528 2579 aedificiorum
544 2546 790 2589 magnitudine,
813 2558 853 2579 ac
877 2552 1078 2580 caeterarum
1098 2557 1206 2580 rerum
1229 2546 1546 2589 magnificentissimo
1562 2549 1734 2590 apparatu,

308 2591 433 2633 Cyrum
455 2591 655 2624 fortunatam
679 2591 903 2634 insignemque
927 2592 1100 2624 admodum
1126 2591 1237 2623 urbem
1263 2591 1354 2624 fecit.
1400 2591 1492 2623 Intra
1517 2591 1600 2622 hanc
1623 2590 1734 2622 urbem

308 2646 434 2668 summa
447 2635 555 2668 fuerat
569 2636 611 2668 ab
627 2635 761 2678 antiquo
776 2646 882 2679 aquae
898 2636 1052 2679 penuria:
1074 2640 1167 2669 extra
1183 2636 1258 2667 fons
1274 2639 1356 2678 erat,
1378 2636 1535 2668 maximus
1549 2635 1578 2667 is
1594 2633 1732 2677 quidem,

308 2690 349 2713 ac
364 2680 513 2714 dulcibus
526 2679 620 2724 aquis
635 2679 819 2712 uberrimus
829 2705 839 2719 ,
863 2680 920 2712 sed
936 2679 1058 2713 inutilis
1074 2679 1170 2724 plane
1183 2679 1319 2712 incolis:
1344 2690 1416 2712 curn
1432 2679 1508 2712 inde
1523 2689 1640 2723 uquam
1655 2678 1731 2710 hau-

308 2724 376 2759 rire
400 2724 472 2760 sine
492 2735 610 2769 magno
635 2724 749 2758 labore
773 2723 987 2769 periculoque
1008 2735 1073 2758 non
1097 2729 1246 2770 possent.
1289 2724 1377 2758 Nam
1398 2724 1475 2757 illuc
1490 2734 1550 2768 per
1565 2723 1733 2757 anfractus
