1800 3126
302 193 397 240 404
746 199 804 240 IN
837 197 977 239 HIST.
1011 198 1268 241 ARCANAM

303 321 382 345 non
409 314 490 344 tam
518 306 634 344 falsas
663 311 785 343 sectas
815 304 1037 352 aboleverit,
1068 317 1186 356 quam
1211 303 1466 344 Christianam
1493 307 1722 358 religionem

303 364 460 401 illorum
482 362 646 400 colluvie
675 361 869 410 polluerit,
901 361 967 411 qui
994 361 1129 410 legum
1157 367 1313 408 terrore,
1343 369 1382 398 et
1407 375 1555 412 poenae
1583 364 1723 400 formi-

305 417 394 455 dine
413 431 482 469 per
511 417 801 454 simulationem
816 415 874 452 ‘ad
898 416 1100 452 ecclesiam
1122 418 1366 453 transierunt.
1422 419 1596 469 Denique
1617 417 1723 470 quod

304 486 349 510 ea
387 475 587 510 severitate
626 473 843 506 Romanam
883 471 1164 522 rempublicam
1199 471 1477 520 flagitiosorum
1517 471 1722 510 hominum

303 528 630 566 coniurationibus
658 526 959 575 perturbaverit,
989 538 1033 562 ac
1059 533 1116 563 tot
1144 527 1378 576 populorum
1402 529 1600 577 sanguine,
1633 541 1723 564 cae-

304 583 494 634 dibusque
524 581 784 631 compleverit.
841 583 945 626 Quae
974 583 1103 619 omnia
1126 580 1295 631 prudens
1323 583 1487 632 quisque
1514 583 1723 632 imperator

302 640 411 675 nullo
442 637 674 687 reipublicae
702 637 892 686 periculo,
924 649 968 672 ac
994 638 1156 673 minimo
1187 637 1447 674 subiectorum
1476 637 1722 675 incommodo

303 694 416 730 facile
450 693 687 729 obtinuisset.
743 690 865 728 Addit
892 690 1167 742 TheophaneS‚
1198 689 1291 739 δοὺς
1321 688 1454 738 αὐτοῖς
1479 693 1724 743 προθεσμίαν

301 751 420 798 τριῶν
450 750 587 797 μηνῶν
614 744 708 798 πρὸς
734 744 985 797 ἐπιστροφήν,
1015 749 1273 784 constitutum
1300 746 1364 783 lais
1393 747 1574 783 omnibus
1599 761 1628 784 a
1654 747 1724 785 Iu—

301 805 475 839 stiniano
491 803 627 852 fuisse
657 803 779 839 trium
810 804 1000 838 mensium
1028 810 1179 853 tempus
1207 801 1265 838 ad
1290 803 1584 841 conversionem.

412 860 458 894 P.
488 858 560 904 74,
592 859 629 896 8.
690 856 845 906 Quibus
871 871 981 893 nemo
1005 860 1232 908 principum
1261 856 1479 907 aliquando
1508 856 1725 893 molestiam

303 913 519 962 intulisset]
562 915 648 949 Nou
684 919 801 961 negat
828 914 1036 962 Procopius
1076 913 1122 948 ab
1163 913 1247 949 aliis
1281 912 1516 963 principibus
1547 909 1725 948 animad-

164 972 192 1005 P
216 972 282 1007 130
303 981 461 1005 versum
490 969 585 1004 olim
612 969 653 1004 iu
682 969 843 1004 Arianos
873 968 1013 1015 fuisse,
1051 980 1216 1018 quorum
1246 969 1395 1015 exiliis,
1433 968 1622 1004 bonorum
1649 979 1726 1016 pu·-

302 1024 594 1067 blicationibus,
637 1029 750 1073 atque
789 1023 986 1072 suppliciis
1024 1024 1162 1073 plenae
1195 1024 1435 1072 superiorum
1469 1029 1596 1059 essent
1623 1028 1726 1058 tem-

303 1092 443 1130 porum
471 1077 675 1114 historiae:
706 1076 775 1113 sed
800 1077 947 1114 indicat
969 1091 991 1113 a
1012 1080 1224 1115 Iustiniano
1249 1077 1530 1115 haereticorum
1553 1078 1726 1114 fortunas

303 1133 530 1184 oppidatim,
559 1133 866 1183 populatimque‚
896 1139 934 1169 et
962 1133 1031 1169 sub
1062 1132 1167 1169 idem
1194 1140 1347 1183 tempus
1377 1133 1579 1170 confertim
1605 1131 1726 1168 fuisse

304 1187 497 1238 direptas3
531 1186 636 1238 quod
665 1188 732 1223 alii
758 1189 951 1237 principes
978 1189 1134 1224 nonnisi
1162 1190 1362 1238 privatim,
1393 1195 1430 1224 et
1456 1200 1527 1238 per
1555 1188 1727 1224 occasio-

302 1257 416 1290 nem,
458 1245 686 1294 parciusque
726 1242 918 1279 fecissent.
977 1243 1179 1279 Caeterum
1217 1256 1295 1280 uon
1324 1243 1452 1280 solum
1479 1242 1728 1279 ecclesiastici

303 1300 441 1336 ultimo
478 1299 669 1348 supplicio
709 1297 931 1334 afficiendos
968 1305 1152 1348 putarunt
1187 1296 1422 1344 haereticos3
1464 1298 1638 1334 Dios-cori
1672 1297 1729 1333 si-

305 1353 466 1421 quidem
493 1352 749 1390 Alexandrini
789 1354 829 1390 in
867 1351 1067 1389 hominem
1103 1354 1299 1402 religionis
1334 1366 1443 1389 reum
1477 1365 1523 1389 ea
1551 1364 1630 1388 vox
1657 1358 1728 1399 est,

305 1405 354 1449 ου’
384 1405 508 1460 μόνον
539 1409 722 1459 τιμωρίας
753 1404 861 1454 ἄξιός
890 1408 1013 1456 εστιν,
1043 1405 1138 1447 ἄλλα
1167 1405 1306 1458 πυρὸς,
1344 1421 1423 1445 non
1451 1407 1730 1458 qualicumque

187 1467 217 1501 A
239 1465 284 1501 56
307 1463 455 1514 dignus
486 1477 617 1513 poena
655 1470 730 1511 est,
767 1461 836 1498 sed
869 1465 972 1513 igne.
1038 1465 1089 1500 Et
1127 1471 1258 1500 contra
1295 1463 1508 1499 Eusebium
1544 1462 1728 1512 Dorylaei

305 1522 531 1589 episcopum
571 1519 853 1555 conclamatum
887 1526 943 1555 est
972 1517 1140 1569 Ephesi3
1182 1533 1302 1585 αρον,
1337 1520 1484 1557 καῦσον
1513 1514 1725 1568 Ευσέβιον.

305 1590 420 1620 ουτος
443 1576 518 1621 ζων
547 1588 638 1628 καῃ.
695 1587 808 1619 ουτος
837 1573 891 1619 εἰς
920 1569 992 1612 δύο
1020 1573 1187 1626 γένηται.
1245 1588 1298 1619 ως
1326 1572 1493 1625 ἐμέρισε,
1526 1569 1628 1612 ου’τω
1657 1586 1727 1623 με-

304 1633 439 1684 ρισθῇ.
503 1629 622 1674 Tolle,
650 1628 807 1664 incende
830 1628 1058 1669 Eusebium
1115 1629 1198 1664 Hie
1224 1630 1340 1665 u'vus
1367 1627 1519 1667 ardeat.
1574 1628 1658 1664 Hic
1685 1628 1728 1664 in.

304 1684 385 1721 duo
422 1682 644 1719 dissecetur.
703 1684 814 1719 Siout
849 1683 1010 1730 divisit,
1050 1685 1111 1720 ita
1146 1682 1367 1720 dividatur.
1429 1684 1573 1720 Verum
1609 1685 1727 1718 etiam

303 1739 719 1788 Constantinopolitani
748 1740 1018 1788 imperatores,
1054 1745 1097 1775 ut
1126 1739 1398 1775 Constantinus
1426 1739 1468 1774 in
1495 1739 1579 1774 Arii
1605 1738 1727 1774 libro-

303 1807 391 1831 rum
429 1795 613 1839 lectores,
652 1800 955 1843 sectatoresque,
995 1800 1032 1830 et
1059 1795 1275 1830 Marcianus
1303 1795 1500 1843 Augustus
1530 1794 1572 1828 in
1600 1794 1728 1843 Euty-

306 1848 465 1886 chianos
513 1849 666 1898 capitali
714 1850 902 1898 supplicio
952 1848 1338 1885 animadvertendum
1377 1854 1619 1885 censuerunt.
1677 1849 1728 1883 Hi

305 1917 396 1942 vero
427 1917 554 1954 neque
591 1917 611 1940 a
641 1902 811 1940 ridiculis
843 1910 923 1939 tam
958 1906 1262 1954 perniciosarum
1288 1905 1458 1954 pestium
1485 1904 1727 1953 improperiis

307 1960 586 1996 abstinuerunt.
643 1961 741 1995 Nam
773 1960 950 2008 Byzantii
984 1962 1025 1995 in
1062 1960 1226 2010 publicis
1263 1959 1410 1995 latrinis
1446 1957 1728 1994 haereticorum

306 2016 548 2063 antesignani
586 2027 637 2049 ex
665 2027 857 2050 marmore
887 2015 1027 2064 sculpti
1054 2013 1165 2050 humi
1196 2016 1418 2060 iacuerunt,
1452 2020 1496 2050 ut
1532 2014 1574 2048 in
1609 2019 1727 2049 teter-

307 2071 402 2106 rima
436 2071 560 2119 capita
588 2071 731 2105 ventris
762 2081 875 2105 onera
904 2070 1014 2119 plebs
1045 2076 1238 2119 egereret:
1269 2067 1373 2119 quod
1400 2066 1463 2104 hic
1492 2069 1582 2105 satis
1610 2068 1727 2104 fuerit

307 2123 502 2161 addidisse
539 2122 589 2159 ad
627 2131 810 2160 sexcenta
849 2125 946 2170 alia,
985 2137 1082 2175 (luae
1113 2123 1216 2161 docti
1255 2125 1326 2159 viri
1363 2122 1435 2159 hac
1463 2135 1579 2173 super
1606 2137 1646 2159 re
1677 2135 1728 2159 ex

306 2180 474 2229 antiquis
502 2180 763 2214 monumentis
793 2179 1044 2228 collegerunt.
1099 2177 1230 2218 ’Ένθα
1247 2176 1403 2229 ’Ἄρειος
1438 2175 1503 2217 τὸν
1531 2178 1727 2229 αἴσχιστον

304 2230 480 2273 θάνατον
509 2230 713 2283 ἀπέλαβεν,
741 2231 820 2271 ὖπὸ
848 2237 921 2272 τοῦ
940 2236 1156 2283 θεοφιλοῦς
1175 2235 1385 2273 Θεοδοσίου
1415 2230 1544 2283 ὄρειος
1573 2233 1614 2272 ἐν
1633 2249 1727 2284 μαρ-

303 2303 415 2354 μαρῳ
449 2284 661 2339 ἄναγλιῖφῳ
687 2290 909 2354 γειτνιῶντι
923 2292 973 2341 τῇ
999 2291 1053 2342 γῇ
1080 2288 1208 2339 ἐτέθη,
1237 2288 1304 2327 καὶ
1333 2301 1407 2327 συν
1435 2287 1570 2355 ἐκείνῳ
1592 2291 1728 2327 Μακε-

304 2339 454 2391 δόνιος,
492 2342 721 2393 Σαβέλλιος,
751 2343 815 2382 καὶ
844 2339 1046 2400 Ευνόμιος
1074 2342 1167 2397 πρὸς
1194 2340 1383 2394 αἰσχύνην
1412 2339 1562 2392 αὐτων,
1592 2341 1646 2390 αἷς
1674 2358 1727 2382 αν

305 2398 347 2438 οἱ
372 2394 653 2450 παρερχόμενοι
681 2395 840 2450 κόπρον,
870 2398 935 2438 καὶ
966 2414 1104 2451 ουρον,
1139 2399 1207 2438 καὶ
1235 2395 1483 2449 ἒμπτύσματα
1510 2397 1726 2450 ἐνρίψωσιν

302 2449 447 2498 αυτοῖς.
503 2449 558 2488 Eo
601 2454 642 2489 in
677 2453 759 2490 loco
790 2454 860 2490 uhi
886 2454 1015 2491 Arius
1043 2453 1354 2491 abominandam
1381 2461 1541 2490 mortem
1567 2453 1727 2502 subivit,

302 2521 329 2545 a
360 2509 543 2558 piissimo
581 2507 792 2545 mnodo-vio
828 2510 1008 2559 sculptus·
1035 2517 1092 2546 est
1119 2523 1162 2546 ex
1189 2522 1382 2546 marmore
1408 2507 1524 2544 humi
1548 2508 1724 2558 haerens,

301 2570 338 2600 et
365 2576 448 2599 unu
477 2576 566 2599 cum
593 2563 663 2599 illo
693 2563 967 2611 Macedoniae,
999 2564 1219 2612 sabellius,
1250 2571 1284 2600 et
1313 2564 1538 2600 Eunomius
1566 2562 1624 2600 ad
1648 2566 1725 2600 im-

295 2620 540 2668 properium,
569 2624 614 2653 ut
638 2625 925 2668 praetereunte-s·
952 2622 1101 2669 sputis,
1131 2621 1271 2667 urina,
1300 2632 1349 2655 ac
1375 2626 1538 2655 stercore
1565 2632 1629 2655 eos
1656 2618 1724 2655 de-

302 2679 522 2722 turparent.
586 2674 632 2709 In
670 2674 846 2722 πατρίοις
883 2675 957 2710 CP.
1027 2675 1195 2711 Demum
1237 2675 1271 2711 si
1312 2675 1379 2724 qui
1422 2675 1636 2724 principes,
1680 2681 1723 2710 ut

301 2730 512 2778 Procopius
541 2728 616 2775 ait,
654 2729 807 2765 Arianis
838 2729 901 2764 vel
931 2730 1016 2766 aliis
1044 2731 1214 2766 sectariis
1247 2742 1324 2765 non
1354 2730 1567 2765 intulerunt
1593 2729 1721 2766 mole—

300 2784 436 2831 stiam,
468 2785 496 2819 ii
525 2795 614 2821 vero
642 2795 720 2820 non
749 2785 875 2822 solum
905 2791 1035 2822 contra
1065 2785 1342 2822 ecclesiasticas
1371 2785 1611 2833 sanctiones,
1649 2782 1719 2822 sed
