1800 3126
456 141 517 186 IN
546 142 750 186 LIBROS
780 141 898 186 VIII.
967 141 1043 185 DE
1077 139 1287 187 BELLIS.

181 249 239 290 44,
255 250 313 285 20.
343 249 429 283 viam
448 248 545 282 discit
561 260 626 294 qua
644 247 753 293 possit
767 247 848 282 urbs

183 294 259 340 capi
274 296 319 331 ΙΙ.
337 296 392 330 46.
411 296 467 329 20.
490 295 532 329 ad
550 295 751 329 deditionem
768 295 849 328 hor-

182 345 274 374 tatur
291 340 337 381 ΙΙ,
355 342 410 382 48,
430 342 484 375 11.
531 341 644 374 subire
668 343 766 386 parat
785 351 847 385 per

181 386 425 430 aquaeductum
450 385 504 427 ΙΙ,
527 386 591 427 49,
618 389 672 422 15.
718 386 847 431 potitur

181 432 267 465 urbe
282 432 327 472 11,
343 432 399 470 52,
417 433 473 466 22.
518 431 678 466 militibus
693 431 846 466 humani-

180 481 285 511 tatem
301 478 420 512 suadet
440 477 546 511 verbo
563 483 667 522 atque
689 477 844 522 exemplo

179 522 234 564 ΙΙ,
257 522 318 563 54,
343 524 375 558 3.
430 522 547 556 relicto
571 523 640 556 illic
668 528 703 557 et
727 523 844 556 Cumis

178 568 346 614 praesidio
373 568 512 605 Romam
533 569 619 613 petit
640 569 687 611 II,
710 569 765 605 73.
786 569 841 604 15.

178 613 342 648 admissus
355 625 376 647 a
391 614 537 656 civibus,
562 615 675 648 claves
690 614 782 648 urbis
798 613 842 647 ad.

177 660 258 705 imp.
281 659 404 702 mittit,
441 664 476 694 et
500 672 611 694 muros
632 664 772 705 reparat
795 660 841 702 ΙΙ,

177 706 235 748 76,
254 707 284 739 1.
331 710 460 751 partem
483 705 624 746 Samnii,
650 705 840 740 Calabriam

176 756 213 785 et
229 751 382 797 Apuliam
406 751 527 795 recipit
551 752 596 794 11,
613 753 668 791 77,
683 751 714 786 4.
762 752 841 785 item

174 796 358 840 Narniam,
389 797 577 842 Spoletium
602 808 643 830 ac
664 797 840 831 Perusiam

173 842 222 882 ΙΙ,
238 844 296 882 81,
315 845 346 877 1.
378 842 586 876 adventante
600 843 742 876 Romam
762 843 839 876 Vit-

175 887 240 932 tigi
254 888 459 922 Gotthorum
475 900 556 932 rege
568 915 576 931 ,
597 889 712 933 copias
728 900 746 921 e
763 888 839 922 Tu-

176 934 247 968 scia
270 938 411 968 revocat
434 934 486 975 11,
510 935 573 975 84,
601 935 654 969 13.
703 939 838 979 pontem

173 979 316 1014 Tiberis
341 979 415 1012 urbi
439 979 626 1024 proximum
649 980 756 1013 munit
790 981 837 1021 ΙΙ,

171 1026 227 1067 86,
255 1027 285 1059 1.
335 1025 398 1059 sub
422 1026 594 1059 moenibus
617 1026 778 1059 acerrime
802 1031 837 1059 et

108 1070 113 1073 ’
171 1069 387 1105 foelicissime
411 1075 540 1116 pugnat
561 1072 607 1112 11,
630 1072 686 1113 87,
705 1073 748 1106 12
764 1083 837 1116 seq.

171 1116 245 1150 eius
259 1116 436 1161 vigilantia
452 1118 495 1157 ΙΙ,
511 1118 568 1158 92,
588 1119 640 1158 12,
686 1117 838 1150 moletri-

169 1173 228 1196 nas
245 1163 370 1196 excitat
393 1163 437 1203 ΙΙ,
454 1163 510 1204 96,
531 1164 584 1197 19.
633 1162 703 1196 eius
718 1163 836 1196 induto

171 1207 306 1242 nomine
368 1213 462 1242 astor
492 1209 632 1243 alterum
664 1214 835 1254 pastorem

173 1253 316 1298 Vittigin
362 1254 462 1288 ictum
485 1254 636 1295 vincens,
658 1255 719 1288 dat
737 1266 836 1288 omen

171 1299 335 1333 victoriae
358 1300 403 1340 11,
419 1301 476 1341 98,
492 1302 546 1335 12.
593 1301 708 1344 legato
732 1301 836 1335 vitti-

170 1345 225 1390 gis
245 1346 391 1379 animose
414 1346 596 1391 respondet
618 1346 672 1387 ΙΙ,
698 1348 775 1386 101,
802 1348 833 1380 1.

169 1389 259 1425 illius
275 1391 359 1424 mira
370 1391 402 1424 in
416 1392 551 1436 sagittis
563 1392 737 1426 mittendis
749 1392 834 1425 dex-

169 1436 289 1471 teritas
311 1437 356 1480 ΙΙ,
374 1438 450 1474 105.
469 1438 520 1471 19.
568 1438 720 1471 Gotthos
736 1438 833 1472 clade

168 1482 337 1528 stupenda
359 1482 468 1516 afficit
493 1483 534 1522 ΙΙ,
554 1485 629 1523 111,
648 1486 692 1518 10
709 1490 743 1517 et
759 1495 832 1529 seq.

166 1528 238 1562 eius
267 1528 311 1561 ad
337 1527 414 1572 imp.
439 1529 583 1573 epistola
606 1529 659 1570 ΙΙ,
689 1529 773 1566 114,
798 1533 833 1563 4.

166 1574 313 1608 eiusdem
328 1573 543 1618 providentia
559 1574 604 1618 11,
617 1576 693 1615 119,
703 1576 736 1608 5.
754 1575 832 1616 121,

169 1621 223 1654 14.
272 1619 432 1663 Sylverio
471 1631 581 1665 papae
612 1621 764 1664 relegato
798 1621 831 1654 in

166 1664 358 1706 Graeciam,
375 1666 532 1710 Vigilium
547 1666 675 1699 sufficit
691 1667 735 1706 ΙΙ,
754 1667 830 1706 121,

165 1712 200 1747 7.
247 1711 352 1756 ipsius
376 1711 419 1744 de
434 1711 587 1756 peditatu
605 1712 761 1746 iudicium
785 1711 830 1754 ΙΙ,

167 1756 246 1797 132,
265 1757 317 1791 19.
365 1759 473 1790 tutum
495 1757 560 1791 iter
584 1762 683 1802 parat
697 1757 834 1791 Eutha-

164 1801 225 1846 lio,
248 1802 417 1847 stipendia
429 1802 588 1836 afferenti
603 1803 647 1844 ΙΙ,
666 1803 742 1845 150,
758 1805 780 1838 7
797 1806 833 1837 et

164 1859 239 1893 seq.
283 1852 491 1892 stratagema
509 1849 552 1890 ΙΙ,
571 1848 644 1888 164,
664 1850 717 1883 18.
757 1848 830 1881 col-

163 1893 312 1938 loquium
330 1894 375 1935 ΙΙ,
395 1895 471 1934 168,
487 1894 520 1928 5.
568 1893 680 1938 gladio
703 1893 831 1939 petitus

165 1951 187 1974 a
211 1940 432 1973 Constantino
456 1940 503 1982 ΙΙ,
531 1941 608 1982 180,
637 1941 690 1974 16.
737 1939 831 1974 iubet

163 1985 257 2019 illum
274 1985 420 2019 interfici
440 1985 484 2024 ΙΙ,
503 1987 581 2027 181,
597 1985 629 2020 4.
676 1985 828 2030 prodito-

164 2042 235 2065 rem
250 2030 371 2076 plectit
387 2031 431 2073 ΙΙ,
450 2030 523 2069 184,
541 2033 573 2066 8.
606 2031 756 2065 Arimino
774 2043 832 2065 ca-

165 2083 226 2122 pto
250 2076 411 2123 providet
431 2077 478 2118 11,
498 2078 573 2119 188,
592 2077 645 2112 14.
693 2077 831 2110 Tuder-

164 2127 233 2157 tum
258 2126 295 2156 et
317 2122 465 2156 Clusium
491 2122 583 2168 capit
604 2123 658 2165 ΙΙ,
683 2124 770 2163 197,
795 2124 830 2157 2.

163 2167 286 2202 iunctis
301 2179 374 2202 cum
384 2168 533 2202 Narsete
550 2169 668 2214 copiis,
679 2169 829 2202 Arimino

165 2215 303 2248 obsesso
319 2214 497 2259 suppetias
519 2215 624 2248 affert
645 2215 692 2253 ΙΙ,
708 2215 790 2256 213,
810 2217 828 2249 1

164 2265 283 2304 etseq.
310 2259 383 2294 eius
398 2271 471 2294 cum
489 2261 612 2294 Ioanne
629 2264 665 2294 et
679 2260 829 2294 Narsete

163 2305 335 2339 dissidium
351 2306 396 2347 ΙΙ,
411 2307 493 2347 217,
512 2308 555 2341 12
572 2311 607 2340 et
622 2317 694 2350 seq.
741 2317 830 2339 sum-

163 2362 238 2386 mus
259 2351 340 2385 belli
363 2350 431 2385 dux
448 2350 620 2385 Iustiniani
642 2351 750 2385 literis
769 2352 830 2385 de-

164 2398 313 2431 claratus
329 2397 372 2435 11,
388 2398 466 2438 221,
483 2397 516 2432 3.
555 2397 722 2431 Urbinum
738 2397 830 2430 obsi-

164 2442 223 2477 det
243 2443 291 2483 ΙΙ,
313 2443 392 2483 221,
414 2444 466 2478 10.
515 2448 549 2477 et
570 2443 662 2488 capit
685 2443 730 2484 ΙΙ,
750 2443 830 2484 223,

165 2490 224 2524 11.
268 2488 418 2533 itemque
447 2489 566 2523 urbem
597 2494 747 2522 veterem
783 2489 830 2530 ΙΙ,

164 2533 245 2575 225,
263 2535 296 2568 1.
328 2533 370 2567 de
385 2534 578 2568 Mediolano
599 2533 738 2568 obsesso
755 2534 830 2567 fru-

164 2583 239 2614 stra
263 2578 428 2613 sollicitus
454 2581 499 2621 ΙΙ,
522 2581 600 2621 228,
618 2581 674 2615 22.
697 2581 777 2621 231,
794 2580 829 2614 4.

164 2625 326 2660 Picenum
348 2625 432 2669 petit
454 2626 500 2669 ΙΙ,
523 2626 603 2668 234,
617 2627 674 2662 21.
722 2626 830 2660 Auxi-

163 2681 252 2704 mum
277 2670 409 2704 obsidet
431 2671 475 2707 11.
493 2672 572 2712 239,
592 2674 622 2706 1.
673 2671 830 2717 Procopii

163 2715 337 2750 consilium
367 2716 518 2760 sequitur
540 2717 574 2751 in
598 2717 707 2751 dando
732 2729 830 2751 rece-

163 2765 242 2807 ptus
257 2761 356 2804 signo
372 2762 454 2796 tuba
469 2763 616 2808 pedestri
638 2764 683 2800 ΙΙ.
698 2763 778 2805 243,
794 2764 828 2798 8.

164 2818 227 2853 per
241 2806 358 2840 literas
373 2809 568 2853 expostulat
581 2820 656 2846 cum
666 2808 829 2845 Theode-

176 2859 365 2906 Prooopius
394 2860 463 2896 111.

1506 137 1604 186 481

938 248 1036 283 berto
1058 247 1266 281 Francorum
1290 256 1372 290 rege
1391 244 1599 288 11‚25o‚12.

937 293 1144 340 periclitatur
1168 293 1214 334 ΙΙ,
1235 293 1321 333 257,
1345 293 1377 326 8.
1425 293 1603 327 Auximum

939 339 1029 384 capit
1045 339 1091 382 ΙΙ,
1104 339 1186 380 260,
1205 339 1259 374 13.
1293 339 1491 372 Ravennam
1508 349 1602 373 com-

935 385 1104 420 meatibus
1125 384 1321 419 intercludit
1353 383 1406 423 ΙΙ,
1433 384 1520 424 260,
1547 385 1600 418 15.

935 432 1068 475 legatos
1083 430 1127 464 ad
1142 429 1287 475 Vittigin
1303 428 1423 471 mittit,
1448 429 1601 463 Franco-

934 489 1007 510 rum
1025 476 1146 520 legatis
1165 476 1437 510 contradicturos
1458 475 1504 514 ΙΙ,
1519 476 1600 517 261,

937 523 991 558 13.
1040 522 1114 567 paci
1131 533 1204 556 cum
1220 522 1294 568 ipso
1311 522 1425 556 factae
1448 521 1600 555 subseri-

934 569 1016 602 bere
1027 579 1186 609 renuens,
1197 579 1267 602 eam
1280 567 1452 602 dissuadet
1461 566 1506 608 ΙΙ,
1517 567 1598 609 267,

933 614 965 649 3.
1013 613 1151 647 Gotthis
1187 625 1327 658 regnum
1367 612 1599 647 deferentibus

933 658 1086 693 assentiri
1103 671 1140 693 se
1155 658 1333 700 simulans,
1361 663 1395 692 et
1416 658 1509 703 ipsos
1530 658 1598 692 fal-

931 705 1016 746 lens,
1040 705 1235 739 Ravennam
1253 704 1443 749 ingreditur
1459 715 1500 737 ac
1519 704 1596 737 Vit-

931 751 1015 794 tigin
1032 750 1123 796 capit
1138 750 1182 793 11,
1201 751 1281 794 269,
1297 752 1319 785 3
1335 754 1370 784 et
1384 761 1455 794 seq.
1504 749 1595 783 Tar-

931 796 1074 838 visium,
1097 797 1281 830 Caesenam
1301 801 1337 830 et
1358 796 1422 829 alia
1443 795 1519 829 loca
1537 806 1596 828 re-

932 842 1014 887 cipit
1028 841 1073 883 ΙΙ,
1087 843 1168 882 271,
1186 843 1243 877 21.
1286 841 1487 885 Byzantium
1503 841 1595 874 acci-

930 892 998 928 tus,
1015 892 1053 920 ut
1068 887 1188 922 bellum
1203 887 1237 920 in
1248 887 1373 922 Persas
1388 886 1533 931 accipiat
1547 887 1594 928 II,

929 935 1007 971 271.
1028 933 1081 968 14.
1122 944 1261 977 regnum
1277 933 1398 967 ltaliae
1412 943 1597 977 occupasse

929 979 1055 1012 dicitur
1076 980 1104 1021 Ι,
1123 981 1199 1016 166.
1222 980 1254 1013 8.
1300 979 1336 1012 id
1359 978 1423 1012 sibi
1446 979 1594 1012 oblatum

928 1024 1087 1070 repudiat
1110 1025 1155 1066 ΙΙ,
1178 1025 1258 1066 269,
1284 1025 1315 1058 2.
1340 1025 1420 1066 276,
1439 1024 1470 1058 5.
1518 1024 1594 1067 By·-

928 1070 1073 1104 zantium
1097 1069 1323 1116 proficiscitur
1350 1070 1402 1106 ΙΙ.
1426 1071 1511 1111 276,
1538 1070 1594 1104 15.

927 1116 1075 1160 Vittigin
1089 1123 1123 1149 et
1133 1116 1284 1150 Gotthos
1303 1115 1454 1161 captivos
1468 1115 1594 1160 depor-

927 1167 979 1196 tat
994 1163 1038 1201 ΙΙ,
1053 1164 1131 1198 280,
1152 1163 1182 1196 1.
1231 1173 1296 1195 non
1315 1161 1458 1194 donatur
1473 1161 1593 1194 trium-

927 1209 993 1253 pho
1019 1208 1072 1248 ΙΙ,
1097 1208 1175 1248 280,
1203 1209 1255 1241 10.
1302 1207 1496 1240 satellitium
1521 1207 1593 1240 eius

926 1253 1230 1287 numerosissimum
1256 1252 1308 1293 ΙΙ,
1334 1253 1411 1293 282,
1436 1254 1491 1287 20.
1538 1252 1593 1285 in-

926 1299 1040 1333 vidum
1071 1299 1199 1344 patitur
1227 1299 1382 1332 Ioannem
1408 1298 1592 1342 Cappado—

926 1357 999 1379 cem
1024 1346 1059 1385 Ι,
1086 1345 1170 1389 131,
1197 1345 1250 1378 18.
1305 1355 1397 1389 spem
1422 1343 1592 1378 sustinens

926 1392 1170 1431 Romanorum,
1196 1394 1311 1423 contra
1329 1391 1452 1423 Persas
1469 1389 1591 1423 iterum

925 1437 1071 1470 mittitur
1093 1436 1129 1477 Ι,
1152 1437 1237 1478 131,
1256 1436 1312 1470 22.
1333 1436 1410 1474 215,
1432 1437 1484 1470 16.
1531 1447 1590 1469 ac-
1632 1448 1636 1451 ’

925 1483 1006 1528 cipit
1031 1482 1275 1516 Saracenorum
1302 1481 1424 1514 auxilia
1451 1481 1487 1521 Ι,
1511 1481 1591 1522 222,

927 1531 978 1563 17.
1028 1539 1101 1561 cum
1118 1528 1258 1560 ducibus
1279 1527 1446 1560 deliberat
1466 1527 1494 1567 Ι,
1510 1528 1590 1568 222,

923 1576 979 1608 22.
1012 1573 1146 1607 Nisibin
1163 1573 1251 1617 petit
1267 1573 1292 1612 Ι,
1308 1574 1386 1612 228,
1407 1574 1458 1606 19.
1487 1583 1590 1616 prae-

923 1619 1079 1653 sidiarios
1096 1618 1227 1664 repellit
1251 1619 1276 1658 1,
1294 1618 1372 1658 232,
1388 1618 1423 1652 2.
1472 1618 1591 1651 Sisau-

923 1675 1039 1698 ranum
1058 1669 1140 1700 cast.
1158 1664 1259 1708 capit.
1277 1663 1305 1704 Ι,
1317 1664 1396 1699 235.
1416 1664 1468 1697 16.
1517 1663 1591 1706 By-

923 1710 1071 1744 zantium
1095 1715 1278 1744 revocatur
1302 1709 1331 1751 I,
1355 1709 1434 1752 238,
1453 1709 1508 1743 21.
1555 1710 1591 1742 in

923 1756 1087 1790 orientem
1119 1755 1304 1789 remittitur
1338 1760 1457 1788 contra
1480 1754 1590 1788 Chos-

922 1805 1018 1836 roem
1034 1802 1061 1843 Ι,
1078 1801 1159 1842 241,
1178 1803 1232 1835 10.
1264 1811 1331 1845 qua
1346 1800 1502 1834 cautione
1517 1800 1589 1835 eius

920 1847 1071 1891 legatum
1090 1845 1262 1891 acceperit
1286 1846 1314 1887 Ι,
1331 1846 1410 1886 243,
1426 1847 1447 1880 8
1465 1851 1499 1879 et
1514 1857 1588 1890 seq.

922 1893 1110 1927 chosroem
1146 1897 1255 1926 terret
1286 1891 1524 1935 compellitque
1547 1891 1590 1924 ad

921 1939 1067 1972 reditum
1083 1939 1110 1979 Ι,
1126 1937 1206 1980 246,
1222 1938 1277 1971 20.
1323 1937 1400 1970 hinc
1416 1937 1588 1970 maximum

923 1985 996 2018 eius
1018 1995 1138 2017 nomen
1164 1983 1191 2024 l,
1211 1981 1290 2022 247,
1306 1984 1360 2017 21.
1408 1988 1590 2016 revocatur

921 2030 1122 2074 Byzantium
1135 2055 1145 2070 ,
1169 2028 1204 2062 in
1222 2028 1352 2062 ltaliam
1368 2027 1535 2062 rediturus
1557 2028 1588 2070 Ι,

921 2077 1002 2118 249,
1016 2074 1050 2110 4.
1097 2086 1137 2109 eo
1154 2074 1244 2108 redit
1258 2074 1301 2113 ΙΙ,
1319 2074 1398 2113 315,
1414 2075 1471 2108 20.
1515 2074 1589 2108 Ra-

920 2133 1050 2155 vennae
1065 2121 1186 2155 milites
1201 2119 1380 2164 alloquitur
1396 2120 1441 2161 Il,
1457 2121 1536 2159 319,
1553 2120 1586 2154 9.

920 2167 1099 2201 Pisaurum
1124 2167 1230 2200 munit
1251 2167 1295 2205 ΙΙ,
1315 2166 1394 2207 323,
1414 2165 1468 2200 14.
1513 2165 1587 2199 Ro-

920 2224 1011 2292 ’ἕῑῖῗη
1021 2211 1373 2304 Ρξῖἶξέεὲὴιὲὧξὲῗὶ
1394 2211 1589 2292 ὂὲὲἶώῗζ

1299 2284 1306 2290 ·
1384 2281 1395 2298 9
1498 2283 1508 2300 ,
1581 2281 1588 2288 ·

922 2305 1050 2338 consilii
1068 2305 1246 2349 poenitens
1265 2310 1300 2337 et
1318 2302 1351 2336 in
1370 2313 1508 2346 magnas
1524 2302 1588 2336 ad<

921 2351 1041 2384 ductus
1066 2350 1263 2394 angustias,
1299 2348 1524 2391 Epidamnum
1549 2359 1587 2381 se

921 2397 1054 2430 confert
1075 2396 1128 2437 ΙΙ,
1151 2396 1228 2430 328.
1251 2397 1308 2430 21.
1331 2395 1412 2435 330,
1436 2395 1466 2427 6.
1514 2394 1587 2426 Ro-

921 2453 1006 2476 mam
1024 2452 1141 2475 versus
1156 2441 1334 2484 navigans,
1351 2451 1410 2472 suo
1420 2439 1586 2482 Hydrun-

922 2493 991 2522 tem
1007 2487 1156 2520 adventu
1172 2487 1322 2520 Gotthos
1336 2486 1433 2529 fugat
1449 2484 1491 2525 ΙΙ,
1506 2484 1586 2524 350,

924 2535 977 2569 13.
1030 2534 1162 2567 Romae
1195 2533 1355 2566 obsessae
1388 2540 1587 2563 succurrere

921 2583 1021 2625 parat
1043 2579 1088 2620 ΙΙ,
1104 2578 1184 2620 355,
1202 2580 1235 2613 2.
1284 2580 1414 2621 pugnat
1440 2574 1483 2616 ΙΙ,
1506 2575 1586 2615 357,

924 2628 980 2660 11.
1028 2624 1186 2658 turbatus
1212 2623 1350 2662 nuntio,
1376 2620 1510 2654 absistit
1531 2619 1586 2652 in-

922 2674 1044 2716 coepto
1070 2671 1113 2711 ΙΙ,
1133 2670 1213 2710 359,
1232 2670 1287 2702 12.
1333 2667 1449 2699 morbo
1474 2665 1585 2698 corri-

920 2718 1012 2763 pitur
1032 2717 1079 2758 11,
1094 2717 1172 2756 360,
1187 2716 1221 2748 2.
1269 2711 1408 2747 Totilae
1427 2722 1488 2755 per
1504 2710 1583 2745 lite-

919 2774 976 2797 ras
999 2761 1201 2806 persuadet,
1235 2770 1277 2793 ne
1299 2758 1439 2791 Romam
1471 2756 1584 2790 diruat

920 2809 967 2852 ΙΙ,
985 2808 1066 2852 371,
1085 2808 1106 2844 7
1130 2811 1164 2841 et
1180 2816 1252 2851 seq.
1300 2814 1340 2836 eo
1366 2802 1583 2849 proficiscens

1257 2852 1311 2892 31
