1800 3126
306 148 404 194 416
757 152 816 196 IN
848 152 990 195 HIST.
1025 152 1276 196 ARGANAM

414 260 461 295 P.
485 258 550 306 80,
578 261 618 299 7.
675 258 858 296 sabbatii
887 258 1083 310 coniugis]
1117 260 1190 296 Hic
1221 261 1296 297 fuit
1321 261 1523 299 Iustiniani
1552 262 1722 313 impera-

304 315 398 351 toris
435 321 555 365 pater.
612 314 807 351 Amoldus
845 315 970 351 Uvion
1007 313 1130 364 gradu
1159 317 1345 353 Aniciano
1378 319 1564 368 vigesimo
1602 319 1724 354 alium

302 370 356 406 ita
384 371 707 406 comminiscitur:
734 369 904 405 Anicius·
926 371 1147 407 Germanus*
1165 371 1332 417 Proba-⁵⁸,
1351 372 1486 410 Anicii
1505 374 1725 411 Iustiniani

301 426 426 462 Probi
441 426 572 476 filius.
636 424 682 461 V.
701 421 741 464 C.
764 424 878 461 nulla
899 425 984 462 alia
1011 439 1052 462 re
1080 426 1217 462 clarus
1245 435 1490 475 memoratur,
1518 430 1598 465 nisi
1617 426 1727 479 quod

302 495 346 518 ex
365 509 509 520 ......
529 479 679 516 Anicia
698 493 828 516 sorore
846 479 987 517 Anicii
1005 481 1151 518 Iustini
1171 483 1430 531 imperatori-5³,
1454 497 1556 533 quae
1575 485 1608 520 ei
1626 497 1725 521 uxor

292 538 395 587 fuit,
415 536 529 585 filios
558 535 693 571 tulerit
718 535 987 585 Vitalianum,
1016 537 1273 585 Germanum,
1302 543 1337 573 et
1356 537 1622 575 lastinianum
1649 541 1726 575 im-

293 599 529 642 perator-em,
561 597 597 626 et
613 591 755 640 filiam
773 592 1035 640 Biglentiam.
1096 593 1246 630 Nomen
1269 593 1351 628 eiu-9
1371 594 1412 629 in
1432 592 1609 630 historiis
1632 595 1725 645 qui-

300 646 386 683 dem
415 660 494 682 non
521 648 733 695 reperitur3
762 645 997 683 addidimus
1024 654 1155 684 tamen
1183 646 1293 683 illud
1314 661 1396 695 nos,
1422 655 1504 684 tum
1523 648 1607 698 filii
1627 650 1725 687 Ger-

302 703 414 738 mani
452 703 695 750 coniectura,
736 709 820 738 tum
858 704 977 739 etiam
1012 702 1120 753 quod
1154 704 1310 739 omnino
1339 702 1576 740 arbitremur
1611 704 1724 741 illum

305 759 548 794 Germanum
575 770 676 803 esse,
710 753 907 807 acl'quem
935 765 1039 794 extat
1065 757 1307 795 Hormisdae
1328 766 1460 808 papae
1486 758 1650 809 epistola
1673 758 1725 800 54

300 820 391 850 tom.
424 814 461 851 1.
519 813 592 862 Ep.
625 811 763 849 decret.
797 815 839 849 in
867 827 945 864 qua
974 814 1270 850 illustrissimus
1298 821 1481 862 vocatur,
1519 812 1726 851 hortatur-

302 882 377 919 que
406 866 464 903 acl
490 865 751 917 defensionem
779 875 864 904 tam
893 869 1072 905 ecclesiae
1102 883 1223 919 quam
1251 869 1407 919 aliquot
1434 869 1552 905 etiam
1580 871 1728 919 episco-

294 936 454 974 porum.
519 924 565 959 Si
593 925 681 973 quis
709 931 838 960 tamen
868 925 984 961 aliter
1011 926 1208 975 repererit,
1247 926 1483 961 contentioni
1510 922 1614 962 cedo.
1669 926 1728 960 Ita

303 991 410 1016 sane.
465 980 564 1014 Nam
602 985 639 1014 et
675 981 932 1026 Iustinianus,
973 981 1131 1030 eiusque
1163 992 1323 1030 parens,
1363 986 1400 1016 et
1437 980 1648 1016 avunculus
1677 991 1729 1016 ex

302 1035 391 1071 albo
415 1035 640 1070 Aniciorum
670 1033 839 1071 delendi.
898 1036 1112 1072 Germanus
1139 1035 1333 1071 fratruelis
1361 1036 1565 1071 Iustiniani
1593 1034 1729 1071 dicen-

306 1089 391 1136 dus,
419 1095 462 1125 ut
489 1102 606 1138 supra
635 1089 684 1125 ad
712 1103 751 1139 p.
782 1090 834 1129 23
862 1091 1124 1139 probavimus.
1180 1089 1410 1127 Hormisdae
1439 1091 1602 1140 epistola
1631 1091 1730 1127 Ger-
1758 1124 1761 1127 ,

303 1157 420 1182 mano
459 1146 541 1181 viro
571 1145 763 1181 consulari
798 1143 1009 1181 reddenda.
1066 1146 1124 1181 De
1151 1146 1342 1183 Vitaliauo
1379 1145 1647 1193 sentiendum,
1685 1151 1731 1182 ut

304 1199 356 1236 ad
383 1214 423 1250 p.
454 1202 507 1240 30
537 1198 723 1236 diximus.
779 1201 983 1236 Iustiniani
1011 1207 1120 1250 pater
1147 1213 1227 1237 non
1257 1202 1493 1248 Germanus,
1531 1199 1600 1238 sed
1628 1201 1730 1238 Sab-

301 1256 430 1292 batius
461 1254 729 1305 appellandus.
785 1256 843 1291 De
871 1256 1064 1305 Biglentia
1092 1257 1231 1292 rectius
1264 1269 1382 1307 quam
1409 1257 1632 1303 Panvinius,
1663 1256 1731 1306 qui

301 1312 507 1347 Iustiniani
536 1311 658 1346 filiam
687 1324 769 1348 esse
795 1309 934 1347 credit:
967 1307 1154 1362 ἀδελφήν,
1183 1325 1355 1348 sororem
1381 1317 1494 1348 vocat
1520 1312 1732 1360 Procopius

299 1367 330 1404 l.
361 1370 387 1407 2
426 1366 520 1402 bell.
557 1365 681 1404 Vand.
727 1368 819 1402 licet
857 1367 1092 1403 Graecorum
1130 1378 1237 1403 more
1273 1367 1528 1417 Biglantiam
1574 1365 1730 1412 dixerit,

301 1434 419 1473 quam
447 1423 584 1458 Latine
619 1423 891 1472 Vigilantiam
918 1423 1188 1469 nominamus3
1221 1422 1277 1459 sic
1306 1420 1411 1472 apud
1436 1423 1662 1458 Mauritium
1689 1422 1731 1456 in

301 1478 526 1526 Strategicis
563 1478 676 1529 βίγλοι
708 1484 746 1514 et
780 1477 982 1530 βιγλίζειν,
1019 1477 1187 1528 vigilia,
1224 1477 1408 1528 vigilare.
1463 1477 1652 1527 Corippus
1683 1474 1731 1512 de

299 1534 447 1569 Iustino
477 1535 649 1579 iuniore3

179 1598 209 1630 Α
232 1597 277 1630 67
410 1589 541 1625 Mater
568 1588 728 1624 consilii
750 1585 929 1638 placidis
963 1588 1191 1638 Vigilantia
1217 1588 1357 1624 vestris

161 1643 191 1675 V
215 1642 283 1678 364
411 1645 568 1692 Semper
595 1646 694 1680 inest
722 1644 869 1691 oculi-93
898 1657 1142 1694 quamquam
1171 1645 1277 1679 omni
1301 1648 1454 1693 pectore
1478 1649 1614 1694 gestas

410 1699 536 1735 Alma
564 1698 758 1749 Augusta
787 1700 847 1734 tui
877 1712 1035 1735 consors
1064 1700 1270 1748 Sapientia
1297 1699 1421 1748 regni.

300 1755 450 1804 Nempe
480 1753 619 1790 alludit
649 1753 699 1790 ad
725 1756 884 1790 nomina
920 1755 1167 1804 Vigilantiae
1194 1755 1342 1800 matris,
1373 1759 1410 1789 et
1437 1751 1605 1803 Sophiae
1630 1764 1734 1788 uxo-

303 1811 355 1846 ris
383 1811 522 1846 Iustini
551 1811 723 1846 iunioris.
782 1811 1011 1860 Quanquam
1046 1807 1292 1859 Vigilantiae
1326 1821 1470 1845 nomen
1497 1809 1634 1844 Latine
1669 1809 1734 1842 in-

301 1865 452 1901 flexum
475 1871 570 1914 puto
601 1878 652 1900 ex
679 1865 833 1914 Illyrico
862 1866 1021 1902 nomine
1042 1865 1266 1914 Bigleniza,
1297 1862 1401 1914 quod
1426 1863 1629 1900 Iustiniani
1656 1863 1734 1898 im-

302 1923 490 1970 peratoris
528 1922 661 1956 matris
701 1920 936 1956 vocabulum
974 1921 1060 1956 fuit.
1118 1922 1243 1956 Huius
1280 1920 1513 1968 vigilantiae
1550 1919 1735 1954 maritum

304 1976 401 2012 facit
436 1975 632 2012 Arnoldus
667 1974 909 2012 Dorotheum
948 1975 1169 2022 consulem3
1209 1976 1308 2011 bene
1346 1975 1475 2012 Victor
1510 1974 1734 2010 Tunnensis

303 2032 344 2067 iu
375 2030 567 2078 chronico,
596 2032 780 2068 lustinus
809 2033 942 2068 iunior
967 2031 1215 2081 Vigilantiae
1242 2031 1390 2066 sororis
1410 2029 1626 2066 Iustiniani
1644 2028 1735 2064 Au-

301 2088 416 2136 gusti
434 2087 568 2136 filius,
594 2094 708 2136 patre
736 2085 967 2122 dulcissimo
997 2093 1131 2124 natue.
1188 2084 1268 2122 Sed
1295 2098 1344 2120 ne
1370 2085 1544 2133 singulos
1573 2096 1734 2129 errores,

305 2154 402 2192 quos
434 2144 474 2177 in
504 2143 706 2178 Iustiniani
733 2143 978 2191 imperatoris
1007 2141 1233 2190 genealogia
1260 2138 1431 2176 texenda
1460 2139 1736 2175 commiserunt

303 2195 513 2242 Amemus,
542 2198 766 2242 Panvinius‚
796 2195 1059 2243 Trithemius‚
1089 2203 1126 2232 et
1156 2197 1243 2243 alii,
1274 2195 1502 2244 singillatim
1531 2206 1736 2230 enumere-

303 2265 404 2298 mus,
436 2263 523 2287 eam
548 2252 619 2287 tibi
648 2252 695 2288 ob
726 2252 859 2288 oculos
888 2253 928 2288 in
948 2251 1228 2301 diagrammate
1255 2253 1449 2301 ponimus,
1475 2262 1519 2286 eo
1545 2262 1636 2286 sane
1666 2261 1736 2285 ve·-

302 2309 456 2353 riorem,
489 2308 776 2358 auctioremque
810 2307 915 2358 quod
945 2320 996 2342 ex
1023 2307 1200 2357 pluribus
1229 2307 1448 2352 autoribus,
1477 2306 1603 2356 iisque
1634 2305 1735 2340 anti-

302 2363 523 2413 quioribus,
553 2375 694 2412 nempe
724 2362 899 2399 eiusdem
928 2365 1084 2410 aetatis,
1114 2363 1225 2399 illam
1254 2362 1495 2411 collegimus.
