1800 3126
282 151 378 199 334
864 154 1124 198 PROCOPII

283 264 535 319 πεποιημένος
566 265 631 306 καὶ
661 262 1018 319 μεταπορευόμενος
1042 265 1310 320 λελυμασμένα
1336 267 1446 323 σφίσι
1473 267 1523 309 τὰ
1551 265 1695 324 πάτρια

283 331 380 385 ἤθη.
448 331 506 381 οἷς
530 331 578 384 δὴ
600 333 664 372 καὶ
685 332 780 372 νειὸν
803 336 872 385 τῆς
888 331 1079 374 θεοτόκου
1103 334 1292 385 ἐδείματο,
1328 333 1588 390 φυλακτήριον
1610 341 1697 383 ταῖς

234 406 263 441 Β
286 397 419 440 πόλεσι
441 402 510 451 τῆς
533 415 572 438 τε
595 399 789 453 σωτηρίας
810 400 873 439 καὶ
893 404 964 453 τῆς
987 399 1089 455 ἀμφὶ
1109 404 1158 456 τῇ
1179 397 1272 455 δόξῃ
1296 400 1483 454 ἀληθείας
1501 400 1696 454 ἐσόμενον.

282 469 408 508 ταῦτα
430 466 500 518 μὲν
523 459 591 505 οὖν
612 464 706 519 τῇδέ
723 482 775 518 πη
796 464 895 518 ἴσχε.

415 530 561 585 Βόριον
586 531 629 571 δὲ
650 529 676 582 ἦ
699 529 811 580 πόλις
828 531 1104 587 Μαυρουσίοις
1126 535 1327 586 γειτνιῶσιν
1344 531 1584 589 βαρβάροις,
1619 531 1727 590 φό-5

285 615 355 654 ρου
375 596 566 649 ὖποτελὴς
586 597 630 638 οὗ
651 599 846 652 γεγένηται
867 599 906 648 ἐς
923 597 1014 639 τόδε
1034 602 1103 639 τοῦ
1119 597 1264 654 χρόνου
1278 612 1289 623 ·
1323 599 1414 640 οὗδὲ
1429 616 1527 649 τινες
1545 599 1697 642 πώποτε

285 663 523 718 δασμολόγοι
555 663 580 717 ἢ
609 663 820 720 φορολόγοι
850 666 889 715 ἔς
922 666 1042 718 αὐτὴν
1071 667 1224 716 ἵκοντο,
1254 667 1295 715 ἐξ
1321 659 1367 707 οὗ
1398 664 1596 720 γεγόνασιν
1627 666 1699 707 ἄν-

283 736 454 786 θρωποι.
523 731 559 772 οἶ
585 732 628 772 δὲ
645 732 827 773 Ἰουδαῖοι
850 732 998 789 ᾤ’κηντο
1026 733 1066 773 ἐκ
1091 737 1260 774 παλαιοῦ
1289 733 1417 773 αὐτῶν
1441 731 1626 786 ἄγχιστα·
1653 726 1700 773 οὗ

287 798 335 851 δὴ
359 799 422 838 καὶ
442 797 536 846 νεὼς
561 793 607 851 ἦν
627 797 790 854 ἀρχαῖος
811 799 954 849 αὐτοῖς,
982 798 1097 855 ὅνπερ
1119 798 1298 852 ε’σὲβοντό
1319 816 1358 840 τε
1378 800 1443 840 καὶ
1462 797 1700 852 ἐτεθήπεσαν

284 863 470 918 μάλιστα,
500 866 731 918 δειμαμένου
750 871 864 907 τοῦτο
883 869 1137 918 Σολομῶνος,
1173 865 1302 922 ὥσπερ
1322 867 1442 922 φασὶ,
1469 863 1701 918 βασιλεύον-
1712 868 1754 903 10

284 949 353 980 τος
367 930 562 987 ζΕβραίων
583 936 654 972 τοῦ
681 932 834 982 ἔθνους.
902 934 1001 974 ἀλλὰ
1023 935 1087 973 καὶ
1110 933 1253 982 αὐτοὺς
1281 932 1456 981 ἅπαντας
1474 932 1702 973 Ἰουστινια-

283 998 350 1047 νὸς
378 998 563 1051 βασιλεὺς
598 1001 845 1053 μεταγνῶναί
867 1017 908 1041 τε
941 1000 991 1041 τὰ
1022 998 1167 1055 πάτρια
1200 999 1308 1053 ἤθη,
1343 1001 1408 1040 καὶ
1437 998 1704 1054 Χριστιανοὺς

282 1066 475 1119 γεγονέναι
507 1065 842 1119 διαπραξάμενος,
875 1071 1014 1108 τοῦτον
1044 1066 1092 1120 δὴ
1122 1066 1189 1108 τὸν
1219 1066 1314 1108 νεὼν
1339 1068 1379 1116 ἐς
1405 1067 1608 1119 ἐκκλησίας
1629 1081 1703 1118 με·-
1753 1096 1757 1100 -

283 1130 518 1187 θηρμόσατο
545 1135 692 1183 σχῆμα.

233 1210 263 1245 c
416 1195 465 1252 γ’.
532 1197 655 1239 Μετὰ
678 1195 839 1247 τούτους
861 1198 901 1239 αἱ
919 1195 1082 1254 Σύρτεις
1105 1199 1199 1240 εῗσὶν
1224 1199 1266 1239 αἲ
1285 1196 1450 1253 μεγάλαι
1472 1197 1702 1251 ὥνομασμέ-
1714 1199 1756 1235 15

283 1282 361 1306 ναι.
429 1263 496 1321 ἐφ’
523 1258 570 1304 οὗ
592 1265 637 1306 δέ
662 1267 734 1306 εἶσι
761 1264 962 1319 σχήματος
990 1260 1126 1316 αὗται,
1161 1267 1226 1306 καὶ
1249 1263 1339 1307 ὅτου
1361 1265 1411 1319 δὴ
1434 1266 1542 1306 ἕνεκα
1563 1263 1703 1306 τούτου

283 1329 620 1386 μεταλαγχάνουσι
650 1337 722 1373 τοῦ
752 1331 942 1385 ὀνόματος
950 1364 962 1382 ,
998 1333 1072 1387 ἐγώ
1106 1331 1284 1386 δηλώσω.
1350 1332 1619 1387 προβέβληταί
1646 1348 1705 1379 τις

285 1401 459 1441 ἐνταῦθα
480 1397 576 1452 ἠιών
589 1412 600 1422 ·
635 1401 837 1453 σχιζομένη
860 1401 903 1440 δὲ
931 1398 1030 1453 αὐτὴ
1051 1404 1102 1455 τῇ
1118 1404 1187 1453 τῆς
1205 1397 1415 1452 θαλάσσης
1435 1401 1596 1454 ἐπιρροῇ
1603 1429 1615 1447 ,
1648 1401 1705 1454 τῷ

283 1483 324 1508 τε
347 1466 471 1522 ῥοθίῳ
495 1466 779 1522 ἀφανιζομένη,
815 1467 1039 1519 ἀποβαίνειν
1059 1469 1175 1516 δοκεῖ,
1210 1468 1275 1507 καὶ
1298 1466 1364 1521 ἐφ’
1385 1465 1527 1518 ἑαυτὴν
1546 1463 1705 1517 ὑποχω-

284 1538 410 1589 ροῦσα
434 1533 556 1575 ὀπίσω
574 1534 692 1574 ἰέναι·
726 1535 766 1583 ἐς
787 1533 930 1575 κόλπον
952 1534 994 1574 δὲ
1013 1535 1201 1587 μηνοειδῆ
1221 1534 1281 1574 ἐπὶ
1297 1531 1546 1587 μακρότατον
1564 1531 1703 1586 τέτρα-
1715 1533 1760 1568 20

283 1618 390 1641 πται.
455 1601 519 1640 καὶ
549 1597 569 1639 ὅ
599 1601 670 1653 μὲν
701 1600 920 1656 ἀρχομένης
952 1604 1124 1655 πλευρᾶς
1151 1598 1338 1646 διάπλους
1369 1601 1408 1646 ἐς
1435 1597 1706 1652 τετρακοσίους

285 1665 407 1720 διήκει
435 1667 644 1716 σταδίους·
673 1672 745 1710 τοῦ
774 1668 817 1708 δὲ
842 1669 1074 1721 μηνοειδοῦς
1102 1665 1146 1707 τὸ
1167 1666 1397 1720 περίμετρον
1426 1665 1466 1712 ἐς
1489 1662 1644 1718 ἡμερῶν
1663 1661 1706 1713 (ἐξ

285 1731 379 1774 ὁδὸν
401 1734 624 1774 κατατείνει.
691 1732 836 1786 ταύτης
856 1733 932 1787 γὰρ
954 1731 978 1785 ἦ
1000 1731 1190 1773 θάλασσα
1210 1730 1438 1784 πεπιεσμένη
1459 1735 1529 1784 τῆς
1546 1731 1705 1786 ἠπείρου

285 1800 392 1848 ἐντὸς
421 1798 489 1840 τὸν
518 1798 663 1840 κόλπον
694 1807 871 1840 ποιεῖται.
938 1797 1092 1840 ἐπειδάν
1125 1815 1165 1839 τε
1197 1802 1292 1847 ναῦς
1323 1798 1451 1854 ἀνέμῳ
1483 1797 1509 1851 ἢ
1539 1796 1706 1838 κλύδωνι

231 1875 263 1910 1)
284 1867 493 1921 βιαζομένη
515 1871 586 1907 τοῦ
610 1865 776 1908 διάπλου
797 1865 904 1915 ἐντὸς
930 1863 1026 1921 ὑπὲρ
1055 1870 1125 1907 τοῦ
1144 1867 1374 1919 μηνοειδοῦς
1399 1864 1470 1918 τὴν
1495 1864 1620 1920 ἀρχὴν
1641 1863 1704 1918 γε’-
1714 1867 1758 1903 25

375 1984 408 2019 7.
436 1979 666 2026 δασμολόγοι]
690 1979 919 2026 δασμαφόροι
941 1981 1060 2016 Tolos.

286 2085 322 2116 et
342 2081 498 2127 deiparae
518 2082 674 2127 templum
698 2080 908 2122 aedificavit,
931 2079 1126 2125 praesidium
1142 2078 1257 2113 salutis
1278 2089 1318 2113 ac
1338 2089 1439 2113 verae
1460 2077 1539 2112 fidei
1562 2078 1705 2112 futurum

288 2127 436 2160 urbibus.
483 2127 578 2160 Haec
592 2126 639 2159 ibi
654 2127 700 2158 ita
715 2137 749 2158 se
765 2127 918 2158 habuere.

376 2172 468 2204 Urbs
485 2182 565 2203 vero
582 2171 712 2203 Borium
724 2195 734 2211 ‚
758 2171 882 2203 Mauris
897 2169 1046 2203 barbaris
1061 2169 1188 2211 vicina,
1212 2169 1252 2202 ad
1270 2169 1352 2201 hanc
1367 2168 1451 2201 diem
1470 2166 1618 2201 immunis
1630 2167 1706 2209 fuit,

286 2227 394 2259 neque
417 2215 472 2248 ulli
494 2215 691 2248 tributorum
715 2221 775 2247 aut
792 2215 1002 2257 vectigalium
1020 2219 1192 2247 exactores
1206 2225 1245 2247 eo
1265 2214 1356 2247 ivere
1375 2217 1449 2257 post
1462 2212 1622 2246 hominum
1637 2222 1707 2245 me-

286 2261 432 2295 moriam.
482 2260 611 2301 ludaei,
635 2259 836 2293 Boriensium
852 2265 984 2292 veteres
1000 2259 1131 2292 accolae
1142 2285 1151 2300 ‚
1172 2259 1326 2302 templum
1342 2257 1506 2291 habebant
1520 2257 1708 2300 antiquum

287 2305 374 2350 quod
393 2305 479 2348 apud
495 2305 583 2349 ipsos
598 2304 630 2337 in
648 2306 771 2337 honore
787 2310 859 2337 erat
875 2315 1062 2348 summaque
1080 2303 1304 2345 admiratione,
1327 2302 1510 2343 conditum,
1531 2307 1569 2335 ut
1583 2302 1707 2345 ferunt,

289 2361 309 2383 a
324 2350 498 2383 Salomone
513 2350 738 2382 Hebraeorum
755 2361 843 2392 rege.
879 2349 947 2382 Illis
961 2360 1092 2393 quoque
1108 2349 1255 2382 omnibus
1270 2348 1348 2392 imp.
1364 2347 1562 2380 lastinianus
1577 2347 1620 2379 ab
1635 2346 1707 2380 avi-

287 2395 330 2428 tis
359 2394 501 2428 moribus
526 2394 567 2426 ad
584 2393 801 2427 Christianam
823 2394 1012 2438 religionem
1030 2393 1207 2436 traductis,
1233 2394 1388 2438 templum
1407 2392 1471 2426 hoc
1491 2391 1525 2425 in
1548 2390 1710 2425 ecclesiae

288 2441 423 2473 formam
440 2438 592 2472 mutavit.
1611 2446 1616 2451 ’

377 2485 411 2518 3.
459 2483 520 2516 His
537 2483 710 2515 ulteriores
725 2486 801 2515 sunt
817 2483 936 2526 Syrtes
951 2494 1109 2527 magnae3
1133 2493 1267 2527 quarum
1284 2491 1346 2524 ego
1361 2480 1470 2524 situm,
1487 2480 1709 2524 originemque

288 2527 443 2562 vocabuli
458 2527 640 2571 explicabo.
686 2528 899 2560 praetentum
922 2529 966 2561 ibi
991 2529 1083 2561 littus
1096 2527 1256 2562 scinditur
1270 2526 1386 2570 illapsu
1402 2525 1514 2567 maris,
1535 2524 1709 2558 fluctibus-

290 2584 355 2617 que
371 2573 503 2606 adesum
519 2572 703 2605 subducere
718 2583 754 2604 se
768 2572 912 2614 videtur,
929 2578 963 2605 et
977 2573 1154 2606 introrsum
1169 2571 1350 2605 recedendo
1367 2571 1530 2612 refugere.
1576 2570 1708 2603 Lunato

292 2629 371 2651 arcu
396 2617 578 2660 longissime
603 2617 807 2660 obliquatur:
831 2627 895 2660 qua
913 2617 1070 2662 incipiunt
1087 2617 1215 2662 aperire
1233 2627 1269 2649 se
1283 2616 1407 2655 latera,
1426 2615 1585 2648 traiectus
1599 2614 1708 2648 stadia

291 2662 533 2706 quadringenta
547 2666 660 2706 patet:
684 2662 834 2694 sinuosus
850 2666 957 2695 autem
974 2672 1124 2695 recessus
1139 2661 1260 2695 ambitu
1274 2671 1333 2693 suo
1349 2660 1474 2693 dierum
1489 2670 1548 2692 sex
1561 2659 1624 2692 iter
1639 2659 1708 2692 col-

291 2707 373 2750 ligit.
422 2707 554 2751 Quippe
571 2706 673 2739 sinum
689 2706 794 2739 efficit
812 2716 921 2750 mare,
946 2706 1121 2739 continenti
1145 2706 1196 2739 hic
1210 2705 1439 2748 interceptum.
1483 2704 1522 2737 Si
1536 2713 1602 2748 qua
1615 2702 1706 2736 navis

291 2756 392 2786 vento
413 2756 472 2786 aut
493 2755 688 2796 tempestate
712 2750 899 2796 compulsa,
921 2751 956 2787 in
977 2751 1119 2786 traiectu
1138 2751 1241 2785 sinum
1255 2749 1355 2784 semel
1369 2748 1563 2792 intraverit,
1584 2745 1707 2783 reverti
