1800 3126
323 181 421 228 386
772 183 830 226 IN
863 181 1006 226 HIST.
1036 181 1288 226 ARCANAM

319 288 533 343 gerendam
569 296 708 342 aptas,
753 288 910 340 deponit
945 290 1173 341 imperium,
1215 289 1440 328 lastiniam
1474 292 1622 329 sororio
1649 291 1745 342 filio

323 346 509 398 Augusto
539 348 763 395 constituto,
794 347 863 395 qui
890 353 974 382 tam
1001 351 1083 382 erat
1099 346 1310 396 patricius,
1339 347 1532 394 exconsul,
1559 347 1747 384 militiae-

325 416 401 453 que
438 403 645 452 magister,
667 407 722 436 -et
757 402 857 438 serio
895 402 978 437 iam
997 400 1205 451 publicam
1231 408 1383 451 ceperat
1409 414 1541 439 rerum
1567 401 1747 440 admini-

325 458 566 496 strationem,
622 454 720 493 Vide
750 467 847 506 quae
875 457 1094 493 notavimus
1125 454 1175 492 ad
1200 469 1240 506 p.
1263 458 1314 496 29
1342 457 1411 493 lin.
1437 457 1502 497 16.

432 513 478 548 Ρ.
500 513 563 557 66,
596 509 665 551 14.
720 511 824 547 IVam
853 524 941 548 cam
968 513 1067 548 viris
1095 512 1305 547 senatoriis
1340 511 1474 562 (quod
1497 513 1637 562 prisca
1666 511 1748 561 lege

326 573 491 604 cautam
520 569 597 611 est)
626 578 781 602 uxorem
808 564 946 603 ducere
972 567 1206 603 meretricem
1235 579 1313 603 non
1341 567 1469 617 liceat]
1508 567 1747 604 Constantini

325 623 509 671 rescripto
541 620 590 656 ad
619 620 848 670 Gregorium
882 622 909 658 l.
941 622 979 660 1.
1015 622 1147 659 senat.
1187 634 1220 658 c.
1250 620 1298 658 de
1325 628 1405 658 nat.
1434 622 1503 658 lib.
1538 628 1576 658 et
1604 621 1747 659 Valen-

325 678 464 714 tiniani
501 688 545 712 ac
580 677 760 712 Marti-ani
797 675 847 713 ad
875 675 1107 714 Palladium.
1137 677 1165 713 l.
1195 679 1222 717 7
1251 689 1283 714 c.
1314 675 1362 713 de
1390 678 1525 714 incest.
1555 683 1592 713 et
1618 676 1748 712 inutil.

325 738 436 781 nupt.
477 731 681 768 Senatores
709 744 777 767 cea
801 733 1034 782 praefecto-3,
1061 733 1125 769 vel
1150 745 1247 783 quos
1274 733 1316 768 in
1345 731 1576 769 civitatibus·
1603 729 1750 767 duum-

324 787 515 834 virilitas,
543 786 606 822 vel
631 785 856 835 sacerdotii,
886 786 932 823 id
957 794 1025 835 est,
1052 786 1402 824 Plzoeniciarclziae
1423 787 1486 825 vel
1502 786 1752 836 Syriarchiae

327 848 561 878 ornamenta
596 840 872 890 condecorant,
907 843 1043 892 placet
1069 843 1272 880 maculam
1299 842 1430 879 subire
1463 841 1677 889 infamiae,
1716 846 1752 876 et

327 897 480 933 alienos
510 910 538 932 a
566 897 764 933 Romanis
799 897 953 947 legibus
973 898 1085 947 fieri,
1124 899 1161 934 si
1199 911 1242 934 ex
1277 898 1449 945 ancilla,
1483 897 1547 935 vel
1581 896 1753 932 ancillae

315 953 443 1003 filia,
480 951 543 988 vel
568 951 733 998 liberta,
771 953 833 989 vel
858 953 1018 989 libertae
1035 953 1157 1002 filia,
1193 953 1256 989 vel
1279 954 1455 1002 scenica,
1493 951 1555 988 vel
1579 952 1753 988 scenicae

315 1007 430 1057 filia,
459 1006 521 1044 vel
547 1006 789 1056 tabernaria,
822 1008 884 1044 vel
912 1008 1162 1044 tabernariae
1176 1008 1286 1058 filia,
1315 1008 1380 1044 vel
1404 1007 1566 1054 humili,
1595 1006 1658 1044 vel
1683 1005 1754 1042 ab·

325 1064 428 1099 iecta
447 1074 640 1111 persona,
672 1062 738 1098 vel
762 1063 955 1111 Lenonis,
985 1069 1056 1099 aut
1083 1063 1273 1100 Arenarii
1289 1063 1410 1113 filia,
1437 1063 1499 1101 vel
1525 1074 1627 1112 qaae
1654 1073 1753 1097 mer-

325 1117 510 1154 cimoniis
531 1116 688 1166 publice
711 1117 914 1167 praefuit,
941 1125 1141 1167 susceptos
1157 1118 1273 1167 filios
1299 1119 1343 1155 in
1367 1130 1527 1155 numero
1555 1117 1775 1167 legitimo--

325 1185 416 1209 rum
444 1170 584 1207 habere
612 1173 827 1218 voluerint,
855 1179 930 1208 aut
953 1174 1115 1222 proprio
1143 1172 1312 1221 iudicio,
1342 1180 1412 1210 aut
1438 1173 1565 1209 nostri
1589 1183 1754 1222 praero-

322 1228 470 1279 gativa
496 1227 687 1276 rescripti.
744 1229 853 1263 Hanc
881 1227 1012 1277 legem
1040 1229 1209 1265 Iustinus
1238 1229 1464 1278 antiquavit.

435 1283 481 1318 P.
515 1284 586 1328 66,
620 1281 684 1322 15.
750 1283 976 1332 Principem
1006 1281 1140 1332 adigit
1171 1281 1228 1319 ad
1262 1283 1384 1332 legem
1414 1294 1519 1319 nova
1556 1280 1755 1316 constitu-

327 1339 432 1374 tione
467 1335 733 1386 evertendam]
785 1339 916 1373 Innuit
953 1339 1165 1387 Procopius
1200 1339 1339 1374 Iustini
1374 1338 1505 1387 legem
1543 1335 1598 1374 23
1635 1348 1667 1372 c.
1706 1332 1754 1369 de

326 1398 438 1442 nupt.
495 1393 642 1429 Vermn
676 1390 782 1442 quod
819 1391 884 1428 hic
919 1400 1091 1443 repetere
1129 1405 1243 1443 saepe
1282 1405 1419 1442 cogor,
1459 1397 1623 1442 quatuor
1663 1390 1755 1425 illae

326 1447 477 1484 litterae
518 1449 630 1484 Iusr.
679 1448 820 1497 quibus
865 1460 1009 1484 nomen
1045 1449 1216 1484 Iustinus
1253 1449 1382 1484 senior
1425 1446 1584 1484 notabat
1625 1457 1754 1489 suum,

327 1500 666 1554 quemadmodum
694 1515 810 1552 supra
837 1515 926 1552 pag.
958 1506 1010 1543 28
1039 1504 1249 1552 Procopius
1277 1502 1467 1547 narravit3
1512 1513 1660 1551 quaeve
1695 1500 1756 1535 illi

328 1557 523 1608 praefixae
553 1558 827 1594 Constitutioni
851 1559 891 1593 in
921 1559 1088 1608 antiquis
1117 1559 1388 1608 manuscriptis
1417 1557 1525 1593 libris
1553 1562 1679 1602 erant,
1718 1560 1756 1590 et

327 1625 399 1649 :nos
428 1614 469 1648 in
498 1613 683 1649 Vaticano
717 1612 1030 1659 observavimus,
1071 1611 1192 1649 doctis
1230 1614 1322 1649 viris
1361 1614 1650 1662 imposuerunt,
1688 1610 1756 1660 qui

329 1668 413 1704 eius
442 1674 556 1703 notae
586 1667 880 1716 ambiguitatem
910 1667 959 1704 ad
979 1669 1194 1714 Iustiniani,
1225 1680 1343 1718 quam
1370 1666 1422 1703 ad
1447 1668 1587 1703 Iustini
1611 1677 1758 1702 nomen

326 1723 571 1772 interpretari
599 1723 842 1769 maluerunt,
873 1721 1079 1773 eidemque
1105 1724 1420 1759 constitutionem
1449 1721 1685 1758 adscribere:
1719 1726 1758 1756 et

327 1778 524 1814 Hubertus
553 1775 771 1827 Giphanius
799 1780 886 1813 eam
914 1776 1145 1814 Theodorae
1172 1790 1289 1814 suasu
1316 1779 1358 1813 in
1386 1775 1638 1814 commodum
1666 1787 1757 1811 mu-

326 1833 470 1869 lierum
499 1831 645 1868 editam
670 1845 692 1868 a
711 1833 924 1869 Iustiniana
955 1835 1073 1869 etiam
1101 1832 1277 1869 credidit.
1335 1831 1415 1869 Sed
1431 1833 1569 1869 Iustini
1597 1832 1757 1868 omnino

329 1894 407 1924 est:
447 1900 540 1923 nam
565 1889 617 1923 'in
655 1886 829 1924 codicem
864 1901 942 1925 non
973 1888 1096 1924 semel
1122 1890 1357 1938 irrepserunt
1384 1888 1504 1924 falsae
1531 1888 1666 1936 legmn
1693 1887 1759 1921 in-

195 1945 220 1978 P
246 1944 310 1979 117
331 1944 577 1992 scriptiones,
617 1949 732 1993 atque
770 1944 889 1979 etiam
918 1943 1232 1993 subscriptiones.
1289 1944 1426 1979 Dicam
1451 1949 1605 1979 tantum
1639 1942 1681 1977 in
1717 1953 1758 1976 re

328 1999 523 2048 praesenti
556 1998 888 2047 exploratissimae,
928 2011 1116 2049 quasque.
1173 2000 1200 2035 l.
1231 2001 1256 2038 6
1294 1996 1568 2035 restituendae.
1633 1997 1677 2032 C.
1709 1994 1759 2031 de

331 2052 465 2089 advoc.
491 2053 571 2089 fisc.
605 2059 642 2088 et
681 2053 708 2088 l.
739 2056 765 2094 7
803 2066 872 2103 per
910 2051 1011 2089 hanc
1043 2054 1195 2102 legem,
1236 2059 1274 2088 et
1306 2053 1335 2088 l.
1365 2055 1390 2093 8
1418 2065 1556 2099 nemo,
1594 2058 1681 2088 tum
1717 2052 1759 2086 in

214 2110 241 2143 A
263 2109 308 2144 38
332 2106 562 2157 epigrapha,
594 2114 680 2143 tum
709 2110 751 2143 in
780 2115 871 2144 nota
902 2108 1104 2145 consulum
1133 2106 1183 2143 ad
1211 2108 1357 2144 calcem
1384 2106 1571 2144 mendose
1600 2113 1658 2143 est
1684 2119 1760 2142 no-

329 2175 422 2198 men
460 2163 685 2208 Iustiniani3
725 2175 818 2198 nam
857 2175 908 2198 ex
949 2163 1071 2199 tribus
1113 2163 1191 2198 illis
1235 2162 1595 2209 constitutionibus,
1634 2163 1761 2214 prima

330 2218 477 2254 sancita
507 2223 565 2253 est
595 2229 696 2252 anno
725 2218 864 2253 Iustini
892 2219 1037 2267 primo3
1070 2216 1239 2254 secunda
1269 2225 1306 2253 et
1334 2219 1464 2265 tertia,
1495 2230 1596 2254 auno
1625 2223 1759 2262 sext03

329 2270 569 2321 notandique
599 2278 688 2307 sunt
718 2271 794 2308 duo
823 2273 962 2308 Iustini
990 2274 1158 2322 Augusti
1194 2273 1440 2320 consulatus,
1479 2273 1577 2308 alter
1610 2273 1760 2321 collega

330 2325 560 2373 Eutharico,
599 2327 697 2362 alter
725 2327 926 2377 Opilione3
968 2334 1011 2363 ut
1039 2335 1140 2364 recte
1173 2334 1231 2364 est
1258 2327 1286 2364 l.
1311 2327 1362 2367 23
1391 2328 1582 2364 consulta.
1637 2327 1681 2363 C.
1711 2325 1759 2362 de

330 2382 460 2419 testib.
490 2394 582 2417 nam
609 2383 845 2419 Iustinianus
876 2395 966 2418 cum
987 2383 1139 2420 Valerio
1169 2385 1341 2432 primum
1370 2383 1626 2420 consulatum.
1642 2383 1759 2432 gessit

332 2449 432 2474 anno
466 2437 605 2473 Iustini
639 2438 822 2473 avuncuii
859 2439 986 2475 tertio.
1041 2437 1105 2475 Ad
1141 2436 1241 2474 hanc
1279 2451 1458 2475 normam
1494 2435 1759 2474 emendandae

332 2499 371 2529 et
400 2492 498 2528 aliae
527 2498 629 2538 sunt,
659 2499 697 2528 et
726 2493 754 2528 l.
777 2496 803 2533 7
831 2492 975 2542 legem.
1033 2494 1076 2530 C.
1098 2492 1146 2529 de
1174 2500 1254 2530 nat.
1273 2493 1342 2529 lib.
1398 2495 1603 2530 Praeterea
1629 2494 1759 2543 legem

330 2547 444 2584 illam
481 2545 529 2582 de
564 2547 726 2583 scenicis
762 2548 992 2586 mulieribus
1026 2548 1166 2585 Iustini
1205 2561 1288 2585 esse
1326 2561 1483 2598 prorsus
1515 2549 1656 2585 evincit
1683 2548 1759 2584 alia

333 2601 382 2639 de
420 2601 562 2638 iisdem
589 2603 750 2639 scenicis
781 2604 985 2640 Iustiniani
1021 2605 1265 2650 constitutio,
1304 2604 1352 2639 ab
1380 2603 1451 2639 illa
1477 2605 1616 2640 Iustini
1642 2603 1756 2654 plane

333 2656 503 2705 diversa,
533 2659 677 2707 quippe
707 2670 805 2709 quae
834 2671 914 2695 non
942 2660 1070 2696 solum
1095 2659 1208 2709 plura
1237 2660 1383 2708 capita,
1412 2655 1482 2695 sed
1509 2660 1628 2695 etiam
1656 2659 1758 2695 anti-.

331 2714 507 2750 nomiam
544 2714 756 2760 contineat,
796 2719 840 2750 ut
879 2716 1011 2751 statim
1048 2726 1255 2764 exponam.
1312 2715 1370 2750 Ea
1406 2714 1498 2750 licet
1530 2712 1648 2750 hodie
1678 2725 1755 2749 non

331 2774 460 2815 extet,
505 2779 700 2807 summam
737 2775 868 2806 tamen
906 2770 988 2808 eius
1033 2768 1219 2807 habemus
1257 2769 1297 2805 in
1335 2770 1519 2820 rescripto
1554 2768 1755 2807 Iusfiniani
