1754 3132
196 169 225 213 6
711 169 1103 212 ARGUMENTUM.

197 282 250 329 εἷς
280 279 477 333 πολέμους
511 281 576 321 καὶ
603 279 678 328 τὰς
707 279 807 334 πρὸς
835 279 929 328 τοὺς
953 279 1271 331 ἀνθισταμένους
1291 286 1380 328 ταῖς
1400 279 1525 321 αὐτοῦ
1547 283 1621 320 θε-

199 344 358 401 λήσεσιν
387 346 532 401 ἴριδας.
603 345 701 388 ὅθεν
722 347 779 388 ἀεὶ
795 345 1015 401 χρημάτων
1035 343 1242 398 δεόμενος,
1277 347 1466 400 ἐξελέγετο
1495 349 1623 388 ταῦτα

200 415 242 455 ἐκ
271 411 430 468 τρόπων
461 413 533 455 οὐκ
566 413 738 467 εἰαγῶν,
768 415 832 454 καὶ
863 411 1033 469 χάριτας
1059 411 1144 468 ᾔδει
1172 419 1255 461 τοῖς
1275 410 1494 468 προφάσεις
1514 412 1623 470 αὐτῷ

201 484 274 522 τοῦ
307 480 584 534 ἀργυρολογεῖν
613 481 900 535 ἐφευρίσκουσι.
972 481 1037 521 καὶ
1066 478 1139 532 οὐχ
1172 477 1192 520 ὅ
1224 480 1296 532 μὲν
1319 478 1425 522 οὕτω
1446 479 1622 530 διέκειτο,

200 545 226 597 ἦ
259 547 302 588 δὲ
328 548 487 598 βασιλὶς
509 547 731 599 ἠλαττοῦτο
751 543 853 588 κατά
875 563 913 587 τι
937 551 1008 587 τοῦ
1030 543 1325 600 αὐτοκράτορος
1348 545 1371 600 ἢ
1394 546 1494 599 πρὸς
1514 547 1623 595 ἔξου-
1637 555 1657 589 5

201 613 314 664 σιάν,
352 613 376 665 ἢ
400 613 499 667 πρὸς
514 611 734 667 χρημάτων
754 617 890 667 κτῆσιν
913 613 955 653 ἔκ
979 610 1129 667 τρόπου
1150 611 1310 660 παντός.
1365 611 1532 654 ἐδύνατο
1550 613 1627 667 γὰρ

202 683 337 736 πολλῷ
357 684 412 736 τῷ
432 679 541 736 με’σῳ
562 684 634 722 τοῦ
655 679 884 729 ’ξυνευνέτου
905 679 1093 721 ἐπέκεινα.
1151 675 1201 732 ἦν
1222 680 1265 720 δὲ
1287 681 1351 720 καὶ
1369 677 1629 735 ποριμωτάτη

202 747 302 800 πρὸς
333 745 485 801 εὕρεσιν
518 747 756 801 καινοτέρων
790 748 855 788 καὶ
887 744 1150 799 πολυτρόπων
1184 747 1376 788 ἐπινοιῶν.
1447 747 1632 787 ἐντεῦθεν

203 819 288 860 τοΐς
306 810 498 866 ὑπηκόοις
517 811 680 867 διχόθεν
700 814 741 854 αἱ
758 814 986 867 συμφοραί·
1023 814 1064 854 οῗ
1079 828 1120 853 τε
1138 813 1215 867 γὰρ
1234 810 1382 866 ἐτήσιοι
1402 814 1550 864 δασμοὶ
1570 812 1632 853 ἐπὶ

202 883 334 932 μεῖζον
366 878 551 933 ἓξήροντο
588 882 653 921 καὶ
688 882 814 920 καινοὶ
843 877 1221 932 προσεπινενόηντο,
1259 881 1323 920 καὶ
1349 879 1477 931 οἱμὲν
1498 877 1554 926 ὡς
1575 878 1633 932 μὴ
1647 890 1688 922 10

203 948 290 1000 περὶ
310 946 382 999 τὴν
405 948 458 994 εἷς
483 947 529 987 τὸ
549 951 663 988 θεῖον
683 946 804 995 δόξαν
827 946 966 999 ὀρθῶς
987 948 1246 998 διακείμενοι,
1284 946 1320 986 οἶ
1344 947 1388 987 δὲ
1414 944 1469 993 ὡς
1487 943 1637 987 ἀκολά-

207 1029 311 1060 στως
332 1017 513 1064 βιοῦντες
536 1013 560 1065 ἢ
584 1015 758 1067 ἀσελγῶς
776 1011 1007 1062 ἐκολάζοντο
1029 1014 1094 1053 καὶ
1116 1013 1190 1060 τὰς
1206 1013 1434 1066 περιουσίας
1453 1010 1637 1067 ἀφῄρην-

206 1096 251 1120 το
267 1111 276 1127 ,
316 1079 352 1120 οἱ
376 1081 418 1120 δὲ
441 1080 507 1119 διὰ
527 1080 599 1127 τὰς
619 1080 719 1133 πρὸς
741 1078 938 1132 ἀλλήλους
960 1078 1179 1133 διαφορὰς,
1214 1081 1278 1120 καὶ
1307 1079 1421 1120 ἄλλοι
1444 1078 1484 1128 ἐξ
1507 1079 1637 1120 ἄλλων

206 1144 366 1200 τρόπων
397 1147 460 1186 καὶ
490 1146 614 1199 ἕτεροι
644 1147 685 1195 ἐξ
713 1145 868 1200 ἑτέρων,
941 1143 1093 1193 πάντας
1113 1146 1189 1199 γὰρ
1209 1145 1454 1200 ἀπαριθμεῖν
1480 1149 1640 1200 μακρᾶς

209 1211 257 1253 ἂν
277 1212 404 1253 δέοιτο
425 1215 666 1268 ξυγγραφῆς.
1653 1223 1693 1258 15

210 1373 279 1396 rem
310 1362 482 1400 bellicam,
520 1366 554 1395 et
586 1362 818 1395 contentiones
850 1371 986 1403 eorum,
1019 1359 1075 1404 qui
1099 1360 1261 1393 voluntati
1284 1359 1392 1404 ipsius
1415 1361 1644 1396 adversaban-

210 1412 286 1448 tur,
319 1407 524 1440 insumendo.
571 1407 624 1440 lta
647 1408 790 1446 factum,
814 1409 851 1439 ut
873 1417 944 1439 cum
967 1405 1107 1450 pecunia
1131 1415 1262 1448 semper
1284 1411 1418 1447 egeret,
1442 1418 1513 1440 enm
1539 1407 1644 1440 ratio-

211 1452 308 1485 nibus
334 1463 451 1495 parum
476 1451 624 1484 honestis
648 1455 881 1495 compararet,
906 1461 947 1482 ac
969 1449 1112 1494 gratiam
1137 1449 1279 1482 haberet
1302 1450 1365 1490 iis,
1389 1451 1444 1495 qui
1467 1451 1646 1495 colligendi

212 1497 343 1540 argenti
367 1497 440 1529 vias
464 1497 693 1530 ostenderent.
750 1496 872 1540 Neque
896 1506 975 1527 vero
999 1494 1054 1527 ine
1078 1493 1126 1527 sic
1150 1493 1294 1528 affectus
1318 1500 1410 1536 erat3
1445 1490 1645 1540 Imperstrix

212 1553 294 1575 vero
318 1541 367 1575 illi
390 1542 463 1575 sive
489 1541 645 1583 licentia,
679 1540 754 1573 sive
777 1540 898 1584 quovis
924 1539 1020 1573 modo
1044 1538 1219 1572 faciendae
1242 1540 1407 1583 pecuniae
1429 1540 1567 1575 solertia
1589 1553 1646 1574 ce-

214 1587 327 1620 debat.
374 1587 443 1619 Sed
477 1591 512 1618 et
543 1586 697 1618 maritum
728 1585 829 1628 longo
861 1584 1036 1617 intervallo
1063 1583 1216 1627 potentia
1239 1586 1440 1627 superabat,
1473 1590 1508 1619 et
1529 1596 1648 1626 novos,

214 1642 341 1675 eosque
374 1631 485 1664 varios
516 1635 679 1674 quaestus
709 1629 972 1673 ingeniosissime
1003 1627 1204 1672 reperiebat.
1251 1628 1340 1662 Hinc
1367 1629 1494 1663 subditi
1517 1629 1648 1674 gemino

184 1674 191 1683 '
215 1687 318 1709 onere
342 1677 590 1719 premebantur.
635 1675 723 1708 Nam
747 1679 782 1707 et
805 1685 915 1707 annua
937 1673 1064 1706 tributa
1088 1674 1397 1716 exaggerebantur,
1420 1681 1455 1708 et
1477 1686 1566 1708 nova
1590 1686 1649 1708 ex-

216 1720 462 1763 cogitabantur.
510 1720 598 1759 Alii,
631 1724 669 1752 ut
699 1730 875 1764 perperam
910 1719 952 1751 de
986 1717 1148 1760 reiigione
1175 1719 1359 1752 sentientes
1381 1720 1648 1753 mulctabantur-2

220 1765 276 1798 aiii
299 1770 336 1798 ut
357 1765 549 1798 immodeste
573 1770 608 1797 et
632 1765 822 1808 petulanter
845 1763 1001 1796 viventes
1023 1763 1144 1806 opibus
1168 1762 1407 1806 privabantur:
1433 1764 1490 1798 aiii
1508 1765 1552 1798 ob
1570 1776 1650 1798 con-

219 1810 386 1843 tentiones
419 1809 508 1842 inter
537 1820 632 1842 seset
667 1809 723 1843 alii
759 1808 906 1853 denique
932 1806 1006 1840 aliis
1030 1807 1072 1840 de
1094 1807 1224 1848 causis;
1259 1819 1345 1852 quae
1367 1819 1480 1844 omnes
1502 1808 1651 1843 breviter

220 1854 387 1888 recenseri
411 1858 590 1899 nequeunt.
