<?xml version="1.0" encoding="UTF-8"?>
<!DOCTYPE html PUBLIC "-//W3C//DTD XHTML 1.0 Transitional//EN"
    "http://www.w3.org/TR/xhtml1/DTD/xhtml1-transitional.dtd">
<html xmlns="http://www.w3.org/1999/xhtml" xml:lang="en" lang="en">
 <head>
  <title>
</title>
<meta http-equiv="Content-Type" content="text/html;charset=utf-8" />
  <meta name='ocr-system' content='tesseract 3.04.00' />
  <meta name='ocr-capabilities' content='ocr_page ocr_carea ocr_par ocr_line ocrx_word'/>
</head>
<body>
  <div class='ocr_page' id='page_1' title='image "./corpusscriptorum45niebuoft_0118.png"; bbox 0 0 1858 3126; ppageno 0'>
   <div class='ocr_carea' id='block_1_1' title="bbox 347 181 1188 232">
    <p class='ocr_par' dir='ltr' id='par_1_1' title="bbox 347 181 1188 232">
     <span class='ocr_line' id='line_1_1' title="bbox 347 181 1188 232; baseline 0.001 -1"><span class='ocrx_word' id='word_1_1' title='bbox 347 181 411 231; x_wconf 78' lang='grc'><em>78</em></span> <span class='ocrx_word' id='word_1_2' title='bbox 929 188 1188 232; x_wconf 87' lang='lat' dir='ltr'><strong>PROCOPII</strong></span> 
     </span>
    </p>
   </div>
   <div class='ocr_carea' id='block_1_2' title="bbox 209 294 1816 1752">
    <p class='ocr_par' dir='ltr' id='par_1_2' title="bbox 343 294 1755 424">
     <span class='ocr_line' id='line_1_2' title="bbox 347 294 1755 358; baseline 0.006 -20"><span class='ocrx_word' id='word_1_3' title='bbox 347 294 456 339; x_wconf 77' lang='grc' dir='ltr'><em>α’ῧτοὶ</em></span> <span class='ocrx_word' id='word_1_4' title='bbox 479 297 523 341; x_wconf 74' lang='grc' dir='ltr'><em>δὲ</em></span> <span class='ocrx_word' id='word_1_5' title='bbox 542 294 668 354; x_wconf 89' lang='grc' dir='ltr'><em>κύριοι</em></span> <span class='ocrx_word' id='word_1_6' title='bbox 686 302 756 352; x_wconf 80' lang='grc' dir='ltr'><em>τῆς</em></span> <span class='ocrx_word' id='word_1_7' title='bbox 773 297 908 348; x_wconf 75' lang='grc' dir='ltr'><em>οὖσίας</em></span> <span class='ocrx_word' id='word_1_8' title='bbox 934 298 1055 350; x_wconf 69' lang='grc' dir='ltr'><em>εὐθὺς</em></span> <span class='ocrx_word' id='word_1_9' title='bbox 1075 299 1142 342; x_wconf 82' lang='grc' dir='ltr'><em>ἅτε</em></span> <span class='ocrx_word' id='word_1_10' title='bbox 1162 298 1394 358; x_wconf 76' lang='grc' dir='ltr'><em>κληρονόμοι</em></span> <span class='ocrx_word' id='word_1_11' title='bbox 1414 299 1604 358; x_wconf 78' lang='grc' dir='ltr'><em>γεγόνασι.</em></span> <span class='ocrx_word' id='word_1_12' title='bbox 1667 306 1755 346; x_wconf 89' lang='grc' dir='ltr'><em>δια-</em></span> 
     </span>
     <span class='ocr_line' id='line_1_3' title="bbox 343 362 1755 424; baseline 0.006 -20"><span class='ocrx_word' id='word_1_13' title='bbox 343 362 474 418; x_wconf 77' lang='grc' dir='ltr'><em>θήκην</em></span> <span class='ocrx_word' id='word_1_14' title='bbox 492 363 567 420; x_wconf 80' lang='grc' dir='ltr'><em>γάρ</em></span> <span class='ocrx_word' id='word_1_15' title='bbox 580 382 666 406; x_wconf 87' lang='grc' dir='ltr'><em>τινα</em></span> <span class='ocrx_word' id='word_1_16' title='bbox 686 364 923 421; x_wconf 67' lang='grc' dir='ltr'><em>προῦφερον,</em></span> <span class='ocrx_word' id='word_1_17' title='bbox 943 366 1061 422; x_wconf 72' lang='grc' dir='ltr'><em>ἥνπερ</em></span> <span class='ocrx_word' id='word_1_18' title='bbox 1083 367 1128 408; x_wconf 84' lang='grc' dir='ltr'><em>οὗ</em></span> <span class='ocrx_word' id='word_1_19' title='bbox 1149 369 1239 424; x_wconf 70' lang='grc' dir='ltr'><em>παρ’</em></span> <span class='ocrx_word' id='word_1_20' title='bbox 1254 370 1396 410; x_wconf 72' lang='grc' dir='ltr'><em>ἐκείνου</em></span> <span class='ocrx_word' id='word_1_21' title='bbox 1417 373 1644 424; x_wconf 72' lang='grc' dir='ltr'><em>ξυγκεῖσθαι</em></span> <span class='ocrx_word' id='word_1_22' title='bbox 1667 372 1755 411; x_wconf 86' lang='grc' dir='ltr'><em>δια-</em></span> 
     </span>
    </p>

    <p class='ocr_par' dir='ltr' id='par_1_3' title="bbox 226 430 1788 823">
     <span class='ocr_line' id='line_1_4' title="bbox 226 430 1756 493; baseline 0.005 -22"><span class='ocrx_word' id='word_1_23' title='bbox 226 438 255 472; x_wconf 89' lang='grc' dir='ltr'><strong>Ρ</strong></span> <span class='ocrx_word' id='word_1_24' title='bbox 278 436 322 471; x_wconf 85' lang='grc'><em>37</em></span> <span class='ocrx_word' id='word_1_25' title='bbox 344 430 595 487; x_wconf 72' lang='grc' dir='ltr'><strong><em>τεθρύληται.</em></strong></span> <span class='ocrx_word' id='word_1_26' title='bbox 662 434 727 473; x_wconf 83' lang='grc' dir='ltr'><em>καὶ</em></span> <span class='ocrx_word' id='word_1_27' title='bbox 750 436 944 474; x_wconf 84' lang='grc' dir='ltr'><em>Τατιανοῦ</em></span> <span class='ocrx_word' id='word_1_28' title='bbox 968 450 1010 474; x_wconf 84' lang='grc' dir='ltr'><em>τε</em></span> <span class='ocrx_word' id='word_1_29' title='bbox 1030 434 1095 474; x_wconf 83' lang='grc' dir='ltr'><em>καὶ</em></span> <span class='ocrx_word' id='word_1_30' title='bbox 1115 434 1401 487; x_wconf 76' lang='grc' dir='ltr'><em>Δημοσθένους</em></span> <span class='ocrx_word' id='word_1_31' title='bbox 1422 438 1487 476; x_wconf 86' lang='grc' dir='ltr'><em>καὶ</em></span> <span class='ocrx_word' id='word_1_32' title='bbox 1509 440 1580 490; x_wconf 74' lang='grc' dir='ltr'><em>τῆς</em></span> <span class='ocrx_word' id='word_1_33' title='bbox 1599 434 1756 493; x_wconf 84' lang='grc' dir='ltr'><em>Ἱλαρᾶς</em></span> 
     </span>
     <span class='ocr_line' id='line_1_5' title="bbox 341 496 1756 558; baseline 0.003 -19"><span class='ocrx_word' id='word_1_34' title='bbox 341 496 473 553; x_wconf 77' lang='grc' dir='ltr'><em>τρόπῳ</em></span> <span class='ocrx_word' id='word_1_35' title='bbox 491 502 546 554; x_wconf 69' lang='grc' dir='ltr'><em>τῷ</em></span> <span class='ocrx_word' id='word_1_36' title='bbox 564 496 685 553; x_wconf 76' lang='grc' dir='ltr'><em>ὁμοίῳ</em></span> <span class='ocrx_word' id='word_1_37' title='bbox 711 502 817 553; x_wconf 78' lang='grc' dir='ltr'><em>σφᾶς</em></span> <span class='ocrx_word' id='word_1_38' title='bbox 845 498 986 548; x_wconf 75' lang='grc' dir='ltr'><em>αὐτοὺς</em></span> <span class='ocrx_word' id='word_1_39' title='bbox 1006 500 1272 556; x_wconf 75' lang='grc' dir='ltr'><em>κληρονόμους</em></span> <span class='ocrx_word' id='word_1_40' title='bbox 1289 503 1534 555; x_wconf 85' lang='grc' dir='ltr'><em>πεποίηνται,</em></span> <span class='ocrx_word' id='word_1_41' title='bbox 1568 503 1677 558; x_wconf 65' lang='grc' dir='ltr'><em>οἵπερ</em></span> <span class='ocrx_word' id='word_1_42' title='bbox 1705 501 1756 543; x_wconf 80' lang='grc' dir='ltr'><em>τά</em></span> 
     </span>
     <span class='ocr_line' id='line_1_6' title="bbox 340 563 1788 624; baseline 0.003 -19"><span class='ocrx_word' id='word_1_43' title='bbox 340 581 382 605; x_wconf 83' lang='grc' dir='ltr'><em>τε</em></span> <span class='ocrx_word' id='word_1_44' title='bbox 409 563 508 604; x_wconf 81' lang='grc' dir='ltr'><em>ἄλλα</em></span> <span class='ocrx_word' id='word_1_45' title='bbox 538 566 603 604; x_wconf 84' lang='grc' dir='ltr'><em>καὶ</em></span> <span class='ocrx_word' id='word_1_46' title='bbox 633 564 676 605; x_wconf 86' lang='grc' dir='ltr'><em>τὸ</em></span> <span class='ocrx_word' id='word_1_47' title='bbox 705 565 859 617; x_wconf 78' lang='grc' dir='ltr'><em>ἀξίωμα</em></span> <span class='ocrx_word' id='word_1_48' title='bbox 884 570 1032 621; x_wconf 83' lang='grc' dir='ltr'><em>πρῶτοι</em></span> <span class='ocrx_word' id='word_1_49' title='bbox 1062 566 1100 607; x_wconf 70' lang='grc' dir='ltr'><em>ἔν</em></span> <span class='ocrx_word' id='word_1_50' title='bbox 1128 584 1170 621; x_wconf 82' lang='grc' dir='ltr'><em>γε</em></span> <span class='ocrx_word' id='word_1_51' title='bbox 1196 566 1388 620; x_wconf 86' lang='grc' dir='ltr'><em>Ῥομαίων</em></span> <span class='ocrx_word' id='word_1_52' title='bbox 1415 572 1464 622; x_wconf 83' lang='grc' dir='ltr'><em>τῇ</em></span> <span class='ocrx_word' id='word_1_53' title='bbox 1490 572 1616 624; x_wconf 82' lang='grc' dir='ltr'><em>βουλῇ</em></span> <span class='ocrx_word' id='word_1_54' title='bbox 1643 564 1788 621; x_wconf 75' lang='grc' dir='ltr'><em>ἦσαν.5</em></span> 
     </span>
     <span class='ocr_line' id='line_1_7' title="bbox 342 630 1758 687; baseline 0.004 -16"><span class='ocrx_word' id='word_1_55' title='bbox 342 635 456 672; x_wconf 80' lang='grc' dir='ltr'><em>τινῶν</em></span> <span class='ocrx_word' id='word_1_56' title='bbox 480 632 523 671; x_wconf 80' lang='grc' dir='ltr'><em>δὲ</em></span> <span class='ocrx_word' id='word_1_57' title='bbox 548 631 593 671; x_wconf 80' lang='grc' dir='ltr'><em>οὗ</em></span> <span class='ocrx_word' id='word_1_58' title='bbox 617 630 835 684; x_wconf 72' lang='grc' dir='ltr'><em>διαθήκας,</em></span> <span class='ocrx_word' id='word_1_59' title='bbox 870 632 959 673; x_wconf 73' lang='grc' dir='ltr'><em>ἀλλ’</em></span> <span class='ocrx_word' id='word_1_60' title='bbox 980 634 1184 682; x_wconf 75' lang='grc' dir='ltr'><em>ἐπιστολὰς</em></span> <span class='ocrx_word' id='word_1_61' title='bbox 1204 635 1514 687; x_wconf 75' lang='grc' dir='ltr'><em>διεσκευασμένοι</em></span> <span class='ocrx_word' id='word_1_62' title='bbox 1532 634 1604 687; x_wconf 76' lang='grc' dir='ltr'><em>τὴν</em></span> <span class='ocrx_word' id='word_1_63' title='bbox 1623 635 1758 676; x_wconf 80' lang='grc' dir='ltr'><em>οὖσίαν</em></span> 
     </span>
     <span class='ocr_line' id='line_1_8' title="bbox 344 695 1759 755; baseline 0.003 -18"><span class='ocrx_word' id='word_1_64' title='bbox 344 695 469 750; x_wconf 70' lang='grc' dir='ltr'><em>ἴσχον.</em></span> <span class='ocrx_word' id='word_1_65' title='bbox 536 696 638 739; x_wconf 73' lang='grc' dir='ltr'><em>οὕτω</em></span> <span class='ocrx_word' id='word_1_66' title='bbox 663 698 738 753; x_wconf 79' lang='grc' dir='ltr'><em>γὰρ</em></span> <span class='ocrx_word' id='word_1_67' title='bbox 759 698 968 740; x_wconf 81' lang='grc' dir='ltr'><em>Διονυσίου</em></span> <span class='ocrx_word' id='word_1_68' title='bbox 990 716 1031 740; x_wconf 84' lang='grc' dir='ltr'><em>τε</em></span> <span class='ocrx_word' id='word_1_69' title='bbox 1051 699 1283 755; x_wconf 75' lang='grc' dir='ltr'><em>κληρονόμοι</em></span> <span class='ocrx_word' id='word_1_70' title='bbox 1304 699 1519 754; x_wconf 82' lang='grc' dir='ltr'><em>γεγόνασιν,</em></span> <span class='ocrx_word' id='word_1_71' title='bbox 1554 700 1598 750; x_wconf 79' lang='grc' dir='ltr'><em>ὃς</em></span> <span class='ocrx_word' id='word_1_72' title='bbox 1615 700 1655 742; x_wconf 77' lang='grc' dir='ltr'><em>ἓν</em></span> <span class='ocrx_word' id='word_1_73' title='bbox 1670 701 1759 741; x_wconf 78' lang='grc' dir='ltr'><em>Λι-</em></span> 
     </span>
     <span class='ocr_line' id='line_1_9' title="bbox 343 761 1759 823; baseline 0.004 -20"><span class='ocrx_word' id='word_1_74' title='bbox 343 763 453 819; x_wconf 79' lang='grc' dir='ltr'><em>βάνῳ</em></span> <span class='ocrx_word' id='word_1_75' title='bbox 476 761 566 819; x_wconf 75' lang='grc' dir='ltr'><em>ᾤκει</em></span> <span class='ocrx_word' id='word_1_76' title='bbox 577 795 589 814; x_wconf 94' lang='grc'><em>,</em></span> <span class='ocrx_word' id='word_1_77' title='bbox 623 767 687 804; x_wconf 83' lang='grc' dir='ltr'><em>καὶ</em></span> <span class='ocrx_word' id='word_1_78' title='bbox 705 764 882 806; x_wconf 80' lang='grc' dir='ltr'><em>Ἰωάννου</em></span> <span class='ocrx_word' id='word_1_79' title='bbox 903 770 972 806; x_wconf 81' lang='grc' dir='ltr'><em>τοῦ</em></span> <span class='ocrx_word' id='word_1_80' title='bbox 990 769 1188 818; x_wconf 77' lang='grc' dir='ltr'><em>βασιλείου</em></span> <span class='ocrx_word' id='word_1_81' title='bbox 1211 767 1364 816; x_wconf 85' lang='grc' dir='ltr'><em>παιδὸς,</em></span> <span class='ocrx_word' id='word_1_82' title='bbox 1394 765 1438 816; x_wconf 80' lang='grc' dir='ltr'><em>ὃς</em></span> <span class='ocrx_word' id='word_1_83' title='bbox 1457 767 1759 823; x_wconf 72' lang='grc' dir='ltr'><em>ἐπιφανέστατος</em></span> 
     </span>
    </p>

    <p class='ocr_par' dir='ltr' id='par_1_4' title="bbox 209 828 1816 1154">
     <span class='ocr_line' id='line_1_10' title="bbox 209 828 1816 892; baseline 0.006 -26"><span class='ocrx_word' id='word_1_84' title='bbox 209 833 242 866; x_wconf 90' lang='lat' dir='ltr'><strong>V</strong></span> <span class='ocrx_word' id='word_1_85' title='bbox 255 831 323 868; x_wconf 80' lang='lat'><em>304</em></span> <span class='ocrx_word' id='word_1_86' title='bbox 344 831 415 883; x_wconf 75' lang='grc' dir='ltr'><em>μὲν</em></span> <span class='ocrx_word' id='word_1_87' title='bbox 430 830 671 884; x_wconf 79' lang='grc' dir='ltr'><em>Ἔδεσσηνῶν</em></span> <span class='ocrx_word' id='word_1_88' title='bbox 697 830 859 885; x_wconf 69' lang='grc' dir='ltr'><em>ἐγεγόνει</em></span> <span class='ocrx_word' id='word_1_89' title='bbox 875 831 1049 882; x_wconf 85' lang='grc' dir='ltr'><em>πάντων,</em></span> <span class='ocrx_word' id='word_1_90' title='bbox 1075 835 1146 892; x_wconf 68' lang='grc' dir='ltr'><em>βία</em></span> <span class='ocrx_word' id='word_1_91' title='bbox 1169 835 1211 874; x_wconf 72' lang='grc' dir='ltr'><em>δὲ</em></span> <span class='ocrx_word' id='word_1_92' title='bbox 1228 834 1327 889; x_wconf 84' lang='grc' dir='ltr'><em>πρὸς</em></span> <span class='ocrx_word' id='word_1_93' title='bbox 1343 835 1579 889; x_wconf 86' lang='grc' dir='ltr'><em>Βελισαριόυ</em></span> <span class='ocrx_word' id='word_1_94' title='bbox 1597 834 1637 874; x_wconf 72' lang='grc' dir='ltr'><em>ἓν</em></span> <span class='ocrx_word' id='word_1_95' title='bbox 1657 831 1758 887; x_wconf 77' lang='grc' dir='ltr'><em>ὅμή-</em></span> <span class='ocrx_word' id='word_1_96' title='bbox 1814 828 1816 833; x_wconf 69' lang='lat'>,</span> 
     </span>
     <span class='ocr_line' id='line_1_11' title="bbox 347 896 1813 956; baseline 0.001 -18"><span class='ocrx_word' id='word_1_97' title='bbox 347 914 426 952; x_wconf 86' lang='grc' dir='ltr'><em>ρων</em></span> <span class='ocrx_word' id='word_1_98' title='bbox 452 896 553 953; x_wconf 76' lang='grc' dir='ltr'><em>λόγῳ</em></span> <span class='ocrx_word' id='word_1_99' title='bbox 579 898 779 939; x_wconf 72' lang='grc' dir='ltr'><em>ἐκδίδοται</em></span> <span class='ocrx_word' id='word_1_100' title='bbox 805 905 886 947; x_wconf 79' lang='grc' dir='ltr'><em>τοῖς</em></span> <span class='ocrx_word' id='word_1_101' title='bbox 904 900 1080 954; x_wconf 73' lang='grc' dir='ltr'><em>Πέρσαις</em></span> <span class='ocrx_word' id='word_1_102' title='bbox 1089 931 1102 950; x_wconf 95' lang='grc'><em>,</em></span> <span class='ocrx_word' id='word_1_103' title='bbox 1138 899 1266 955; x_wconf 77' lang='grc' dir='ltr'><em>ὥσπερ</em></span> <span class='ocrx_word' id='word_1_104' title='bbox 1287 916 1355 953; x_wconf 89' lang='grc' dir='ltr'><em>μοι</em></span> <span class='ocrx_word' id='word_1_105' title='bbox 1374 901 1414 942; x_wconf 74' lang='grc' dir='ltr'><em>ἓν</em></span> <span class='ocrx_word' id='word_1_106' title='bbox 1432 906 1514 949; x_wconf 76' lang='grc' dir='ltr'><em>τοῖς</em></span> <span class='ocrx_word' id='word_1_107' title='bbox 1534 899 1758 956; x_wconf 70' lang='grc' dir='ltr'><em>ἔμπροσθεν</em></span> <span class='ocrx_word' id='word_1_108' title='bbox 1771 907 1813 940; x_wconf 89' lang='grc'><em>10</em></span> 
     </span>
     <span class='ocr_line' id='line_1_12' title="bbox 346 963 1760 1022; baseline 0.001 -18"><span class='ocrx_word' id='word_1_109' title='bbox 346 963 476 1018; x_wconf 80' lang='grc' dir='ltr'><em>λόγοις</em></span> <span class='ocrx_word' id='word_1_110' title='bbox 494 963 661 1019; x_wconf 72' lang='grc' dir='ltr'><em>ἐρρηθη.</em></span> <span class='ocrx_word' id='word_1_111' title='bbox 727 968 865 1006; x_wconf 79' lang='grc' dir='ltr'><em>τοῦτον</em></span> <span class='ocrx_word' id='word_1_112' title='bbox 892 966 968 1021; x_wconf 81' lang='grc' dir='ltr'><em>γὰρ</em></span> <span class='ocrx_word' id='word_1_113' title='bbox 995 967 1062 1007; x_wconf 84' lang='grc' dir='ltr'><em>τὸν</em></span> <span class='ocrx_word' id='word_1_114' title='bbox 1085 965 1264 1020; x_wconf 78' lang='grc' dir='ltr'><em>Ἰωάννην</em></span> <span class='ocrx_word' id='word_1_115' title='bbox 1290 965 1309 1007; x_wconf 82' lang='grc' dir='ltr'>ὁ</span> <span class='ocrx_word' id='word_1_116' title='bbox 1337 967 1407 1019; x_wconf 73' lang='grc' dir='ltr'><em>μὲν</em></span> <span class='ocrx_word' id='word_1_117' title='bbox 1426 965 1614 1022; x_wconf 65' lang='grc' dir='ltr'><em>Ξζοσρόης</em></span> <span class='ocrx_word' id='word_1_118' title='bbox 1634 966 1760 1008; x_wconf 71' lang='grc' dir='ltr'><em>οὐκέτι</em></span> 
     </span>
     <span class='ocr_line' id='line_1_13' title="bbox 347 1029 1757 1088; baseline 0.003 -18"><span class='ocrx_word' id='word_1_119' title='bbox 347 1030 475 1085; x_wconf 67' lang='grc' dir='ltr'><em>ἠφίει,</em></span> <span class='ocrx_word' id='word_1_120' title='bbox 509 1032 700 1071; x_wconf 67' lang='grc' dir='ltr'><em>ἐπικαλῶν</em></span> <span class='ocrx_word' id='word_1_121' title='bbox 713 1029 919 1084; x_wconf 84' lang='grc' dir='ltr'><em>Ῥωμαίοις</em></span> <span class='ocrx_word' id='word_1_122' title='bbox 944 1033 1173 1086; x_wconf 71' lang='grc' dir='ltr'><em>ἦλογηκὲναι</em></span> <span class='ocrx_word' id='word_1_123' title='bbox 1201 1034 1250 1074; x_wconf 79' lang='grc' dir='ltr'><em>τὰ</em></span> <span class='ocrx_word' id='word_1_124' title='bbox 1277 1035 1500 1087; x_wconf 79' lang='grc' dir='ltr'><em>ξυγκείμενα</em></span> <span class='ocrx_word' id='word_1_125' title='bbox 1520 1031 1668 1083; x_wconf 76' lang='grc' dir='ltr'><em>πάντα,</em></span> <span class='ocrx_word' id='word_1_126' title='bbox 1697 1032 1757 1088; x_wconf 66' lang='grc' dir='ltr'><em>ἐφ’</em></span> 
     </span>
     <span class='ocr_line' id='line_1_14' title="bbox 349 1095 1760 1154; baseline 0.001 -16"><span class='ocrx_word' id='word_1_127' title='bbox 349 1095 409 1146; x_wconf 77' lang='grc' dir='ltr'><em>οἷς</em></span> <span class='ocrx_word' id='word_1_128' title='bbox 437 1097 543 1152; x_wconf 74' lang='grc' dir='ltr'><em>αὐτῷ</em></span> <span class='ocrx_word' id='word_1_129' title='bbox 569 1098 669 1152; x_wconf 82' lang='grc' dir='ltr'><em>πρὸς</em></span> <span class='ocrx_word' id='word_1_130' title='bbox 692 1100 927 1153; x_wconf 84' lang='grc' dir='ltr'><em>Βελισαρίου</em></span> <span class='ocrx_word' id='word_1_131' title='bbox 957 1101 1091 1148; x_wconf 80' lang='grc' dir='ltr'><em>δοθεὶς</em></span> <span class='ocrx_word' id='word_1_132' title='bbox 1120 1098 1344 1154; x_wconf 71' lang='grc' dir='ltr'><em>ἐτύγχανεν,</em></span> <span class='ocrx_word' id='word_1_133' title='bbox 1375 1099 1642 1144; x_wconf 67' lang='grc' dir='ltr'><em>ἀποδίδοσθαι</em></span> <span class='ocrx_word' id='word_1_134' title='bbox 1667 1099 1760 1152; x_wconf 73' lang='grc' dir='ltr'><em>μέν·</em></span> 
     </span>
    </p>

    <p class='ocr_par' dir='ltr' id='par_1_5' title="bbox 292 1163 1816 1752">
     <span class='ocr_line' id='line_1_15' title="bbox 292 1163 1760 1221; baseline 0.002 -18"><span class='ocrx_word' id='word_1_135' title='bbox 292 1171 322 1203; x_wconf 88' lang='grc' dir='ltr'><strong><em>Β</em></strong></span> <span class='ocrx_word' id='word_1_136' title='bbox 346 1180 406 1205; x_wconf 91' lang='grc' dir='ltr'><em>τοι</em></span> <span class='ocrx_word' id='word_1_137' title='bbox 426 1164 492 1204; x_wconf 79' lang='grc' dir='ltr'><em>ἅτε</em></span> <span class='ocrx_word' id='word_1_138' title='bbox 512 1163 752 1218; x_wconf 69' lang='grc' dir='ltr'><em>δοριάλωτον</em></span> <span class='ocrx_word' id='word_1_139' title='bbox 775 1163 957 1218; x_wconf 81' lang='grc' dir='ltr'><em>γεγονότα</em></span> <span class='ocrx_word' id='word_1_140' title='bbox 975 1165 1096 1218; x_wconf 68' lang='grc' dir='ltr'><em>ἠξίου.</em></span> <span class='ocrx_word' id='word_1_141' title='bbox 1143 1163 1167 1219; x_wconf 74' lang='grc' dir='ltr'>ἡ</span> <span class='ocrx_word' id='word_1_142' title='bbox 1190 1167 1232 1206; x_wconf 73' lang='grc' dir='ltr'><em>δὲ</em></span> <span class='ocrx_word' id='word_1_143' title='bbox 1249 1170 1318 1207; x_wconf 76' lang='grc' dir='ltr'><em>τοῦ</em></span> <span class='ocrx_word' id='word_1_144' title='bbox 1339 1166 1482 1221; x_wconf 82' lang='grc' dir='ltr'><em>ἀνδρὸς</em></span> <span class='ocrx_word' id='word_1_145' title='bbox 1502 1164 1646 1219; x_wconf 88' lang='grc' dir='ltr'><em>μάμμη</em></span> <span class='ocrx_word' id='word_1_146' title='bbox 1671 1165 1760 1219; x_wconf 86' lang='grc' dir='ltr'><em>(πε-</em></span> 
     </span>
     <span class='ocr_line' id='line_1_16' title="bbox 347 1227 1814 1288; baseline 0.003 -18"><span class='ocrx_word' id='word_1_147' title='bbox 347 1234 488 1286; x_wconf 74' lang='grc' dir='ltr'><em>ριοῦσα</em></span> <span class='ocrx_word' id='word_1_148' title='bbox 506 1230 582 1285; x_wconf 83' lang='grc' dir='ltr'><em>γὰρ</em></span> <span class='ocrx_word' id='word_1_149' title='bbox 605 1228 809 1284; x_wconf 71' lang='grc' dir='ltr'><em>ἐτύγχανεν</em></span> <span class='ocrx_word' id='word_1_150' title='bbox 831 1230 903 1284; x_wconf 66' lang='grc' dir='ltr'><em>ἔτι)</em></span> <span class='ocrx_word' id='word_1_151' title='bbox 925 1231 974 1273; x_wconf 81' lang='grc' dir='ltr'><em>τὰ</em></span> <span class='ocrx_word' id='word_1_152' title='bbox 992 1231 1114 1288; x_wconf 87' lang='grc' dir='ltr'><em>λύτρα</em></span> <span class='ocrx_word' id='word_1_153' title='bbox 1133 1232 1375 1287; x_wconf 74' lang='grc' dir='ltr'><em>παρεχομένη</em></span> <span class='ocrx_word' id='word_1_154' title='bbox 1395 1233 1465 1285; x_wconf 78' lang='grc' dir='ltr'><em>οὐχ</em></span> <span class='ocrx_word' id='word_1_155' title='bbox 1485 1227 1607 1285; x_wconf 63' lang='grc' dir='ltr'><em>’ἧσσον</em></span> <span class='ocrx_word' id='word_1_156' title='bbox 1626 1230 1651 1286; x_wconf 82' lang='grc' dir='ltr'>ἢ</span> <span class='ocrx_word' id='word_1_157' title='bbox 1673 1234 1759 1274; x_wconf 85' lang='grc' dir='ltr'><em>δισ-</em></span> <span class='ocrx_word' id='word_1_158' title='bbox 1773 1241 1814 1275; x_wconf 85' lang='grc'><em>15</em></span> 
     </span>
     <span class='ocr_line' id='line_1_17' title="bbox 339 1293 1758 1353; baseline 0.001 -17"><span class='ocrx_word' id='word_1_159' title='bbox 339 1299 470 1350; x_wconf 86' lang='grc' dir='ltr'><em>χιλίας</em></span> <span class='ocrx_word' id='word_1_160' title='bbox 493 1298 626 1352; x_wconf 86' lang='grc' dir='ltr'><em>λίτρας</em></span> <span class='ocrx_word' id='word_1_161' title='bbox 647 1295 819 1353; x_wconf 74' lang='grc' dir='ltr'><em>ἀργύρου</em></span> <span class='ocrx_word' id='word_1_162' title='bbox 846 1297 914 1339; x_wconf 84' lang='grc' dir='ltr'><em>τὸν</em></span> <span class='ocrx_word' id='word_1_163' title='bbox 931 1298 1072 1339; x_wconf 79' lang='grc' dir='ltr'><em>υἱωνὸν</em></span> <span class='ocrx_word' id='word_1_164' title='bbox 1094 1298 1318 1352; x_wconf 70' lang='grc' dir='ltr'><em>ὠνήσεσθαι</em></span> <span class='ocrx_word' id='word_1_165' title='bbox 1349 1300 1524 1348; x_wconf 73' lang='grc' dir='ltr'><em>ἐπίδοξος</em></span> <span class='ocrx_word' id='word_1_166' title='bbox 1549 1293 1609 1351; x_wconf 75' lang='grc' dir='ltr'><em>ἦν.</em></span> <span class='ocrx_word' id='word_1_167' title='bbox 1676 1297 1758 1338; x_wconf 69' lang='grc' dir='ltr'><em>ἀλλ’</em></span> 
     </span>
     <span class='ocr_line' id='line_1_18' title="bbox 344 1360 1762 1420; baseline 0.001 -16"><span class='ocrx_word' id='word_1_168' title='bbox 344 1365 424 1404; x_wconf 72' lang='grc' dir='ltr'><em>ἐπεὶ</em></span> <span class='ocrx_word' id='word_1_169' title='bbox 445 1363 494 1405; x_wconf 79' lang='grc' dir='ltr'><em>τὰ</em></span> <span class='ocrx_word' id='word_1_170' title='bbox 516 1362 639 1419; x_wconf 90' lang='grc' dir='ltr'><em>λύτρα</em></span> <span class='ocrx_word' id='word_1_171' title='bbox 657 1368 781 1405; x_wconf 75' lang='grc' dir='ltr'><em>ταῦτα</em></span> <span class='ocrx_word' id='word_1_172' title='bbox 803 1365 841 1413; x_wconf 75' lang='grc' dir='ltr'><em>ἒς</em></span> <span class='ocrx_word' id='word_1_173' title='bbox 859 1363 1002 1420; x_wconf 88' lang='grc' dir='ltr'><em>Λάρας</em></span> <span class='ocrx_word' id='word_1_174' title='bbox 1020 1360 1142 1418; x_wconf 73' lang='grc' dir='ltr'><em>ἦλθε,</em></span> <span class='ocrx_word' id='word_1_175' title='bbox 1175 1365 1322 1418; x_wconf 78' lang='grc' dir='ltr'><em>μαθών</em></span> <span class='ocrx_word' id='word_1_176' title='bbox 1343 1363 1363 1406; x_wconf 84' lang='grc' dir='ltr'><strong>ὅ</strong></span> <span class='ocrx_word' id='word_1_177' title='bbox 1388 1365 1575 1417; x_wconf 85' lang='grc' dir='ltr'><em>βασιλεὺς</em></span> <span class='ocrx_word' id='word_1_178' title='bbox 1595 1364 1639 1406; x_wconf 82' lang='grc' dir='ltr'><em>τὸ</em></span> <span class='ocrx_word' id='word_1_179' title='bbox 1659 1380 1762 1418; x_wconf 87' lang='grc' dir='ltr'><em>συμ-</em></span> 
     </span>
     <span class='ocr_line' id='line_1_19' title="bbox 343 1428 1760 1487; baseline 0.001 -17"><span class='ocrx_word' id='word_1_180' title='bbox 343 1430 506 1483; x_wconf 84' lang='grc' dir='ltr'><em>βόλαιον</em></span> <span class='ocrx_word' id='word_1_181' title='bbox 539 1431 723 1484; x_wconf 76' lang='grc' dir='ltr'><em>γενέσθαι</em></span> <span class='ocrx_word' id='word_1_182' title='bbox 751 1431 821 1471; x_wconf 82' lang='grc' dir='ltr'><em>οὐκ</em></span> <span class='ocrx_word' id='word_1_183' title='bbox 842 1431 922 1481; x_wconf 79' lang='grc' dir='ltr'><em>εἷἀ,</em></span> <span class='ocrx_word' id='word_1_184' title='bbox 952 1429 1005 1480; x_wconf 80' lang='grc' dir='ltr'><em>ὥς</em></span> <span class='ocrx_word' id='word_1_185' title='bbox 1029 1432 1086 1485; x_wconf 79' lang='grc' dir='ltr'><em>μὴ</em></span> <span class='ocrx_word' id='word_1_186' title='bbox 1118 1434 1157 1480; x_wconf 77' lang='grc' dir='ltr'><em>ἐς</em></span> <span class='ocrx_word' id='word_1_187' title='bbox 1178 1432 1270 1480; x_wconf 79' lang='grc' dir='ltr'><em>τοὺς</em></span> <span class='ocrx_word' id='word_1_188' title='bbox 1286 1430 1538 1487; x_wconf 76' lang='grc' dir='ltr'><em>βαρβάρους,</em></span> <span class='ocrx_word' id='word_1_189' title='bbox 1565 1431 1704 1480; x_wconf 79' lang='grc' dir='ltr'><em>εἶπιὺν,</em></span> <span class='ocrx_word' id='word_1_190' title='bbox 1739 1428 1760 1472; x_wconf 81' lang='grc' dir='ltr'><strong><em>ὃ</em></strong></span> 
     </span>
     <span class='ocr_line' id='line_1_20' title="bbox 337 1495 1761 1554; baseline 0 -16"><span class='ocrx_word' id='word_1_191' title='bbox 337 1495 540 1550; x_wconf 87' lang='grc' dir='ltr'><em>Ῥωμαίων</em></span> <span class='ocrx_word' id='word_1_192' title='bbox 557 1499 758 1549; x_wconf 84' lang='grc' dir='ltr'><em>κομίζηται</em></span> <span class='ocrx_word' id='word_1_193' title='bbox 775 1500 954 1546; x_wconf 78' lang='grc' dir='ltr'><em>πλοῦτος.</em></span> <span class='ocrx_word' id='word_1_194' title='bbox 988 1498 1034 1539; x_wconf 83' lang='grc' dir='ltr'><em>οὗ</em></span> <span class='ocrx_word' id='word_1_195' title='bbox 1056 1500 1188 1554; x_wconf 78' lang='grc' dir='ltr'><em>πολλῷ</em></span> <span class='ocrx_word' id='word_1_196' title='bbox 1210 1499 1252 1539; x_wconf 78' lang='grc' dir='ltr'><em>δὲ</em></span> <span class='ocrx_word' id='word_1_197' title='bbox 1269 1497 1432 1554; x_wconf 70' lang='grc' dir='ltr'><em>ὕστερον</em></span> <span class='ocrx_word' id='word_1_198' title='bbox 1445 1501 1500 1554; x_wconf 74' lang='grc' dir='ltr'><em>τῷ</em></span> <span class='ocrx_word' id='word_1_199' title='bbox 1517 1498 1589 1551; x_wconf 76' lang='grc' dir='ltr'><em>μὲν</em></span> <span class='ocrx_word' id='word_1_200' title='bbox 1603 1497 1761 1552; x_wconf 82' lang='grc' dir='ltr'><em>Ἰωάννῃ</em></span> 
     </span>
     <span class='ocr_line' id='line_1_21' title="bbox 342 1562 1816 1620; baseline 0.001 -15"><span class='ocrx_word' id='word_1_201' title='bbox 342 1563 551 1616; x_wconf 75' lang='grc' dir='ltr'><em>νοσήσαντι</em></span> <span class='ocrx_word' id='word_1_202' title='bbox 570 1564 709 1616; x_wconf 65' lang='grc' dir='ltr'><em>ξυνέβη</em></span> <span class='ocrx_word' id='word_1_203' title='bbox 729 1565 770 1612; x_wconf 76' lang='grc' dir='ltr'><em>ἓξ</em></span> <span class='ocrx_word' id='word_1_204' title='bbox 791 1563 1014 1619; x_wconf 77' lang='grc' dir='ltr'><em>ἀνθρώπων</em></span> <span class='ocrx_word' id='word_1_205' title='bbox 1033 1564 1301 1620; x_wconf 64' lang='grc' dir='ltr'><em>ἀφανισθῆναι</em></span> <span class='ocrx_word' id='word_1_206' title='bbox 1309 1595 1322 1615; x_wconf 87' lang='grc'><em>,</em></span> <span class='ocrx_word' id='word_1_207' title='bbox 1357 1563 1378 1606; x_wconf 80' lang='grc' dir='ltr'><em>ὃ</em></span> <span class='ocrx_word' id='word_1_208' title='bbox 1399 1565 1442 1606; x_wconf 74' lang='grc' dir='ltr'><em>δὲ</em></span> <span class='ocrx_word' id='word_1_209' title='bbox 1462 1564 1533 1616; x_wconf 74' lang='grc' dir='ltr'><em>τὴν</em></span> <span class='ocrx_word' id='word_1_210' title='bbox 1549 1562 1661 1605; x_wconf 87' lang='grc' dir='ltr'><em>πόλιν</em></span> <span class='ocrx_word' id='word_1_211' title='bbox 1677 1565 1816 1606; x_wconf 73' lang='grc' dir='ltr'><em>ἔπι-20</em></span> 
     </span>
     <span class='ocr_line' id='line_1_22' title="bbox 343 1629 1762 1686; baseline -0.001 -14"><span class='ocrx_word' id='word_1_212' title='bbox 343 1629 544 1685; x_wconf 84' lang='grc' dir='ltr'><em>τροπεύων</em></span> <span class='ocrx_word' id='word_1_213' title='bbox 571 1630 774 1683; x_wconf 72' lang='grc' dir='ltr'><em>ἐπιστολὴν</em></span> <span class='ocrx_word' id='word_1_214' title='bbox 795 1630 1022 1679; x_wconf 83' lang='grc' dir='ltr'><em>ἀναπλάσας</em></span> <span class='ocrx_word' id='word_1_215' title='bbox 1045 1631 1130 1672; x_wconf 79' lang='grc' dir='ltr'><em>τινὰ</em></span> <span class='ocrx_word' id='word_1_216' title='bbox 1142 1661 1153 1679; x_wconf 89' lang='grc'><em>,</em></span> <span class='ocrx_word' id='word_1_217' title='bbox 1188 1631 1265 1686; x_wconf 67' lang='grc' dir='ltr'><em>ἔφη</em></span> <span class='ocrx_word' id='word_1_218' title='bbox 1291 1631 1391 1686; x_wconf 81' lang='grc' dir='ltr'><em>πρὸς</em></span> <span class='ocrx_word' id='word_1_219' title='bbox 1410 1631 1528 1672; x_wconf 69' lang='grc' dir='ltr'><em>αὐτὸν</em></span> <span class='ocrx_word' id='word_1_220' title='bbox 1550 1629 1618 1672; x_wconf 77' lang='grc' dir='ltr'><em>ἅτε</em></span> <span class='ocrx_word' id='word_1_221' title='bbox 1648 1630 1762 1686; x_wconf 78' lang='grc' dir='ltr'><em>φίλον</em></span> 
     </span>
     <span class='ocr_line' id='line_1_23' title="bbox 345 1695 1762 1752; baseline -0.001 -15"><span class='ocrx_word' id='word_1_222' title='bbox 345 1697 392 1738; x_wconf 81' lang='grc' dir='ltr'><em>οὗ</em></span> <span class='ocrx_word' id='word_1_223' title='bbox 424 1701 555 1752; x_wconf 75' lang='grc' dir='ltr'><em>πολλῷ</em></span> <span class='ocrx_word' id='word_1_224' title='bbox 585 1696 811 1752; x_wconf 65' lang='grc' dir='ltr'><em>ἴμπροσθεν</em></span> <span class='ocrx_word' id='word_1_225' title='bbox 838 1698 907 1738; x_wconf 81' lang='grc' dir='ltr'><em>τὸν</em></span> <span class='ocrx_word' id='word_1_226' title='bbox 926 1697 1108 1750; x_wconf 86' lang='grc' dir='ltr'><em>Ἰωάννην</em></span> <span class='ocrx_word' id='word_1_227' title='bbox 1137 1695 1292 1752; x_wconf 80' lang='grc' dir='ltr'><em>γράψαι</em></span> <span class='ocrx_word' id='word_1_228' title='bbox 1315 1697 1369 1746; x_wconf 84' lang='grc' dir='ltr'><em>ὥς</em></span> <span class='ocrx_word' id='word_1_229' title='bbox 1391 1697 1426 1738; x_wconf 77' lang='grc' dir='ltr'><em>οἳ</em></span> <span class='ocrx_word' id='word_1_230' title='bbox 1451 1697 1676 1752; x_wconf 76' lang='grc' dir='ltr'><em>βουλομένῳ</em></span> <span class='ocrx_word' id='word_1_231' title='bbox 1704 1696 1762 1749; x_wconf 72' lang='grc' dir='ltr'><em>εἴη</em></span> 
     </span>
    </p>
   </div>
   <div class='ocr_carea' id='block_1_3' title="bbox 1570 1761 1660 1777">
    <p class='ocr_par' dir='ltr' id='par_1_6' title="bbox 1570 1761 1660 1777">
     <span class='ocr_line' id='line_1_24' title="bbox 1570 1761 1660 1777; baseline 0 -1"><span class='ocrx_word' id='word_1_232' title='bbox 1570 1767 1590 1776; x_wconf 67' lang='grc' dir='ltr'><em>ιιι</em></span> <span class='ocrx_word' id='word_1_233' title='bbox 1639 1761 1660 1777; x_wconf 61' lang='lat' dir='ltr'><em>&#39;l</em></span> 
     </span>
    </p>
   </div>
   <div class='ocr_carea' id='block_1_4' title="bbox 346 1762 1763 1816">
    <p class='ocr_par' dir='ltr' id='par_1_7' title="bbox 346 1762 1763 1816">
     <span class='ocr_line' id='line_1_25' title="bbox 346 1762 1763 1816; baseline -0.001 -12"><span class='ocrx_word' id='word_1_234' title='bbox 346 1765 401 1812; x_wconf 75' lang='grc' dir='ltr'><em>εἷς</em></span> <span class='ocrx_word' id='word_1_235' title='bbox 420 1764 488 1805; x_wconf 88' lang='grc' dir='ltr'><em>τὸν</em></span> <span class='ocrx_word' id='word_1_236' title='bbox 509 1764 676 1815; x_wconf 77' lang='grc' dir='ltr'><em>βασιλέα</em></span> <span class='ocrx_word' id='word_1_237' title='bbox 694 1763 766 1816; x_wconf 79' lang='grc' dir='ltr'><em>τὴν</em></span> <span class='ocrx_word' id='word_1_238' title='bbox 794 1763 915 1805; x_wconf 79' lang='grc' dir='ltr'><em>αὐτοῦ</em></span> <span class='ocrx_word' id='word_1_239' title='bbox 936 1764 1071 1805; x_wconf 79' lang='grc' dir='ltr'><em>οὐσίαν</em></span> <span class='ocrx_word' id='word_1_240' title='bbox 1090 1765 1232 1805; x_wconf 73' lang='grc' dir='ltr'><em>ἐλθεῖν.</em></span> <span class='ocrx_word' id='word_1_241' title='bbox 1299 1762 1452 1806; x_wconf 86' lang='grc' dir='ltr'><em>πάντων</em></span> <span class='ocrx_word' id='word_1_242' title='bbox 1471 1764 1515 1805; x_wconf 80' lang='grc' dir='ltr'><em>δὲ</em></span> <span class='ocrx_word' id='word_1_243' title='bbox 1535 1780 1613 1805; x_wconf 87' lang='grc' dir='ltr'><em>των</em></span> <span class='ocrx_word' id='word_1_244' title='bbox 1634 1765 1763 1804; x_wconf 87' lang='grc' dir='ltr'><em>αλλων</em></span> 
     </span>
    </p>
   </div>
   <div class='ocr_carea' id='block_1_5' title="bbox 433 1852 1764 2069">
    <p class='ocr_par' dir='ltr' id='par_1_8' title="bbox 433 1852 1764 2069">
     <span class='ocr_line' id='line_1_26' title="bbox 433 1852 1763 1899; baseline -0.003 -8"><span class='ocrx_word' id='word_1_245' title='bbox 433 1857 469 1891; x_wconf 75' lang='grc'><em>2.</em></span> <span class='ocrx_word' id='word_1_246' title='bbox 494 1867 576 1889; x_wconf 80' lang='grc' dir='ltr'><em>τινα</em></span> <span class='ocrx_word' id='word_1_247' title='bbox 590 1856 694 1890; x_wconf 86' lang='lat' dir='ltr'><strong>Alem.</strong></span> <span class='ocrx_word' id='word_1_248' title='bbox 738 1866 830 1895; x_wconf 80' lang='grc' dir='ltr'><em>τινες</em></span> <span class='ocrx_word' id='word_1_249' title='bbox 845 1856 916 1890; x_wconf 90' lang='grc' dir='ltr'><em>ΑΡ.</em></span> <span class='ocrx_word' id='word_1_250' title='bbox 1004 1856 1086 1890; x_wconf 73' lang='lat' dir='ltr'><strong>ibid.</strong></span> <span class='ocrx_word' id='word_1_251' title='bbox 1112 1854 1410 1899; x_wconf 78' lang='grc' dir='ltr'><em>διατεθρύλληται</em></span> <span class='ocrx_word' id='word_1_252' title='bbox 1426 1855 1496 1891; x_wconf 80' lang='grc' dir='ltr'><em>ΑΡ.</em></span> <span class='ocrx_word' id='word_1_253' title='bbox 1593 1855 1625 1890; x_wconf 91' lang='grc'><em>8.</em></span> <span class='ocrx_word' id='word_1_254' title='bbox 1643 1852 1763 1888; x_wconf 73' lang='grc' dir='ltr'><em>Ἰωάν-</em></span> 
     </span>
     <span class='ocr_line' id='line_1_27' title="bbox 435 1897 1762 1944; baseline 0 -10"><span class='ocrx_word' id='word_1_255' title='bbox 435 1912 504 1934; x_wconf 90' lang='grc' dir='ltr'><em>νου</em></span> <span class='ocrx_word' id='word_1_256' title='bbox 520 1901 622 1934; x_wconf 83' lang='lat' dir='ltr'><strong>Alem.</strong></span> <span class='ocrx_word' id='word_1_257' title='bbox 638 1902 678 1934; x_wconf 87' lang='lat' dir='ltr'><em>P.</em></span> <span class='ocrx_word' id='word_1_258' title='bbox 723 1897 890 1944; x_wconf 76' lang='grc' dir='ltr'><em>Ἰωάννης</em></span> <span class='ocrx_word' id='word_1_259' title='bbox 904 1901 945 1935; x_wconf 82' lang='grc' dir='ltr'><em>Α.</em></span> <span class='ocrx_word' id='word_1_260' title='bbox 1044 1903 1098 1935; x_wconf 91' lang='grc'><em>10.</em></span> <span class='ocrx_word' id='word_1_261' title='bbox 1116 1898 1301 1934; x_wconf 80' lang='grc' dir='ltr'><em>ἐκδέδοται</em></span> <span class='ocrx_word' id='word_1_262' title='bbox 1317 1901 1422 1937; x_wconf 84' lang='lat' dir='ltr'><strong>Alem.</strong></span> <span class='ocrx_word' id='word_1_263' title='bbox 1436 1900 1478 1934; x_wconf 90' lang='lat' dir='ltr'><em>P.</em></span> <span class='ocrx_word' id='word_1_264' title='bbox 1519 1897 1706 1934; x_wconf 76' lang='grc' dir='ltr'><em>ἐνδέδοται</em></span> <span class='ocrx_word' id='word_1_265' title='bbox 1719 1901 1762 1934; x_wconf 82' lang='grc' dir='ltr'><em>Α.</em></span> 
     </span>
     <span class='ocr_line' id='line_1_28' title="bbox 438 1941 1764 1990; baseline -0.003 -10"><span class='ocrx_word' id='word_1_266' title='bbox 438 1945 491 1980; x_wconf 86' lang='lat'><em>14.</em></span> <span class='ocrx_word' id='word_1_267' title='bbox 518 1943 748 1989; x_wconf 80' lang='grc' dir='ltr'><em>δορυάλωτον</em></span> <span class='ocrx_word' id='word_1_268' title='bbox 772 1945 843 1980; x_wconf 89' lang='grc' dir='ltr'><em>ΑΡ.</em></span> <span class='ocrx_word' id='word_1_269' title='bbox 978 1946 1031 1979; x_wconf 90' lang='grc'><em>16.</em></span> <span class='ocrx_word' id='word_1_270' title='bbox 1053 1943 1271 1990; x_wconf 72' lang='grc' dir='ltr'><em>ὠνήσεσθαι]</em></span> <span class='ocrx_word' id='word_1_271' title='bbox 1290 1942 1465 1979; x_wconf 73' lang='grc' dir='ltr'><em>αἰνεῖσθαι</em></span> <span class='ocrx_word' id='word_1_272' title='bbox 1490 1945 1611 1978; x_wconf 79' lang='lat' dir='ltr'><strong>Suidas</strong></span> <span class='ocrx_word' id='word_1_273' title='bbox 1634 1954 1662 1978; x_wconf 79' lang='lat' dir='ltr'><em>s.</em></span> <span class='ocrx_word' id='word_1_274' title='bbox 1685 1941 1764 1977; x_wconf 81' lang='grc' dir='ltr'><em>ἐπί-</em></span> 
     </span>
     <span class='ocr_line' id='line_1_29' title="bbox 437 1987 1762 2035; baseline -0.002 -11"><span class='ocrx_word' id='word_1_275' title='bbox 437 1990 552 2031; x_wconf 62' lang='lat' dir='ltr'><strong>dogne.</strong></span> <span class='ocrx_word' id='word_1_276' title='bbox 729 1991 784 2026; x_wconf 76' lang='lat'><em>22.</em></span> <span class='ocrx_word' id='word_1_277' title='bbox 814 1989 849 2022; x_wconf 77' lang='grc' dir='ltr'><em>οἱ</em></span> <span class='ocrx_word' id='word_1_278' title='bbox 875 1988 1078 2035; x_wconf 80' lang='grc' dir='ltr'><em>βουλομένῳ</em></span> <span class='ocrx_word' id='word_1_279' title='bbox 1108 1990 1222 2023; x_wconf 87' lang='lat' dir='ltr'><strong>Reisk.</strong></span> <span class='ocrx_word' id='word_1_280' title='bbox 1273 1989 1310 2023; x_wconf 81' lang='grc' dir='ltr'><em>οὶ</em></span> <span class='ocrx_word' id='word_1_281' title='bbox 1333 1987 1430 2035; x_wconf 78' lang='grc' dir='ltr'><em>αὕτῳ</em></span> <span class='ocrx_word' id='word_1_282' title='bbox 1456 1987 1662 2034; x_wconf 75' lang='grc' dir='ltr'><em>βουλομένῳ</em></span> <span class='ocrx_word' id='word_1_283' title='bbox 1689 1987 1762 2022; x_wconf 84' lang='grc' dir='ltr'><em>ΑΡ.</em></span> 
     </span>
     <span class='ocr_line' id='line_1_30' title="bbox 436 2031 1222 2069; baseline -0.001 0"><span class='ocrx_word' id='word_1_284' title='bbox 436 2036 493 2069; x_wconf 76' lang='lat'><em>23.</em></span> <span class='ocrx_word' id='word_1_285' title='bbox 517 2033 634 2068; x_wconf 72' lang='grc' dir='ltr'><em>αὐτοῦ</em></span> <span class='ocrx_word' id='word_1_286' title='bbox 651 2031 778 2069; x_wconf 83' lang='grc' dir='ltr'><em>ου’σίοιν</em></span> <span class='ocrx_word' id='word_1_287' title='bbox 791 2034 906 2068; x_wconf 87' lang='lat' dir='ltr'><strong>Reisk.</strong></span> <span class='ocrx_word' id='word_1_288' title='bbox 951 2035 1079 2068; x_wconf 80' lang='lat' dir='ltr'><strong>Aberat</strong></span> <span class='ocrx_word' id='word_1_289' title='bbox 1094 2032 1222 2069; x_wconf 74' lang='grc' dir='ltr'><em>αὐτοῦ.</em></span> 
     </span>
    </p>
   </div>
   <div class='ocr_carea' id='block_1_6' title="bbox 330 2109 1769 2824">
    <p class='ocr_par' dir='ltr' id='par_1_9' title="bbox 330 2109 1769 2824">
     <span class='ocr_line' id='line_1_31' title="bbox 330 2109 1764 2156; baseline -0.002 -10"><span class='ocrx_word' id='word_1_290' title='bbox 330 2119 333 2125; x_wconf 72' lang='grc'><em>“</em></span> <span class='ocrx_word' id='word_1_291' title='bbox 347 2112 419 2146; x_wconf 76' lang='lat' dir='ltr'><strong>vita</strong></span> <span class='ocrx_word' id='word_1_292' title='bbox 433 2112 616 2153; x_wconf 80' lang='lat' dir='ltr'><strong>concessit;</strong></span> <span class='ocrx_word' id='word_1_293' title='bbox 637 2111 685 2144; x_wconf 86' lang='lat' dir='ltr'><strong>illi</strong></span> <span class='ocrx_word' id='word_1_294' title='bbox 699 2110 808 2144; x_wconf 81' lang='lat' dir='ltr'><strong>statim</strong></span> <span class='ocrx_word' id='word_1_295' title='bbox 823 2111 981 2144; x_wconf 85' lang='lat' dir='ltr'><strong>bonorum</strong></span> <span class='ocrx_word' id='word_1_296' title='bbox 997 2110 1235 2156; x_wconf 82' lang='lat' dir='ltr'><strong>possessionem</strong></span> <span class='ocrx_word' id='word_1_297' title='bbox 1251 2110 1344 2156; x_wconf 78' lang='lat' dir='ltr'><strong>quasi</strong></span> <span class='ocrx_word' id='word_1_298' title='bbox 1359 2109 1514 2144; x_wconf 80' lang='lat' dir='ltr'><strong>haeredes</strong></span> <span class='ocrx_word' id='word_1_299' title='bbox 1527 2109 1662 2149; x_wconf 75' lang='lat' dir='ltr'><strong>adeunt,</strong></span> <span class='ocrx_word' id='word_1_300' title='bbox 1683 2119 1764 2154; x_wconf 82' lang='lat' dir='ltr'><strong>pro-</strong></span> 
     </span>
     <span class='ocr_line' id='line_1_32' title="bbox 348 2154 1766 2200; baseline -0.004 -9"><span class='ocrx_word' id='word_1_301' title='bbox 348 2158 455 2191; x_wconf 89' lang='lat' dir='ltr'><strong>ductis</strong></span> <span class='ocrx_word' id='word_1_302' title='bbox 469 2157 600 2198; x_wconf 83' lang='lat' dir='ltr'><strong>tabulis,</strong></span> <span class='ocrx_word' id='word_1_303' title='bbox 623 2167 705 2200; x_wconf 84' lang='lat' dir='ltr'><strong>quas</strong></span> <span class='ocrx_word' id='word_1_304' title='bbox 721 2156 762 2189; x_wconf 84' lang='lat' dir='ltr'><em>ab</em></span> <span class='ocrx_word' id='word_1_305' title='bbox 778 2166 819 2188; x_wconf 91' lang='lat' dir='ltr'><strong>eo</strong></span> <span class='ocrx_word' id='word_1_306' title='bbox 834 2155 963 2189; x_wconf 87' lang='lat' dir='ltr'><strong>minime</strong></span> <span class='ocrx_word' id='word_1_307' title='bbox 978 2157 1145 2189; x_wconf 83' lang='lat' dir='ltr'><strong>consectas</strong></span> <span class='ocrx_word' id='word_1_308' title='bbox 1158 2156 1246 2189; x_wconf 85' lang='lat' dir='ltr'><strong>fama</strong></span> <span class='ocrx_word' id='word_1_309' title='bbox 1262 2160 1344 2189; x_wconf 81' lang='lat' dir='ltr'><strong>erat.</strong></span> <span class='ocrx_word' id='word_1_310' title='bbox 1391 2155 1465 2188; x_wconf 88' lang='lat' dir='ltr'><strong>Hac</strong></span> <span class='ocrx_word' id='word_1_311' title='bbox 1480 2155 1592 2188; x_wconf 80' lang='lat' dir='ltr'><strong>eadem</strong></span> <span class='ocrx_word' id='word_1_312' title='bbox 1607 2157 1680 2187; x_wconf 76' lang='lat' dir='ltr'><strong>arte</strong></span> <span class='ocrx_word' id='word_1_313' title='bbox 1693 2154 1766 2187; x_wconf 85' lang='lat' dir='ltr'><em>Ta-</em></span> 
     </span>
     <span class='ocr_line' id='line_1_33' title="bbox 346 2198 1765 2244; baseline -0.003 -9"><span class='ocrx_word' id='word_1_314' title='bbox 346 2203 427 2236; x_wconf 81' lang='lat' dir='ltr'><strong>tiani</strong></span> <span class='ocrx_word' id='word_1_315' title='bbox 453 2213 490 2235; x_wconf 83' lang='lat' dir='ltr'><strong>se</strong></span> <span class='ocrx_word' id='word_1_316' title='bbox 516 2202 709 2234; x_wconf 70' lang='lat' dir='ltr'>factitarunt</span> <span class='ocrx_word' id='word_1_317' title='bbox 732 2201 910 2242; x_wconf 82' lang='lat' dir='ltr'><strong>haeredes,</strong></span> <span class='ocrx_word' id='word_1_318' title='bbox 933 2200 1165 2233; x_wconf 81' lang='lat' dir='ltr'><strong>Demosthenis</strong></span> <span class='ocrx_word' id='word_1_319' title='bbox 1179 2201 1257 2233; x_wconf 87' lang='lat' dir='ltr'><strong>item</strong></span> <span class='ocrx_word' id='word_1_320' title='bbox 1274 2212 1314 2233; x_wconf 85' lang='lat' dir='ltr'><strong>ac</strong></span> <span class='ocrx_word' id='word_1_321' title='bbox 1328 2199 1484 2237; x_wconf 76' lang='lat' dir='ltr'><strong>Hilarae,</strong></span> <span class='ocrx_word' id='word_1_322' title='bbox 1510 2199 1650 2244; x_wconf 85' lang='lat' dir='ltr'><strong>quitum</strong></span> <span class='ocrx_word' id='word_1_323' title='bbox 1664 2198 1765 2231; x_wconf 76' lang='lat' dir='ltr'><strong>rebus</strong></span> 
     </span>
     <span class='ocr_line' id='line_1_34' title="bbox 346 2243 1766 2289; baseline -0.004 -10"><span class='ocrx_word' id='word_1_324' title='bbox 346 2247 421 2280; x_wconf 82' lang='lat' dir='ltr'><strong>aliis</strong></span> <span class='ocrx_word' id='word_1_325' title='bbox 442 2251 512 2280; x_wconf 86' lang='lat' dir='ltr'><em>tum</em></span> <span class='ocrx_word' id='word_1_326' title='bbox 527 2246 688 2289; x_wconf 78' lang='lat' dir='ltr'><strong>dignitate</strong></span> <span class='ocrx_word' id='word_1_327' title='bbox 713 2245 832 2288; x_wconf 79' lang='lat' dir='ltr'><strong>primas</strong></span> <span class='ocrx_word' id='word_1_328' title='bbox 849 2249 1002 2278; x_wconf 86' lang='lat' dir='ltr'><strong>tenerent</strong></span> <span class='ocrx_word' id='word_1_329' title='bbox 1025 2244 1057 2276; x_wconf 88' lang='lat' dir='ltr'><strong>in</strong></span> <span class='ocrx_word' id='word_1_330' title='bbox 1075 2245 1198 2277; x_wconf 82' lang='lat' dir='ltr'><strong>Senatu</strong></span> <span class='ocrx_word' id='word_1_331' title='bbox 1218 2245 1377 2278; x_wconf 85' lang='lat' dir='ltr'><strong>Romano.</strong></span> <span class='ocrx_word' id='word_1_332' title='bbox 1422 2243 1565 2277; x_wconf 86' lang='lat' dir='ltr'><strong>Aliorum</strong></span> <span class='ocrx_word' id='word_1_333' title='bbox 1580 2253 1644 2276; x_wconf 83' lang='lat' dir='ltr'><em>non</em></span> <span class='ocrx_word' id='word_1_334' title='bbox 1666 2243 1766 2275; x_wconf 79' lang='lat' dir='ltr'><strong>tabu-</strong></span> 
     </span>
     <span class='ocr_line' id='line_1_35' title="bbox 346 2285 1768 2333; baseline -0.004 -9"><span class='ocrx_word' id='word_1_335' title='bbox 346 2291 406 2330; x_wconf 79' lang='lat' dir='ltr'><strong>lis,</strong></span> <span class='ocrx_word' id='word_1_336' title='bbox 429 2291 486 2324; x_wconf 88' lang='lat' dir='ltr'><em>sed</em></span> <span class='ocrx_word' id='word_1_337' title='bbox 511 2290 661 2324; x_wconf 84' lang='lat' dir='ltr'><strong>confictis</strong></span> <span class='ocrx_word' id='word_1_338' title='bbox 682 2289 828 2333; x_wconf 82' lang='lat' dir='ltr'><strong>epistolis</strong></span> <span class='ocrx_word' id='word_1_339' title='bbox 851 2288 1052 2322; x_wconf 82' lang='lat' dir='ltr'><strong>substantias</strong></span> <span class='ocrx_word' id='word_1_340' title='bbox 1068 2288 1274 2331; x_wconf 84' lang='lat' dir='ltr'><strong>invaserunt,</strong></span> <span class='ocrx_word' id='word_1_341' title='bbox 1298 2289 1347 2322; x_wconf 88' lang='lat' dir='ltr'><em>sic</em></span> <span class='ocrx_word' id='word_1_342' title='bbox 1365 2288 1525 2328; x_wconf 75' lang='lat' dir='ltr'><strong>haeredes</strong></span> <span class='ocrx_word' id='word_1_343' title='bbox 1538 2287 1602 2332; x_wconf 83' lang='lat' dir='ltr'><strong>ipsi</strong></span> <span class='ocrx_word' id='word_1_344' title='bbox 1614 2285 1768 2328; x_wconf 73' lang='lat' dir='ltr'><strong>Dionysii</strong></span> 
     </span>
     <span class='ocr_line' id='line_1_36' title="bbox 347 2330 1766 2378; baseline -0.003 -10"><span class='ocrx_word' id='word_1_345' title='bbox 347 2336 419 2369; x_wconf 86' lang='lat' dir='ltr'><strong>eius</strong></span> <span class='ocrx_word' id='word_1_346' title='bbox 435 2335 489 2378; x_wconf 88' lang='lat' dir='ltr'><strong>qui</strong></span> <span class='ocrx_word' id='word_1_347' title='bbox 506 2335 651 2378; x_wconf 81' lang='lat' dir='ltr'><strong>degebat</strong></span> <span class='ocrx_word' id='word_1_348' title='bbox 670 2335 711 2367; x_wconf 85' lang='lat' dir='ltr'><strong>ad</strong></span> <span class='ocrx_word' id='word_1_349' title='bbox 728 2334 908 2373; x_wconf 74' lang='lat' dir='ltr'><strong>Libanum3</strong></span> <span class='ocrx_word' id='word_1_350' title='bbox 931 2337 966 2366; x_wconf 79' lang='lat' dir='ltr'><em>et</em></span> <span class='ocrx_word' id='word_1_351' title='bbox 982 2332 1114 2366; x_wconf 86' lang='lat' dir='ltr'><strong>Ioannis</strong></span> <span class='ocrx_word' id='word_1_352' title='bbox 1128 2334 1240 2366; x_wconf 83' lang='lat' dir='ltr'><strong>Basilii</strong></span> <span class='ocrx_word' id='word_1_353' title='bbox 1262 2333 1338 2374; x_wconf 86' lang='lat' dir='ltr'><strong>filii,</strong></span> <span class='ocrx_word' id='word_1_354' title='bbox 1362 2333 1603 2366; x_wconf 79' lang='lat' dir='ltr'><strong>Edessenorum</strong></span> <span class='ocrx_word' id='word_1_355' title='bbox 1625 2330 1766 2364; x_wconf 85' lang='lat' dir='ltr'><strong>omnium</strong></span> 
     </span>
     <span class='ocr_line' id='line_1_37' title="bbox 345 2375 1768 2424; baseline -0.002 -11"><span class='ocrx_word' id='word_1_356' title='bbox 345 2380 617 2424; x_wconf 85' lang='lat' dir='ltr'><strong>praeclarissimi,</strong></span> <span class='ocrx_word' id='word_1_357' title='bbox 641 2379 714 2422; x_wconf 90' lang='lat' dir='ltr'><strong>qui,</strong></span> <span class='ocrx_word' id='word_1_358' title='bbox 741 2382 780 2411; x_wconf 88' lang='lat' dir='ltr'><strong>ut</strong></span> <span class='ocrx_word' id='word_1_359' title='bbox 793 2379 866 2411; x_wconf 83' lang='lat' dir='ltr'><strong>aliis</strong></span> <span class='ocrx_word' id='word_1_360' title='bbox 879 2378 972 2412; x_wconf 80' lang='lat' dir='ltr'><strong>libris</strong></span> <span class='ocrx_word' id='word_1_361' title='bbox 987 2378 1140 2418; x_wconf 80' lang='lat' dir='ltr'><strong>narravi,</strong></span> <span class='ocrx_word' id='word_1_362' title='bbox 1162 2389 1182 2411; x_wconf 87' lang='lat' dir='ltr'><strong>a</strong></span> <span class='ocrx_word' id='word_1_363' title='bbox 1196 2378 1356 2411; x_wconf 86' lang='lat' dir='ltr'><strong>Belisario</strong></span> <span class='ocrx_word' id='word_1_364' title='bbox 1371 2377 1481 2410; x_wconf 82' lang='lat' dir='ltr'><strong>Persis</strong></span> <span class='ocrx_word' id='word_1_365' title='bbox 1493 2376 1590 2409; x_wconf 76' lang='lat' dir='ltr'><strong>datus</strong></span> <span class='ocrx_word' id='word_1_366' title='bbox 1603 2379 1656 2409; x_wconf 75' lang='lat' dir='ltr'><em>est</em></span> <span class='ocrx_word' id='word_1_367' title='bbox 1669 2375 1768 2410; x_wconf 74' lang='lat' dir='ltr'><strong>obses</strong></span> 
     </span>
     <span class='ocr_line' id='line_1_38' title="bbox 345 2419 1767 2464; baseline -0.004 -6"><span class='ocrx_word' id='word_1_368' title='bbox 345 2425 478 2458; x_wconf 84' lang='lat' dir='ltr'><strong>invitus.</strong></span> <span class='ocrx_word' id='word_1_369' title='bbox 526 2425 627 2457; x_wconf 89' lang='lat' dir='ltr'><strong>Certe</strong></span> <span class='ocrx_word' id='word_1_370' title='bbox 642 2424 806 2457; x_wconf 85' lang='lat' dir='ltr'><strong>Chosroes</strong></span> <span class='ocrx_word' id='word_1_371' title='bbox 821 2428 974 2456; x_wconf 85' lang='lat' dir='ltr'><strong>causatus</strong></span> <span class='ocrx_word' id='word_1_372' title='bbox 989 2422 1157 2464; x_wconf 75' lang='lat' dir='ltr'><strong>neglectas</strong></span> <span class='ocrx_word' id='word_1_373' title='bbox 1181 2434 1202 2456; x_wconf 81' lang='lat' dir='ltr'><strong>a</strong></span> <span class='ocrx_word' id='word_1_374' title='bbox 1225 2422 1380 2456; x_wconf 82' lang='lat' dir='ltr'><strong>Romanis</strong></span> <span class='ocrx_word' id='word_1_375' title='bbox 1398 2420 1623 2462; x_wconf 69' lang='lat' dir='ltr'><strong>conditioue3‚</strong></span> <span class='ocrx_word' id='word_1_376' title='bbox 1646 2419 1767 2463; x_wconf 78' lang='lat' dir='ltr'><strong>quibus</strong></span> 
     </span>
     <span class='ocr_line' id='line_1_39' title="bbox 345 2463 1767 2509; baseline -0.004 -7"><span class='ocrx_word' id='word_1_377' title='bbox 345 2469 500 2502; x_wconf 78' lang='lat' dir='ltr'><strong>Ioannem</strong></span> <span class='ocrx_word' id='word_1_378' title='bbox 516 2468 696 2501; x_wconf 80' lang='lat' dir='ltr'><strong>Belisarius</strong></span> <span class='ocrx_word' id='word_1_379' title='bbox 714 2467 832 2500; x_wconf 81' lang='lat' dir='ltr'><strong>vadem</strong></span> <span class='ocrx_word' id='word_1_380' title='bbox 847 2467 1002 2507; x_wconf 82' lang='lat' dir='ltr'><strong>dederat,</strong></span> <span class='ocrx_word' id='word_1_381' title='bbox 1026 2467 1113 2500; x_wconf 89' lang='lat' dir='ltr'><strong>illum</strong></span> <span class='ocrx_word' id='word_1_382' title='bbox 1133 2467 1275 2509; x_wconf 80' lang='lat' dir='ltr'><strong>negabat</strong></span> <span class='ocrx_word' id='word_1_383' title='bbox 1293 2465 1491 2500; x_wconf 86' lang='lat' dir='ltr'><strong>reddendum</strong></span> <span class='ocrx_word' id='word_1_384' title='bbox 1502 2489 1513 2505; x_wconf 88' lang='lat'><strong>‚</strong></span> <span class='ocrx_word' id='word_1_385' title='bbox 1535 2464 1598 2498; x_wconf 86' lang='lat' dir='ltr'><strong>nisi</strong></span> <span class='ocrx_word' id='word_1_386' title='bbox 1612 2474 1678 2508; x_wconf 85' lang='lat' dir='ltr'><em>qua</em></span> <span class='ocrx_word' id='word_1_387' title='bbox 1690 2463 1767 2506; x_wconf 82' lang='lat' dir='ltr'><strong>lege</strong></span> 
     </span>
     <span class='ocr_line' id='line_1_40' title="bbox 347 2507 1767 2558; baseline -0.005 -11"><span class='ocrx_word' id='word_1_388' title='bbox 347 2514 472 2558; x_wconf 84' lang='lat' dir='ltr'><strong>captivi</strong></span> <span class='ocrx_word' id='word_1_389' title='bbox 494 2513 610 2546; x_wconf 85' lang='lat' dir='ltr'><strong>solent.</strong></span> <span class='ocrx_word' id='word_1_390' title='bbox 657 2513 773 2552; x_wconf 75' lang='lat' dir='ltr'><strong>Quare</strong></span> <span class='ocrx_word' id='word_1_391' title='bbox 797 2512 928 2545; x_wconf 81' lang='lat' dir='ltr'><strong>Ioannis</strong></span> <span class='ocrx_word' id='word_1_392' title='bbox 955 2511 1031 2544; x_wconf 84' lang='lat' dir='ltr'><strong>avia</strong></span> <span class='ocrx_word' id='word_1_393' title='bbox 1055 2511 1152 2544; x_wconf 84' lang='lat' dir='ltr'><strong>etiam</strong></span> <span class='ocrx_word' id='word_1_394' title='bbox 1177 2517 1245 2543; x_wconf 84' lang='lat' dir='ltr'><em>tum</em></span> <span class='ocrx_word' id='word_1_395' title='bbox 1269 2514 1437 2554; x_wconf 79' lang='lat' dir='ltr'><strong>superstes</strong></span> <span class='ocrx_word' id='word_1_396' title='bbox 1463 2507 1622 2542; x_wconf 77' lang='lat' dir='ltr'><strong>bis¹mille</strong></span> <span class='ocrx_word' id='word_1_397' title='bbox 1637 2507 1767 2551; x_wconf 82' lang='lat' dir='ltr'><strong>argenti</strong></span> 
     </span>
     <span class='ocr_line' id='line_1_41' title="bbox 344 2553 1767 2603; baseline -0.004 -12"><span class='ocrx_word' id='word_1_398' title='bbox 344 2559 454 2603; x_wconf 87' lang='lat' dir='ltr'><strong>pondo</strong></span> <span class='ocrx_word' id='word_1_399' title='bbox 478 2556 665 2591; x_wconf 85' lang='lat' dir='ltr'><strong>redimendo</strong></span> <span class='ocrx_word' id='word_1_400' title='bbox 693 2556 807 2600; x_wconf 80' lang='lat' dir='ltr'><strong>nepoti</strong></span> <span class='ocrx_word' id='word_1_401' title='bbox 833 2556 1044 2601; x_wconf 75' lang='lat' dir='ltr'><strong>persolutum</strong></span> <span class='ocrx_word' id='word_1_402' title='bbox 1067 2556 1277 2590; x_wconf 80' lang='lat' dir='ltr'><strong>credebatur.</strong></span> <span class='ocrx_word' id='word_1_403' title='bbox 1321 2554 1467 2588; x_wconf 82' lang='lat' dir='ltr'><strong>Pretium</strong></span> <span class='ocrx_word' id='word_1_404' title='bbox 1485 2553 1520 2586; x_wconf 91' lang='lat' dir='ltr'><em>id</em></span> <span class='ocrx_word' id='word_1_405' title='bbox 1543 2553 1663 2587; x_wconf 78' lang='lat' dir='ltr'><strong>Daram</strong></span> <span class='ocrx_word' id='word_1_406' title='bbox 1687 2563 1767 2585; x_wconf 88' lang='lat' dir='ltr'><strong>con-</strong></span> 
     </span>
     <span class='ocr_line' id='line_1_42' title="bbox 347 2596 1767 2645; baseline -0.005 -9"><span class='ocrx_word' id='word_1_407' title='bbox 347 2607 479 2636; x_wconf 86' lang='lat' dir='ltr'><strong>vectum</strong></span> <span class='ocrx_word' id='word_1_408' title='bbox 502 2602 558 2634; x_wconf 87' lang='lat' dir='ltr'><strong>ubi</strong></span> <span class='ocrx_word' id='word_1_409' title='bbox 573 2602 698 2634; x_wconf 82' lang='lat' dir='ltr'><strong>Caesar</strong></span> <span class='ocrx_word' id='word_1_410' title='bbox 723 2601 853 2644; x_wconf 81' lang='lat' dir='ltr'><strong>accepit</strong></span> <span class='ocrx_word' id='word_1_411' title='bbox 875 2600 999 2644; x_wconf 80' lang='lat' dir='ltr'><strong>pacisci</strong></span> <span class='ocrx_word' id='word_1_412' title='bbox 1023 2610 1095 2633; x_wconf 88' lang='lat' dir='ltr'><em>cum</em></span> <span class='ocrx_word' id='word_1_413' title='bbox 1108 2599 1260 2645; x_wconf 55' lang='lat' dir='ltr'><strong>,barbaris</strong></span> <span class='ocrx_word' id='word_1_414' title='bbox 1274 2599 1400 2640; x_wconf 87' lang='lat' dir='ltr'><strong>vetuit,</strong></span> <span class='ocrx_word' id='word_1_415' title='bbox 1423 2609 1465 2631; x_wconf 84' lang='lat' dir='ltr'><strong>ne</strong></span> <span class='ocrx_word' id='word_1_416' title='bbox 1489 2597 1532 2631; x_wconf 86' lang='lat' dir='ltr'><strong>ad</strong></span> <span class='ocrx_word' id='word_1_417' title='bbox 1547 2607 1627 2638; x_wconf 77' lang='lat' dir='ltr'><strong>eos,</strong></span> <span class='ocrx_word' id='word_1_418' title='bbox 1647 2596 1767 2640; x_wconf 84' lang='lat' dir='ltr'><strong>inquit,</strong></span> 
     </span>
     <span class='ocr_line' id='line_1_43' title="bbox 348 2641 1768 2688; baseline -0.006 -7"><span class='ocrx_word' id='word_1_419' title='bbox 348 2648 484 2682; x_wconf 83' lang='lat' dir='ltr'><strong>veniant</strong></span> <span class='ocrx_word' id='word_1_420' title='bbox 499 2647 720 2680; x_wconf 86' lang='lat' dir='ltr'><strong>Romanorum</strong></span> <span class='ocrx_word' id='word_1_421' title='bbox 743 2656 833 2688; x_wconf 82' lang='lat' dir='ltr'><strong>opes.</strong></span> <span class='ocrx_word' id='word_1_422' title='bbox 879 2645 958 2678; x_wconf 90' lang='lat' dir='ltr'><em>Non</em></span> <span class='ocrx_word' id='word_1_423' title='bbox 985 2644 1087 2677; x_wconf 87' lang='lat' dir='ltr'><strong>multo</strong></span> <span class='ocrx_word' id='word_1_424' title='bbox 1113 2648 1189 2688; x_wconf 88' lang='lat' dir='ltr'><strong>post</strong></span> <span class='ocrx_word' id='word_1_425' title='bbox 1211 2644 1349 2676; x_wconf 84' lang='lat' dir='ltr'><strong>Ioannes</strong></span> <span class='ocrx_word' id='word_1_426' title='bbox 1371 2643 1484 2676; x_wconf 89' lang='lat' dir='ltr'><strong>morbo</strong></span> <span class='ocrx_word' id='word_1_427' title='bbox 1511 2641 1638 2684; x_wconf 77' lang='lat' dir='ltr'><strong>languit</strong></span> <span class='ocrx_word' id='word_1_428' title='bbox 1651 2641 1768 2685; x_wconf 81' lang='lat' dir='ltr'><strong>periit-</strong></span> 
     </span>
     <span class='ocr_line' id='line_1_44' title="bbox 350 2685 1769 2736; baseline -0.005 -11"><span class='ocrx_word' id='word_1_429' title='bbox 350 2704 434 2736; x_wconf 81' lang='lat' dir='ltr'><strong>que;</strong></span> <span class='ocrx_word' id='word_1_430' title='bbox 456 2696 525 2725; x_wconf 85' lang='lat' dir='ltr'><em>tum</em></span> <span class='ocrx_word' id='word_1_431' title='bbox 541 2691 647 2724; x_wconf 82' lang='lat' dir='ltr'><strong>Darae</strong></span> <span class='ocrx_word' id='word_1_432' title='bbox 662 2690 858 2723; x_wconf 80' lang='lat' dir='ltr'><strong>Praefectus</strong></span> <span class='ocrx_word' id='word_1_433' title='bbox 873 2688 1004 2722; x_wconf 84' lang='lat' dir='ltr'><strong>Ioannis</strong></span> <span class='ocrx_word' id='word_1_434' title='bbox 1018 2689 1060 2721; x_wconf 90' lang='lat' dir='ltr'><strong>ad</strong></span> <span class='ocrx_word' id='word_1_435' title='bbox 1074 2699 1112 2721; x_wconf 88' lang='lat' dir='ltr'><strong>se</strong></span> <span class='ocrx_word' id='word_1_436' title='bbox 1126 2689 1218 2721; x_wconf 89' lang='lat' dir='ltr'><strong>velut</strong></span> <span class='ocrx_word' id='word_1_437' title='bbox 1231 2688 1367 2720; x_wconf 83' lang='lat' dir='ltr'><strong>amicum</strong></span> <span class='ocrx_word' id='word_1_438' title='bbox 1382 2697 1538 2731; x_wconf 70' lang='lat' dir='ltr'><strong>nuperum</strong></span> <span class='ocrx_word' id='word_1_439' title='bbox 1551 2685 1683 2719; x_wconf 78' lang='lat' dir='ltr'><strong>simulat</strong></span> <span class='ocrx_word' id='word_1_440' title='bbox 1695 2685 1769 2729; x_wconf 74' lang='lat' dir='ltr'><strong>epi-</strong></span> 
     </span>
     <span class='ocr_line' id='line_1_45' title="bbox 349 2729 1768 2780; baseline -0.006 -9"><span class='ocrx_word' id='word_1_441' title='bbox 349 2737 482 2777; x_wconf 79' lang='lat' dir='ltr'><strong>stolam,</strong></span> <span class='ocrx_word' id='word_1_442' title='bbox 505 2746 569 2780; x_wconf 84' lang='lat' dir='ltr'><em>qua</em></span> <span class='ocrx_word' id='word_1_443' title='bbox 584 2734 771 2779; x_wconf 83' lang='lat' dir='ltr'><strong>Principem</strong></span> <span class='ocrx_word' id='word_1_444' title='bbox 786 2738 821 2767; x_wconf 94' lang='lat' dir='ltr'><em>et</em></span> <span class='ocrx_word' id='word_1_445' title='bbox 843 2743 925 2766; x_wconf 89' lang='lat' dir='ltr'><strong>suae</strong></span> <span class='ocrx_word' id='word_1_446' title='bbox 939 2733 1145 2766; x_wconf 80' lang='lat' dir='ltr'><strong>substantiae</strong></span> <span class='ocrx_word' id='word_1_447' title='bbox 1159 2733 1332 2766; x_wconf 81' lang='lat' dir='ltr'><strong>haeredem</strong></span> <span class='ocrx_word' id='word_1_448' title='bbox 1346 2731 1525 2774; x_wconf 81' lang='lat' dir='ltr'><strong>scriberet,</strong></span> <span class='ocrx_word' id='word_1_449' title='bbox 1549 2733 1583 2764; x_wconf 83' lang='lat' dir='ltr'><em>et</em></span> <span class='ocrx_word' id='word_1_450' title='bbox 1607 2741 1679 2764; x_wconf 85' lang='lat' dir='ltr'><em>eam</em></span> <span class='ocrx_word' id='word_1_451' title='bbox 1705 2729 1768 2762; x_wconf 78' lang='lat' dir='ltr'><strong>sibi</strong></span> 
     </span>
     <span class='ocr_line' id='line_1_46' title="bbox 350 2773 1768 2824; baseline -0.006 -8"><span class='ocrx_word' id='word_1_452' title='bbox 350 2792 423 2816; x_wconf 84' lang='lat' dir='ltr'><strong>esse</strong></span> <span class='ocrx_word' id='word_1_453' title='bbox 441 2787 581 2816; x_wconf 84' lang='lat' dir='ltr'><strong>mentem</strong></span> <span class='ocrx_word' id='word_1_454' title='bbox 607 2784 794 2815; x_wconf 79' lang='lat' dir='ltr'><strong>extremam.</strong></span> <span class='ocrx_word' id='word_1_455' title='bbox 839 2778 909 2813; x_wconf 88' lang='lat' dir='ltr'><em>Sed</em></span> <span class='ocrx_word' id='word_1_456' title='bbox 931 2777 1029 2824; x_wconf 85' lang='lat' dir='ltr'><strong>plane</strong></span> <span class='ocrx_word' id='word_1_457' title='bbox 1051 2777 1187 2812; x_wconf 85' lang='lat' dir='ltr'><strong>difficile</strong></span> <span class='ocrx_word' id='word_1_458' title='bbox 1209 2780 1390 2817; x_wconf 81' lang='lat' dir='ltr'><strong>memoratu</strong></span> <span class='ocrx_word' id='word_1_459' title='bbox 1412 2781 1486 2820; x_wconf 75' lang='lat' dir='ltr'><strong>est,</strong></span> <span class='ocrx_word' id='word_1_460' title='bbox 1509 2778 1591 2820; x_wconf 83' lang='lat' dir='ltr'><strong>quot</strong></span> <span class='ocrx_word' id='word_1_461' title='bbox 1605 2773 1768 2810; x_wconf 81' lang='lat' dir='ltr'><strong>hominum</strong></span> 
     </span>
    </p>
   </div>
  </div>
 </body>
</html>
