1800 3126
574 154 764 200 NOTAE
798 151 1089 198 ALEMANNI.
1464 151 1563 200 445

102 271 236 311 solum
259 264 411 321 prodeo
441 267 485 305 in
514 265 663 313 urbem,
692 279 784 303 cum
802 263 989 304 bardoni
1017 260 1184 314 insideo,
1214 263 1386 313 utinam,
1415 262 1565 316 Augu-

101 334 162 367 ste
186 326 377 374 maxime,
406 338 455 361 ne
482 331 570 361 tum
600 321 775 374 quidem.

210 383 257 420 P.
282 381 376 427 116,
406 383 447 422 2.
505 380 744 431 Praefectus
773 377 904 430 urbis]
938 379 1011 415 Est
1042 377 1084 414 in
1110 377 1274 424 Graeco,
1303 373 1334 428 ἦ
1362 378 1419 430 τῷ
1448 372 1565 432 δήμῳ

100 438 307 491 {mmo-Jove
344 433 470 489 οἷρχη,
511 438 780 488 magistratus
802 435 916 487 plebi
938 434 1184 486 praefectus.
1242 431 1357 479 Quod
1393 446 1486 470 vero
1522 435 1564 470 in

99 495 197 534 urbe
225 507 388 533 omnem
420 495 695 546 quaestionem
723 491 909 539 haberet,
946 492 1189 529 Iustinianus
1217 491 1374 527 vocavit
1400 493 1566 542 πολιαρ-

98 553 204 604 χίαν.
259 551 415 588 Novell.
449 553 498 591 13
531 557 569 587 et
596 551 786 587 Leontius
814 549 857 586 in
888 549 1123 599 epigrannn.
1154 547 1238 586 Καί
1267 559 1309 586 σε
1338 544 1439 596 σοφὲ
1467 562 1566 586 πτο-

97 609 232 660 λίαρχε
270 622 418 660 γραφει
452 602 659 659 γαβριήλιε
695 604 827 658 τέχνη.
885 604 1026 643 eadem
1057 606 1208 642 ratione
1238 604 1307 640 alii
1334 606 1566 654 πολιοῦχον.

98 665 341 703 lastinianus
369 662 559 700 ibidem'
546 662 716 715 ε’παρχον
745 664 818 713 τῆς
845 657 1013 708 πόλεως.
1071 661 1139 699 Sic
1170 662 1322 712 passim
1352 658 1566 711 distingui-

98 728 165 759 tur
203 720 252 757 ab
291 719 466 772 ἐπάρχου
495 734 577 759 των
607 719 871 770 πραιτωρίων.
930 719 1174 769 Saepissime
1203 730 1298 755 vero
1327 730 1399 768 per
1428 718 1566 754 excel-

97 778 265 816 lentiam
294 776 463 828 ἔπαρχος
493 789 515 812 a
546 775 659 813 bouis
688 775 890 813 autoribus
921 775 1156 826 appellatur.

211 835 257 870 P.
292 833 394 880 116,
429 834 470 873 4.
543 833 706 869 Horum
743 832 916 869 alterum
947 838 1176 882 praetorem
1206 829 1339 881 plebis
1377 827 1564 879 vocavit]

97 891 228 937 Quem
262 889 433 927 Romani
468 895 716 939 praetorem,
764 890 848 926 sive
887 889 1133 939 praefectum
1168 888 1383 938 Vigilium,
1425 887 1566 923 Graeci

97 945 379 996 νυκτέπαρχον.
437 944 613 983 Cassiod.
649 946 679 982 l.
709 947 748 985 7.
797 946 888 983 var.
929 946 1043 996 epist.
1079 947 1120 984 7.
1177 945 1236 980 De
1275 942 1392 980 huius
1431 945 1565 992 magi-

97 1008 241 1041 stratus
266 1003 513 1049 institutione
537 1008 618 1038 erat
646 1001 794 1039 novell.
819 1003 859 1040 3.
916 1003 1019 1038 Ante
1042 1002 1250 1038 Iustiniani
1279 1006 1458 1050 tempora
1489 1012 1562 1036 cu-

97 1061 206 1105 rem,
239 1071 340 1110 quae
372 1059 543 1109 praetori
571 1058 699 1109 plebis
730 1055 1013 1105 demandatur,
1045 1064 1251 1108 gesserunt
1280 1058 1561 1106 vicomagistri,

98 1122 137 1153 et
174 1115 396 1165 collegiati,
436 1116 505 1166 qui
539 1115 708 1165 singulis
748 1114 856 1151 urbis
887 1115 1070 1165 Byzantii
1107 1113 1334 1164 regionibus
1370 1113 1563 1164 praefecti

96 1179 229 1220 erant,
267 1179 311 1209 ut
347 1177 460 1208 autor
498 1169 772 1222 descriptionis
805 1171 1167 1221 Constantinopolis
1204 1169 1367 1207 indicat.
1429 1170 1563 1207 Colle-

92 1230 224 1281 giati‚
262 1229 335 1279 qui
373 1241 417 1264 ex
446 1226 618 1265 diversis
648 1227 884 1278 corporibus
921 1226 1104 1264 ordinati
1131 1226 1410 1264 incendiorum
1438 1227 1566 1263 solent

98 1285 264 1323 casibus
303 1283 525 1324 subvenire.
589 1284 905 1335 Vicomagistri,
939 1284 1087 1334 quibus
1106 1298 1182 1334 per
1210 1290 1363 1320 noctem
1393 1281 1566 1319 tuendae

96 1341 212 1380 urbis
240 1355 342 1379 cura
365 1339 570 1379 mandata
594 1347 663 1380 est.
722 1343 806 1379 Hos
834 1342 986 1392 primus
1015 1342 1232 1392 Augustus,
1264 1347 1309 1377 ut
1336 1340 1565 1388 Suetonius,

97 1400 174 1448 ait,
203 1399 390 1435 instituit.

208 1456 256 1492 P.
283 1457 383 1501 116,
413 1452 454 1493 5.
516 1452 704 1491 Alterum
743 1452 1038 1506 quaesitorem]
1082 1453 1279 1491 Antonius
1316 1453 1564 1504 Augustinus

96 1509 148 1549 ad
175 1511 324 1549 novell.
346 1510 401 1550 80
429 1523 500 1561 pro
525 1512 752 1561 quaesitore
779 1509 997 1562 legendum
1023 1517 1156 1548 censet
1188 1517 1453 1561 quaestorem.
1512 1511 1566 1546 Et

94 1567 262 1606 Iacobus
298 1567 480 1604 Cuiacius
521 1579 543 1603 a
580 1574 790 1618 quaestore
824 1568 1000 1618 palatii,
1049 1574 1088 1604 et
1125 1574 1336 1618 quaestore
1375 1567 1566 1603 exercitus

94 1623 205 1662 hunc
242 1625 383 1661 nititur
423 1622 678 1673 distinguere.
735 1625 816 1661 Nos
855 1626 1092 1661 retinuimus
1133 1622 1318 1660 codicum
1351 1624 1565 1661 Vaticano-

95 1694 186 1718 rum
212 1681 429 1718 lectionem
457 1680 732 1732 Κυαισίτωρα,
772 1681 837 1717 cui
865 1681 1043 1718 Iulianus
1072 1682 1312 1717 Antecessor
1341 1678 1564 1730 adstipula-

96 1744 162 1774 tur
188 1737 338 1807 nomvell.
367 1734 435 1776 74.
494 1738 595 1772 Rem
630 1738 715 1787 ipse
755 1738 997 1774 Iustinianus
1037 1738 1183 1774 evincit
1220 1736 1367 1774 novell.
1400 1737 1465 1776 80-
1504 1737 1564 1790 Τῇ

97 1791 170 1846 μὲν
199 1808 276 1832 ουν
305 1787 410 1846 ἆρχῇ
439 1790 507 1831 καὶ
535 1794 590 1846 τῷ
617 1789 768 1843 ταύτην
797 1790 1149 1845 παραλαμβάνοντι
1178 1789 1221 1832 τὸ
1249 1795 1322 1832 τοῦ
1358 1793 1563 1858 quaesito-

95 1851 149 1888 ris
187 1846 456 1900 ἐπιτίθεμεν’
445 1845 581 1899 ὄνομα.
639 1844 766 1895 ου’τως
794 1864 869 1901 γαρ
901 1846 952 1900 δή
982 1849 1048 1888 καὶ
1078 1849 1120 1888 οἱ
1154 1863 1229 1900 την
1260 1844 1388 1900 ἆρχην
1418 1844 1563 1900 εὗρόν-

93 1921 180 1954 τες,
223 1902 377 1969 φαμὲν
393 1901 443 1956 δὴ
486 1920 554 1943 και
593 1901 636 1944 ἐν
675 1907 758 1951 τοῖς
796 1902 880 1944 ἅνω
917 1901 1076 1975 χρόνοις
1111 1900 1353 1955 Ἐρευνάδας
1391 1901 1562 1944 ἔκαλουν

93 1977 189 2010 τους
227 1961 267 2009 ἐς
301 1956 450 2010 ταύτην
489 1956 814 2011 ἀφικνουμένους
848 1975 923 2011 την
960 1956 1028 2009 τάς
1034 1977 1085 1999 ιν.
1143 1962 1258 1998 Huic
1295 1974 1386 2011 elga
1422 1962 1562 2011 mugi-

94 2019 270 2067 stratui,
301 2025 338 2055 et
366 2017 488 2054 illum
516 2018 737 2067 capessenti
766 2018 1010 2067 quaesitoris
1036 2030 1178 2054 nomen
1207 2018 1470 2068 imponimus,
1501 2018 1562 2053 sic

94 2077 198 2113 enim
235 2075 306 2126 qui
342 2073 452 2111 hunc
497 2074 790 2124 magistratum
830 2074 1064 2110 invexerunt
1104 2075 1257 2125 priscis
1299 2073 1558 2125 temporibus,
1582 2077 1612 2111 P
1632 2078 1699 2114 158

93 2129 360 2179 Ereunadas,
385 2129 434 2167 id
456 2137 525 2179 est,
555 2131 802 2181 quaesitores
830 2137 1031 2167 vocarunt
1059 2144 1143 2181 eos,
1174 2131 1247 2181 qui
1275 2129 1335 2166 ad
1360 2130 1437 2168 lzoc
1464 2144 1560 2168 mu-

94 2201 174 2226 nus
194 2189 482 2239 pervenissent.
539 2188 648 2237 Lege
671 2187 1014 2238 Harmenopolum
1042 2187 1071 2225 l.
1099 2190 1146 2235 6,
1178 2186 1227 2224 de
1257 2188 1376 2225 variis
1403 2188 1562 2238 legibus

92 2245 167 2286 tit„
186 2247 233 2293 1,
264 2244 452 2294 Virgilius
482 2245 506 2284 6
534 2241 702 2280 Aeneid.

238 2300 454 2350 Quaesitor
482 2300 618 2336 Minos
647 2312 795 2337 urnam
823 2306 976 2350 movet,
1007 2299 1078 2336 ille
1105 2299 1296 2337 silentum

237 2356 539 2407 Conciliumque
565 2363 706 2406 vocat,
737 2357 941 2406 vitamque
969 2363 1006 2392 et
1036 2357 1208 2393 crimina
1237 2355 1373 2393 discit.

94 2412 377 2450 Emendandae
414 2419 506 2450 sunt
546 2414 666 2448 etiam
703 2410 897 2449 editiones
931 2411 1236 2463 Schringeriana
1275 2419 1314 2450 et
1345 2411 1559 2450 conciana.

95 2467 202 2506 Illud
228 2467 294 2506 hic
323 2467 443 2506 habet
475 2467 770 2514 difficultatem3
811 2467 919 2520 quod
946 2470 988 2505 in
1018 2470 1164 2506 novell.
1195 2471 1248 2510 80
1279 2468 1328 2506 de
1359 2469 1561 2519 quaesito-

95 2525 150 2563 ris
185 2527 450 2574 institutione,
490 2526 600 2561 nulla
639 2526 790 2562 mentio
829 2527 880 2562 sit
920 2526 1150 2575 criminum,
1195 2524 1246 2562 ad
1275 2538 1377 2577 quae
1409 2537 1560 2575 cogno-

96 2580 241 2618 scenda
275 2580 382 2619 hunc
419 2583 647 2620 institutum
684 2583 963 2631 magistratum
1006 2583 1130 2620 fuisse
1170 2583 1388 2633 Procopius
1429 2580 1558 2618 docet.

95 2637 150 2674 At
177 2635 226 2674 de
250 2640 429 2689 acceptis⁷
458 2651 539 2676 non
565 2639 723 2688 scr1pt0,
753 2636 824 2675 sed
853 2638 986 2686 verbo,
1016 2641 1207 2690 principis
1237 2637 1436 2676 mandatis
1456 2640 1558 2675 Pro-

97 2694 232 2743 coptus
260 2693 458 2746 loquitur3
489 2701 532 2731 ut
560 2695 687 2746 quuet
717 2707 770 2731 ex
798 2696 868 2743 iis,
898 2707 998 2747 quae
1029 2697 1164 2733 statim
1187 2695 1236 2733 de
1258 2701 1438 2747 praetore
1465 2695 1557 2746 ple-

95 2748 181 2798 bis,
210 2755 249 2786 et
277 2751 364 2787 urbi
392 2752 589 2802 praefecto
619 2757 764 2788 narrat.

206 2805 253 2842 P.
286 2806 378 2855 117,
409 2807 447 2848 5.
508 2809 760 2858 Quaesturae
787 2804 948 2858 munus]
989 2807 1071 2845 Alii
1100 2814 1191 2847 sunt
1221 2813 1449 2860 quaestores
1477 2808 1556 2845 Ur-
