1754 3132
532 141 797 185 HISTORIA
829 140 1046 185 ARCANA
1085 142 1127 186 1.
1501 143 1563 189 17

104 257 178 297 τοῦ
210 252 315 310 παρ’
346 251 504 312 ὁτῳοῦν
533 252 704 310 δύνηται
730 258 911 309 μᾶλλον,
949 255 991 297 ἓν
1007 255 1147 310 μέντοι
1167 261 1253 305 τοῖς
1273 253 1379 312 ἀμφὶ
1406 257 1563 300 Θεοδο-

102 322 180 379 σίῳ
208 323 274 363 καὶ
304 323 470 372 δικαίως
498 322 802 379 ἇποπνίγεσθαί
827 324 866 365 οἱ
894 323 1147 378 ξυνέβαινεν,
1186 321 1249 367 ὅτι
1270 323 1322 377 δὴ
1344 322 1469 375 αὐτὸς
1487 326 1564 378 μέν
1587 337 1620 370 V
1644 339 1712 374 282

35 429 41 436 ,
102 391 244 446 καίπερ
267 389 357 439 υἱὸς
387 389 444 432 ὢν
473 391 515 433 ἓν
541 391 672 435 οὐδενὶ
695 392 866 447 ἐγίγνετο
897 389 1030 450 λόγῳ,
1069 390 1090 435 ὅ
1111 394 1157 436 δὲ
1175 389 1344 446 δυνάμει
1369 409 1411 435 τε
1434 398 1566 451 πολλῇ

100 458 249 514 ἐχρῆτο
280 459 346 500 καὶ
373 455 570 514 χρήματα
600 458 756 515 μεγάλα
788 458 1088 516 περιεβάλλετο.
1156 463 1317 516 λέγουσι
1338 459 1416 516 γὰρ
1440 461 1566 505 αὐτὸν
1589 472 1619 506 Β

68 524 148 569 5ἔκ
166 523 439 581 Καρχηδόνος
466 543 510 569 τε
535 529 601 570 καὶ
619 526 834 582 Ῥαβέννης
852 529 892 578 ἔς
914 526 1060 572 ἑκατὸν
1083 526 1325 584 κεντηνάρια
1347 529 1389 578 ἐξ
1410 529 1566 586 ἀμφοῖν

102 595 317 636 παλατίοιν
352 592 590 649 συλήσαντα
620 595 744 652 ἔχειν,
783 596 866 638 ἐπεὶ
898 598 965 638 καὶ
991 595 1107 655 μόνῳ
1132 595 1229 640 κατ’
1254 597 1442 647 ἐξουσίαν
1472 600 1566 641 δια-

97 663 272 717 χειρίσαι
291 666 423 705 ταῦτα
442 664 602 718 ξυνέβη.
672 663 698 718 ἡ
720 664 765 707 δὲ
778 663 997 707 Ἀντωνίνα
1016 668 1099 708 ἐπεὶ
1116 665 1190 719 τὴν
1216 666 1442 708 Θεοδοσίου
1460 664 1568 722 γνώ-

100 748 184 784 μην
211 729 367 784 ἔμαθεν
379 763 394 783 ,
437 731 486 773 οὗ
519 730 716 788 πρότερον
738 732 883 787 ἀνῆκεν
902 730 1170 789 ἕνεδρεύουσά
1191 750 1234 775 τε
1256 733 1328 775 τὸν
1349 735 1479 776 παῖδα
1498 737 1567 777 καὶ

103 799 260 854 φονίοις
288 801 393 842 τισὶν
420 799 656 852 ἐπιβουλαῖς
689 800 814 843 αὐτὸν
843 806 1063 855 μετιοῦσα,
1112 803 1188 850 ἕως
1218 799 1570 857 καταπράξασθαι

46 877 91 913 10
102 867 265 920 ἴσχυσεν
292 867 420 909 αὐτὸν
450 868 524 919 μὲν
553 866 704 912 ἐνθάδε
721 869 1008 925 ἀπαλλαγέντα
1028 872 1069 920 ἐς
1089 867 1317 922 Βυζάντιον
1340 868 1424 928 ὁδῷ
1450 871 1565 923 ἴέναι,

101 934 233 977 οὐκέτι
255 935 389 992 φέρειν
411 935 485 985 τὰς
507 936 674 992 ἐνέδρας
696 935 782 980 οἷόν
803 955 845 980 τε
865 937 963 981 ὄντα
974 971 988 990 ,
1023 937 1097 981 τὸν
1117 938 1163 981 δὲ
1186 935 1411 980 Θεοδόσιον
1430 938 1471 986 ἒς
1492 939 1568 994 τὴν

95 1003 273 1045 Ἰταλίαν
289 1002 392 1059 παρ’
417 1003 546 1058 αὐτὴν
564 1003 683 1059 ἣκειν.
757 1000 806 1048 οὗ
832 1006 884 1061 δὴ
908 1004 1148 1061 κατακόρως
1169 1010 1243 1060 τῆς
1260 1022 1302 1048 τε
1323 1010 1398 1048 τοῦ
1416 1007 1570 1062 ἐρωμέ-

62 1096 67 1100 ·
101 1088 175 1114 νου
206 1074 421 1127 διατριβῆς
449 1073 516 1114 καὶ
540 1077 616 1127 τῆς
653 1078 728 1116 τοῦ
760 1074 912 1128 ἀνδρὸς
941 1074 1135 1130 εὐηθείας
1161 1074 1398 1129 ἅποναμένη
1429 1073 1569 1134 χρόνῳ

99 1138 272 1196 ὕστερον
288 1140 358 1191 ξὺν
377 1139 534 1197 ἀμφοῖν
550 1142 591 1190 ἐς
611 1140 837 1194 Βυζάντιον
854 1137 961 1197 ἧκεν.
1031 1143 1136 1186 ἔνθα
1159 1143 1210 1198 δὴ
1236 1140 1459 1186 Θεοδόσιον
1480 1141 1568 1186 ἔδε-
1590 1151 1622 1186 C

46 1218 89 1254 15
101 1209 262 1252 δίσσετο
291 1207 340 1251 τὸ
370 1208 593 1251 συνειδέναι
628 1212 695 1252 καὶ
723 1209 915 1267 ἔστρεφεν
946 1210 1075 1254 αὐτοῦ
1093 1211 1168 1266 τὴν
1186 1207 1384 1254 διάνοιαν.
1433 1208 1570 1266 λήσειν

99 1276 178 1334 γὰρ
207 1277 248 1326 ἒς
276 1276 323 1319 τὸ
353 1277 547 1327 παντελὲς
579 1276 742 1333 οὐδαμῆ
764 1278 888 1337 ᾤετο,
921 1279 1004 1321 ἐπεὶ
1025 1279 1100 1334 τὴν
1117 1285 1289 1334 γυναῖκα
1309 1276 1420 1334 ἑώρα
1438 1279 1571 1322 οὐκέτι

100 1344 148 1387 τὸ
173 1343 315 1394 πάθος
334 1343 608 1402 ἓγκρυφιάζειν
630 1347 720 1388 οἳάν
738 1363 780 1389 τε
799 1342 941 1399 οὖσαν,
981 1346 1078 1390 οὐδὲ
1095 1345 1381 1402 κεκρυμμένως
1397 1348 1570 1404 ἒξερρω-
1593 1355 1624 1389 Α
1644 1356 1671 1390 6

100 1412 235 1468 γέναι,
273 1412 379 1455 ἀλλὰ
412 1411 641 1470 διαρρήδην
669 1415 890 1469 μοιχαλίδα
925 1414 1029 1457 εἶναί
1056 1431 1099 1456 τε
1121 1417 1189 1456 καὶ
1215 1411 1493 1467 ὀνομάζεσθαι
1516 1414 1572 1467 ὥς

99 1479 247 1536 ἥκιστα
271 1480 539 1531 ἀπαξιοῦσαν.
594 1482 657 1525 διό
679 1482 731 1538 δὴ
755 1477 881 1533 αὖθις
902 1483 944 1532 ἒς
961 1482 1220 1539 τῆν’Ἐφεσον
1238 1479 1484 1537 ἀφικόμενος
1503 1486 1571 1527 καὶ

43 1546 432 1606 Ξοάποθριξοῖμενος
459 1544 564 1608 ᾗπερ
589 1550 770 1593 εἴθισται
801 1551 1021 1607 ἐνέγραψεν
1050 1553 1107 1601 εἷς
1133 1551 1232 1601 τοὺς
1259 1551 1466 1605 μοναχοὺς
1498 1569 1576 1595 κα-

100 1618 324 1673 λουμένους
356 1615 494 1661 αὑτόν.
565 1616 659 1661 τότε
691 1620 742 1675 δὴ
773 1619 869 1662 κατ’
905 1619 1036 1677 ἄκρας
1063 1618 1193 1674 ἐμάνη
1221 1621 1288 1661 καὶ
1319 1619 1395 1673 τὴν
1413 1621 1576 1675 ἐσθῆτα

195 1751 226 1785 l.
256 1747 416 1794 δύνηται
450 1750 556 1784 Alem.
581 1751 620 1788 P.
673 1748 770 1796 αὐτῇ
793 1749 954 1796 δύνηται
983 1753 1024 1786 Α.
1081 1748 1129 1786 ἄν
1151 1763 1187 1785 τι
1213 1749 1373 1796 δύνηται
1398 1751 1570 1787 Reiskius.

191 1798 226 1831 2.
258 1795 319 1832 ὅτι
349 1794 398 1839 δή
430 1795 536 1830 Alem.
572 1797 610 1831 P.
658 1794 716 1833 ὅτι
748 1794 788 1831 δὲ
823 1798 862 1831 Α.
1015 1799 1071 1833 10.
1107 1795 1269 1840 ἐνθάδε]
1308 1795 1461 1833 ἐνθένδε
1496 1799 1569 1833 Pm.

194 1842 250 1877 13.
284 1837 521 1887 ἀποπταμένη]
555 1842 669 1887 Vulgo
695 1840 930 1886 οἷπωναμένη.
1071 1842 1127 1879 14.
1162 1841 1367 1878 θεοδόσιον
1393 1845 1433 1880 Α.
1480 1845 1572 1880 Θεο-

194 1885 322 1927 δόσιος
344 1888 384 1923 Ρ.
511 1889 566 1925 15.
589 1887 632 1923 τὰ
654 1889 760 1924 Alem.
802 1890 855 1934 τῷ
874 1889 943 1922 ΑΡ.
1061 1889 1116 1924 19.
1143 1886 1378 1932 ἀπαξιοῦσαν
1400 1889 1508 1925 Alem.
1530 1890 1570 1924 P.

191 1931 373 1977 ἀξιοῦσαν
394 1934 436 1968 Α.

100 2047 281 2082 tabescere
303 2046 354 2081 illi
377 2044 513 2091 quidem
537 2058 603 2081 non
627 2046 702 2081 sine
730 2058 835 2082 causa
867 2045 1072 2090 videbatur,
1103 2057 1199 2089 cum,
1234 2047 1299 2082 etsi
1330 2047 1444 2091 filius,
1477 2047 1570 2083 nullo

100 2093 287 2127 baberetur
310 2094 404 2134 loco3
438 2097 560 2127 contra
583 2105 667 2128 vero
693 2092 912 2128 Theodosius
935 2093 1074 2127 multum
1099 2094 1266 2139 polleret,
1302 2095 1571 2139 ingentibusque

100 2138 263 2173 afflueret
284 2140 416 2184 opibus.
462 2139 552 2173 Nam
577 2150 619 2174 ea
645 2140 737 2173 fama
762 2143 855 2181 erat,
890 2150 935 2173 ex
959 2139 1104 2173 aerariis
1129 2139 1350 2184 Carthaginis
1374 2145 1408 2174 et
1431 2140 1572 2174 Raven-

101 2196 166 2219 nae
189 2185 234 2219 ad
259 2185 374 2219 decem
399 2184 504 2219 millia
527 2185 642 2230 pondo
666 2185 742 2219 auri
766 2196 840 2219 eum
865 2185 1102 2230 depeculatum
1127 2186 1258 2229 fuisse,
1288 2197 1362 2220 cum
1391 2185 1468 2220 sine
1499 2185 1574 2220 col-

100 2230 203 2275 lega,
235 2241 433 2275 summaque
460 2231 647 2265 autoritate
669 2243 729 2265 eas
752 2231 801 2265 illi
826 2235 1044 2276 pertractare
1068 2231 1233 2277 pecunias
1256 2231 1464 2266 obvenisset.
1511 2231 1572 2265 In-

100 2280 198 2310 terea
221 2280 293 2310 tum
315 2275 487 2310 Antonina
510 2276 702 2311 Theodosii
726 2277 885 2322 percepit
908 2276 1074 2318 animum,
1097 2289 1164 2312 non
1189 2280 1292 2311 antea
1315 2277 1420 2312 desiit
1442 2277 1570 2311 adver—

99 2332 159 2356 sus
181 2322 286 2356 filium
310 2333 353 2356 ex
376 2322 510 2356 insidiis
541 2333 666 2367 agere,
705 2329 742 2357 et
775 2328 850 2356 arte
875 2334 962 2368 pene
986 2322 1186 2368 parricidali
1211 2335 1287 2357 eum
1311 2323 1572 2364 circumvenire,

100 2367 213 2402 donec
248 2368 402 2403 obtinuit
433 2372 473 2401 ut
504 2367 537 2402 is
570 2369 756 2402 excederet
779 2373 832 2402 tot
853 2368 986 2402 insidiis
1009 2368 1165 2403 ferendis
1187 2368 1318 2414 impar,
1349 2369 1573 2414 Byzantium—

100 2425 168 2459 que
196 2414 437 2454 contenderet3
461 2413 680 2448 Theodosius
704 2425 788 2448 vero
812 2414 855 2448 ad
881 2425 919 2448 se
939 2414 974 2447 in
998 2413 1132 2449 Italiam
1157 2415 1310 2456 veniret,
1335 2415 1394 2448 ubi
1418 2419 1453 2448 et
1477 2425 1572 2448 ama-

104 2458 148 2492 sii
179 2460 452 2500 consuetudine,
489 2464 525 2494 et
556 2459 714 2505 coniugis
746 2460 911 2494 fatuitate
946 2460 1081 2494 abunde
1110 2460 1178 2494 iam
1201 2461 1394 2501 oblectata,
1433 2459 1570 2494 tandem

103 2509 248 2550 utroque
279 2505 402 2540 comite
434 2505 639 2551 Byzantium
673 2505 819 2551 appulit.
874 2505 943 2539 Hic
973 2517 1056 2539 vero
1088 2505 1205 2551 coepit
1235 2505 1456 2541 Theodosius
1488 2515 1570 2538 con-

103 2549 249 2586 scientia
271 2551 480 2596 perterreri,
513 2555 550 2585 et
571 2551 606 2585 in
630 2551 787 2586 diversas
809 2556 930 2596 partes
952 2552 1091 2595 agitare
1115 2550 1302 2586 consilium.
1348 2552 1438 2585 Nam
1462 2551 1571 2583 latere

104 2595 235 2631 demun
266 2608 370 2642 posse
400 2596 536 2631 minime
569 2597 636 2632 sibi
668 2597 919 2643 persuadebat,
955 2609 1031 2631 cum
1061 2597 1219 2632 feminam
1254 2597 1397 2642 nequire
1426 2594 1570 2639 amplius

105 2641 280 2676 occultare
309 2643 482 2677 libidinem
515 2647 692 2684 cerneret,
726 2643 787 2676 sed
817 2643 964 2677 effracto
993 2644 1059 2678 iam
1094 2644 1217 2688 aperte
1249 2643 1358 2677 animo
1392 2641 1569 2681 diffluere,

107 2698 171 2720 nec
193 2687 288 2721 ferre
309 2689 463 2732 graviter
487 2688 654 2733 publicam
678 2688 839 2723 adulterii
863 2689 1054 2734 opinionem
1086 2694 1190 2734 atque
1224 2688 1407 2722 infamiam.
1443 2687 1568 2727 Quam-

108 2733 224 2766 obrem
248 2733 420 2778 Ephesum
443 2735 594 2780 repetit,
618 2746 802 2780 comaque,
825 2735 916 2769 sicut
938 2735 1016 2768 fieri
1040 2735 1232 2775 consuevit,
1258 2734 1415 2772 detonsa,
1438 2731 1472 2764 in
1491 2731 1569 2765 albo

108 2779 347 2813 monachorum
369 2780 539 2814 conscribi
560 2780 681 2816 voluit.
727 2781 819 2815 Tum
843 2792 926 2816 vero
950 2780 1120 2815 Antonina
1143 2790 1285 2826 prorsus
1308 2777 1479 2818 insanire,
1511 2788 1572 2810 ve-

165 2831 352 2875 Procopt'us
382 2831 449 2864 111.
1270 2828 1296 2866 2
