1800 3126
293 138 391 186 442
738 141 797 185 IN
829 141 970 184 HIST.
1001 141 1258 186 ARCANAM

290 251 534 302 λονείκησαν.
588 248 840 300 Aurigarum
871 249 1072 286 curriculo
1112 250 1310 300 absoluto,
1336 251 1511 301 factio-912
1545 255 1646 291 inter
1671 269 1712 292 ει

291 308 667 352 tumultuabantur5
707 317 830 354 quare
857 304 1040 342 Iustinus
1066 306 1223 355 utrique
1236 307 1416 354 factioni
1437 321 1509 358 per
1534 307 1714 346 Manda-

290 371 411 400 torem
439 365 498 400 sie
526 361 802 399 interminatus
830 367 898 398 est.
961 361 1005 398 V
999 360 1083 397 obis
1111 359 1342 410 defunctum
1368 363 1450 399 iam
1477 377 1556 401 esse
1584 364 1712 402 lueti-

288 421 457 456 nianum
484 420 621 454 scitote
653 415 698 453 V
690 417 819 453 enen
848 429 1045 465 superesse
1072 417 1283 453 etiamnum
1309 416 1417 454 vobis
1443 419 1609 456 Praeini
1640 419 1712 458 lu-

288 476 510 511 stinianum
536 470 690 509 ονειίιίε.
750 472 838 520 Quo
866 472 932 507 illi
958 470 1097 508 audito
1125 473 1362 521 quieverunt,
1390 486 1511 523 neque
1537 475 1712 526 amplius

289 530 472 567 altercati
499 534 603 566 sunt.
660 524 758 564 Vide
786 525 1022 564 mandatoris
1055 526 1225 563 officium
1255 539 1298 563 ac
1326 539 1490 576 munus,
1519 531 1586 580 qui
1613 531 1712 567 Cae-

286 587 384 623 saris
411 586 571 620 nomine
599 583 789 619 tumultus
819 581 970 619 sedaret
1004 584 1045 618 in
1075 584 1192 630 circo,
1237 580 1332 632 quid
1359 582 1460 619 fanto
1489 595 1587 634 opus
1611 592 1712 623 esset

286 640 586 691 praescriberet,
617 638 861 688 imperatoris
887 638 1009 675 veluti
1036 650 1116 674 vox
1144 640 1185 674 iu
1212 636 1361 674 theatro
1390 644 1490 685 erat,
1522 639 1712 707 quemad-

285 694 451 732 modum
481 699 660 745 quaestor
694 693 736 728 in
766 700 917 730 senatu.
973 691 1133 740 Suidas‚
1163 689 1390 744 Μανδάτωρ
1419 689 1521 740 εἶδος
1546 690 1714 746 αξιῶμα·

285 765 364 796 τος.
420 748 638 787 Μαηιίαιον
666 755 723 785 est
747 761 873 798 genus
902 747 1127 798 dignitatis.
1185 750 1290 798 Lege
1319 746 1591 786 Cassiodorum
1616 750 1645 787 l.
1671 753 1712 799 7,

288 807 377 843 var.
397 807 510 856 epist.
534 805 587 844 10
613 803 662 840 de
680 803 834 842 tribuno
862 805 1120 855 voluptatum.
1174 805 1225 841 Et
1242 801 1496 854 Theophanis
1515 805 1712 856 fragmen-

287 867 374 898 tum
402 873 517 911 supra
546 858 596 896 ad
621 873 662 910 p.
689 859 755 900 56.

397 938 443 974 P.
475 937 573 983 111,
603 939 642 977 7.
698 933 772 973 Ad
797 934 931 971 urbem
959 932 1151 972 Edessam
1180 937 1342 986 Scyrtus
1377 933 1618 986 exundavit]
1653 936 1714 973 De

287 990 375 1039 hac,
407 999 522 1044 atque
549 991 635 1029 aliis
661 991 867 1027 fluminum
892 991 1145 1038 eluvionibus,
1174 992 1330 1028 urbium
1352 993 1484 1038 ruinis,
1511 998 1713 1043 terraeque

287 1048 481 1095 motibus,
520 1046 610 1084 vide
638 1048 666 1084 1.
698 1050 722 1087 3
752 1047 845 1082 bell.
875 1044 1030 1094 Gotth.,
1059 1048 1198 1096 Evagr.
1229 1048 1254 1084 l.
1285 1047 1331 1095 4,
1363 1045 1544 1098 Theoph.
1571 1048 1714 1084 Zonar.
1761 1093 1764 1098 Ι

288 1102 401 1139 cedr.
433 1110 471 1139 et
501 1103 611 1139 alios.
667 1103 753 1138 Non
774 1102 946 1151 ScyrtuS,
975 1108 1018 1138 ut
1045 1100 1162 1138 habet
1191 1101 1315 1139 codex
1342 1104 1428 1140 vat.
1458 1101 1529 1139 sed
1547 1102 1715 1152 Scirtus,

287 1160 398 1208 quasi
429 1171 451 1194 a
481 1159 644 1208 σκιρτῶ,
683 1155 789 1207 quod
818 1163 875 1193 est
904 1157 1028 1204 salio,
1057 1155 1133 1193 huc
1161 1160 1265 1194 enim
1293 1158 1531 1208 Sibyllinum
1559 1170 1714 1194 carmen

286 1213 448 1261 alludit,
490 1211 596 1264 quod
630 1211 854 1249 subsidente
892 1212 1032 1260 fluvio,
1068 1211 1189 1264 lapidi
1216 1214 1517 1251 incisumcives
1551 1214 1714 1251 invene-

287 1276 398 1317 runt,
428 1275 471 1306 ut
499 1270 552 1304 ait
581 1266 858 1318 Theophanes,

479 1321 639 1374 Σκιρτός
668 1319 863 1375 σκιρτήσει
890 1337 930 1360 τε
954 1320 1074 1362 κακὸν
1103 1323 1292 1375 σκίρτημα
1317 1321 1503 1370 πολίταις.

483 1378 660 1415 δἀΙιαὸίι
689 1379 768 1415 εἰνὶ
795 1378 947 1414 saltum
978 1379 1149 1415 saltator
1176 1378 1368 1417 acerbum.

286 1434 345 1470 De
373 1432 448 1470 hac
477 1433 730 1471 inundatione
759 1434 845 1471 fuse
873 1435 901 1470 l.
930 1435 957 1473 2
986 1433 1103 1471 aedif.
1134 1441 1171 1470 et
1200 1433 1293 1470 ibid.
1321 1434 1349 1470 l.
1380 1431 1405 1473 5
1434 1431 1482 1469 de
1510 1429 1660 1484 Cydno.

392 1514 438 1548 P.
470 1514 558 1559 112,
586 1514 626 1553 9.
683 1512 959 1549 lastinianum
987 1513 1030 1548 in
1057 1509 1183 1548 medio
1213 1517 1404 1547 extantem
1415 1509 1540 1559 freto,
1569 1516 1715 1546 totam-

286 1580 360 1616 que
398 1569 710 1617 ingurgitantem
747 1568 871 1603 maris
906 1567 1011 1616 mm]
1048 1568 1208 1603 Amicus
1244 1567 1310 1602 ille
1337 1567 1516 1615 Procopii
1553 1577 1622 1615 per
1649 1577 1715 1602 so-

284 1623 437 1658 mnium
465 1622 507 1658 id
535 1621 653 1669 vidit3
696 1620 884 1671 Agathias
921 1635 1012 1659 vero
1043 1621 1148 1672 quod
1175 1622 1341 1670 vigilans
1371 1621 1614 1667 observarat,
1647 1633 1715 1656 ea—

286 1676 376 1712 dem
410 1678 616 1714 verborum
643 1678 894 1714 translatione
926 1676 1134 1714 declaravit
1163 1678 1191 1712 l.
1222 1677 1246 1716 5
1275 1683 1462 1713 extremo.
1519 1671 1715 1728 Καθάπερ

285 1731 327 1771 ἓν
366 1733 576 1798 παλιῤῥοίᾳ
613 1729 791 1781 ὖδατων,
830 1728 925 1772 αὐτὸ
954 1729 1011 1798 δή
1047 1730 1107 1802 ἶὸ
1127 1730 1264 1783 μέτρον
1299 1734 1368 1782 τῆς
1405 1731 1715 1782 παρασχεθείσης

1307 1838 1393 1857 ’,μ’

145 1897 173 1928 Ρ
195 1896 261 1931 156
283 1912 442 1935 summa
471 1898 759 1949 stipendiorum
795 1912 897 1948 quae
925 1898 1118 1934 militibus
1146 1871 1446 1945 numerabatur,
1485 1896 1595 1948 quod
1619 1897 1716 1934 solet

282 1957 324 1990 in
350 1956 475 2005 fluxu
503 1968 705 2005 aquarum
735 1961 855 2004 atque
882 1955 1038 2004 refluxu
1066 1955 1310 2003 continget-,e
1336 1961 1548 1990 retrorsum
1573 1965 1715 1989 mana-

282 2010 375 2059 bat,
406 2024 454 2046 ac
482 2009 640 2047 tandem
673 2023 714 2047 eo
745 2008 848 2046 unde
875 2008 1094 2060 defluxerat
1121 2009 1321 2059 refluebat.

390 2079 436 2113 P.
467 2079 557 2124 113,
587 2079 628 2116 2.
684 2077 860 2113 Marini-s·
888 2077 1049 2112 minzme
1076 2075 1306 2111 necessariis
1335 2071 1711 2123 substructionibus]

279 2133 368 2168 Alia
398 2134 603 2169 Iustiniani
640 2132 815 2168 aedificia
842 2133 940 2181 inire
975 2132 1187 2181 Procopius
1218 2130 1447 2176 celebravit,
1487 2128 1561 2165 hoo
1589 2141 1712 2164 unum

164 2187 195 2219 A
216 2187 260 2221 91
285 2188 511 2236 saepissime
540 2189 582 2223 in
613 2186 686 2223 hac
715 2186 876 2223 historia
902 2187 1107 2235 vituperat,
1137 2185 1242 2236 quod
1268 2185 1458 2221 infinitam
1483 2186 1565 2220 vim
1591 2197 1714 2234 pecu<-

281 2244 437 2278 nim-um
463 2244 503 2278 in
532 2241 633 2278 illud
659 2243 893 2279 Iustiniauus
922 2243 1185 2292 insumpserit,
1213 2242 1403 2291 voluptati
1425 2242 1565 2290 potius,
1597 2246 1712 2290 atque

284 2297 456 2343 deliciis,
499 2303 542 2333 ut
580 2310 695 2347 supra
733 2296 905 2334 diximus
943 2295 992 2332 ad
1027 2311 1068 2348 p.
1097 2298 1151 2337 70
1187 2309 1307 2348 quam
1337 2297 1514 2346 publicae
1542 2295 1713 2332 utilitati.

281 2355 382 2390 Nam
414 2354 500 2390 aliis
529 2351 657 2389 adhuc
685 2354 845 2403 integris
874 2353 1084 2403 portubus,
1119 2353 1244 2389 leuius
1280 2352 1441 2402 (quippe
1471 2364 1549 2388 nou
1577 2363 1714 2387 neces-

280 2407 390 2458 sarii)
420 2408 475 2444 ad
490 2408 596 2444 hanc
617 2422 743 2459 usque
771 2407 874 2445 diem
893 2409 1054 2445 molium
1084 2414 1118 2444 et
1145 2406 1393 2445 brachiorum
1423 2407 1593 2455 vestigia
1620 2407 1715 2456 qui—

281 2463 370 2500 dem
400 2470 557 2511 extant,
586 2477 737 2514 magna
765 2470 896 2500 tamen
923 2477 967 2500 ex
991 2471 1104 2514 parte
1130 2462 1287 2509 diruta,
1318 2476 1418 2512 quae
1445 2461 1599 2498 nullam.
1628 2468 1714 2497 sta-

281 2521 427 2556 tionem
454 2518 626 2556 navibus
655 2517 966 2566 accommodent,
1004 2526 1047 2556 ut
1072 2519 1187 2556 refert
1214 2520 1351 2554 Petrus
1380 2517 1520 2553 Gillius
1548 2517 1576 2553 1.
1606 2516 1633 2556 3
1663 2514 1712 2552 de

282 2576 456 2625 Bosporo
484 2573 667 2612 Thracio.
726 2572 931 2611 Caeterum
959 2573 1076 2612 huius
1106 2581 1144 2611 et
1173 2574 1337 2611 aliorum
1367 2574 1544 2609 omnium
1572 2571 1712 2608 subur-

282 2630 474 2667 banorum
511 2631 675 2678 luxum,
716 2643 815 2682 quae
844 2630 918 2667 sibi
947 2638 1059 2667 extra
1086 2630 1222 2667 urbem
1249 2629 1483 2679 Byzantium
1509 2633 1712 2677 magnates

283 2684 549 2734 aedifie'aabanat,
578 2687 695 2723 aliam
723 2686 772 2723 ob
802 2698 959 2723 causam
982 2687 1200 2737 vituperare
1222 2685 1435 2734 Procopius
1459 2682 1613 2720 videtur
1635 2682 1664 2719 l.
1685 2681 1712 2720 4

284 2740 402 2780 aedif.
441 2715 549 2795 quod,
583 2743 769 2780 nimirum
801 2754 847 2779 ea
887 2741 1028 2780 referta
1055 2755 1144 2780 cum
1173 2746 1302 2779 essent
1338 2739 1539 2779 immensis
1567 2737 1710 2776 divitiis
