1800 3126
293 127 390 174 460
750 131 810 175 ΙΝ
840 130 979 175 HIST.
1011 130 1258 174 ARCANAM

457 237 548 276 Non
575 237 706 274 solum
733 238 862 287 optati
889 236 1000 273 iubeo
1027 237 1254 287 spectacula
1282 239 1390 288 circi,

452 294 642 331 Praemia
669 290 740 328 sed
759 292 942 342 populis,
972 298 1007 329 et
1034 293 1210 329 maxima
1237 291 1343 330 dona
1367 293 1535 344 parabo.

398 349 443 384 P.
469 349 556 394 145,
581 350 618 388 8.
677 347 784 384 Nam
811 345 858 383 de
885 348 1103 384 commissis
1131 347 1181 384 ab
1207 361 1249 384 eo
1277 349 1318 384 in
1346 348 1574 400 sacerdotes,
1600 348 1711 399 infla

291 401 403 439 locus
426 405 511 453 erit]
543 403 618 439 Ubi
644 400 833 438 tandem?
862 404 974 439 tertio
1002 401 1067 439 hio
1093 403 1174 439 iam
1199 402 1307 444 idem
1333 405 1555 453 pollicetur3
1582 417 1710 455 neque

288 458 415 494 ullum
443 460 483 494 iu
523 456 596 494 hac
625 455 784 494 historia
812 455 972 494 huiusce
1001 459 1057 494 rei
1086 459 1294 508 vestIginm
1321 459 1508 496 invenias.
1562 461 1711 509 Nempe

293 511 340 549 de
370 513 573 549 Iustiniani
611 525 655 548 ac
683 511 914 549 Theodorae
950 514 1110 550 saevitia
1147 515 1189 549 in
1228 512 1442 552 sacerdotes
1471 513 1596 551 dicere
1625 516 1711 551 ani-

151 570 180 604 P
205 570 270 605 168
292 581 380 605 mus
421 574 514 604 erat.
571 566 780 605 Theodora
816 569 929 605 iussit
956 568 1178 618 Sylverium
1214 568 1357 615 occidi,
1397 570 1584 618 vigilium
1618 570 1713 606 fune

291 636 361 674 per
389 623 526 659 urbem
553 621 668 659 trahi.
725 624 959 660 Iustinianus
991 625 1296 674 quamplurimos
1324 625 1534 674 Episcopos
1562 624 1714 660 Africa-

292 691 363 714 nos
393 677 579 715 custodiis
604 678 785 724 inclusit3
816 679 917 715 viros
947 681 1207 716 sanctissimos
1234 679 1471 730 Eutychium
1494 679 1715 716 Constanti-

153 733 184 768 A
208 735 273 771 107
295 734 591 782 nopolitanmn,
645 740 683 772 et
723 734 972 770 Anastasium
1013 733 1300 770 Antiocheuum
1341 734 1511 771 ecclesiis
1553 735 1715 784 expulit.

295 790 401 837 Lege
429 790 527 826 Vict.
557 790 690 825 Tuun.
723 790 764 825 in
798 787 930 826 chron.
960 789 1160 826 Liberatus
1189 790 1295 825 Diae.
1325 790 1367 825 in
1393 789 1557 825 breviar.
1587 801 1620 824 c.
1649 788 1717 828 24.

302 844 466 881 Caetera
485 857 585 893 vero,
613 845 751 895 inquit,
784 857 886 894 quae
905 844 1178 895 subsequenter
1197 846 1240 881 in
1259 845 1458 897 episcopos
1485 851 1521 880 et
1549 842 1720 879 catholi-

299 913 389 935 cam
417 900 616 936 ecclesiam
646 913 672 935 a
695 894 918 936 Iustiniano
939 901 1060 948 facta
1088 906 1193 946 sunt,
1221 899 1413 949 quomodo
1443 900 1720 936 consentientes

298 955 469 1004 episcopi
505 956 546 991 in
582 956 704 991 trium
733 953 1025 991 damnationem
1053 955 1323 1018 capitulorum
1350 954 1578 991 muneribus
1611 952 1722 990 dita-

299 1010 465 1058 bantur,
500 1010 563 1047 νεὶ
596 1023 674 1046 non
713 1012 987 1046 consentientes
1014 1009 1182 1060 depositi
1218 1011 1260 1046 in
1293 1010 1450 1047 exilium
1478 1010 1591 1046 missi
1617 1015 1722 1058 eunt,

298 1065 361 1104 vel
387 1065 514 1114 aliqui
530 1066 646 1114 fuga
670 1065 875 1101 latitantes
898 1067 940 1101 in
969 1067 1171 1114 angustiis
1186 1065 1348 1114 filicem
1375 1067 1519 1102 exitum
1545 1077 1736 1114 sut-cepe·-

299 1126 414 1168 rant,
455 1122 643 1169 quoniam
671 1128 763 1156 nota
790 1127 883 1156 sunt
912 1121 1113 1168 omnibus,
1148 1127 1249 1170 puto
1277 1133 1382 1157 nunc
1409 1134 1438 1157 a
1472 1133 1531 1157 me
1556 1117 1724 1156 silenda.

298 1173 396 1213 Vide
427 1188 526 1226 quae
555 1176 688 1211 notavi
716 1174 766 1211 ad
793 1188 832 1225 p.
861 1174 915 1216 48
945 1183 983 1212 et
1012 1175 1079 1214 53.

408 1231 453 1266 P.
482 1230 582 1277 146,
613 1247 652 1271 ο.
709 1230 888 1282 Effracto
919 1244 1118 1281 aquarum
1148 1228 1295 1280 ductu]
1335 1230 1512 1266 Fortasse
1542 1228 1726 1278 intelligit

299 1283 348 1322 de
376 1284 595 1322 Adrianaeo
636 1298 759 1336 aquae
803 1285 942 1332 ductu,
981 1299 1100 1336 quem
1136 1286 1245 1322 initio
1275 1286 1336 1322 sui
1362 1286 1516 1334 imperii
1542 1285 1727 1321 Iustinia-

297 1353 373 1378 nus
393 1347 687 1377 restauraverat.
743 1343 999 1391 Anonymus
989 1354 1031 1377 111
1052 1340 1218 1408 chronic.
1247 1335 1512 1386 Ἰουστινιανός
1537 1335 1728 1379 ἆνενέωσε

298 1394 366 1435 τὸν
394 1398 465 1435 τοῦ
498 1392 740 1446 Ἀδριανείου
769 1393 913 1443 υδατος
949 1393 1121 1448 ἀγωγὸν,
1162 1393 1206 1435 ὃν
1241 1392 1316 1446 πρὸ
1348 1397 1418 1434 τοῦ
1445 1391 1488 1434 τὸ
1515 1391 1728 1441 Βυζάντιον

300 1452 529 1503 βασιλευσαι
554 1448 752 1503 Ἀδριανὸς
781 1448 960 1502 βασιλευς
988 1451 1145 1501 ἐποίησε
1172 1454 1252 1497 τοῖς
1280 1450 1505 1497 Βυζαντίοις
1533 1446 1730 1501 χαριζόμε·

299 1522 382 1553 νος.
438 1507 690 1544 lastinianus
709 1508 953 1543 restauravit
965 1505 1244 1543 Adlc'anaeum
1263 1503 1572 1555 aquaeductum,
1604 1517 1729 1555 quem,

302 1569 517 1612 antequam
540 1564 786 1612 ,Byzantium
814 1563 970 1611 imperii
998 1560 1103 1598 sedes
1131 1567 1245 1606 esset,
1278 1559 1490 1597 Adrianus
1517 1561 1731 1608 imperator

291 1618 448 1667 fecerat
477 1619 520 1653 in
544 1619 725 1667 gratiam
753 1620 1049 1665 Byzantiorum.
1106 1617 1211 1665 Lege
1240 1614 1370 1652 chron.
1399 1613 1613 1651 Alexandr.
1668 1612 1732 1651 Ad

303 1671 409 1709 hunc
438 1685 628 1722 aquarum
650 1671 811 1708 ductum
839 1671 1133 1708 restaurandum
1160 1672 1317 1720 triginta
1337 1670 1481 1706 talenta
1501 1670 1732 1706 Mam-icium

303 1728 581 1777 imperatorem
608 1729 805 1778 Byzantiis
844 1726 1047 1764 donavisse
1087 1726 1218 1764 scribit
1246 1723 1564 1776 Theophylactus
1601 1725 1733 1763 Simo-

306 1790 409 1820 catta
436 1783 463 1818 l.
495 1783 520 1821 8
551 1796 582 1819 c.
613 1784 677 1823 13.

417 1839 461 1874 Ρ.
487 1837 578 1885 146,
602 1837 642 1878 5
699 1838 895 1887 Frequens
920 1834 1136 1873 multitudo
1161 1843 1358 1886 aquatum
1378 1836 1544 1885 uniens,
1572 1848 1651 1872 sese
1678 1831 1738 1870 ad

298 1894 436 1945 sontes
454 1892 700 1943 opprimeret]
730 1891 991 1943 Theophanes
1022 1905 1121 1928 anno
1149 1893 1353 1928 Iustiniani
1378 1892 1577 1941 trigesimo
1606 1896 1734 1937 sexto,

309 1949 406 2001 μηνὶ
436 1949 648 2014 Νοεμβρίῳ
680 1944 844 1999 ἀβροχία
872 1945 996 1998 πολλή
1024 1946 1171 1998 ἐγένετο
1199 1948 1263 1987 καὶ
1292 1950 1421 1996 λεῖψις
1431 1921 1612 1994 cesareae,
1640 1943 1736 1984 move

307 2004 493 2057 γενέσθαι
521 2001 645 2054 μάχας
673 2001 818 2050 πολλας
846 2002 888 2043 ἐν
916 2007 997 2049 τοῖς
1023 2002 1206 2054 ὑδρείοις.
1263 2003 1394 2039 Mense
1412 1999 1624 2038 Novembre
1641 1999 1736 2037 nul-

308 2061 372 2096 lae
394 2060 563 2110 pluviae
585 2060 775 2107 fuerunt,
817 2065 852 2095 et
889 2058 934 2094 ob
972 2056 1019 2094 id
1053 2070 1254 2107 aquarum
1283 2058 1476 2106 penuria,
1520 2057 1580 2092 ita
1609 2062 1654 2092 ut
1682 2052 1740 2091 ad

300 2115 438 2163 sontes
465 2115 612 2151 multae
632 2128 799 2164 pugnae
826 2114 1031 2152 extiterint.
1090 2114 1140 2148 Et
1167 2110 1307 2148 eodem
1338 2124 1462 2159 anuo,
1490 2123 1623 2148 mense
1652 2111 1737 2147 Au-

309 2177 449 2220 gust0,
488 2169 622 2221 γέγονε
660 2173 790 2218 λεῖψις
824 2165 1003 2216 ὕδατων,
1048 2179 1144 2206 ωστε
1181 2169 1450 2217 σφαλισθῆναι
1487 2181 1535 2204 τα
1570 2163 1740 2217 δημόσιοι

309 2221 454 2276 λουτρα
483 2223 550 2263 καὶ
578 2222 726 2275 ἐγένετο
757 2224 980 2273 φονοκοπία
1009 2222 1064 2268 εἰς
1091 2237 1137 2261 τα
1164 2219 1302 2261 ὕδατα.
1366 2221 1474 2259 Talis
1493 2219 1580 2271 fuit
1609 2233 1740 2271 aquae

302 2281 500 2332 penuria,
540 2285 585 2315 ut
606 2279 796 2329 publicae
824 2277 1102 2316 clauderentur
1129 2277 1312 2326 balneae,
1347 2283 1382 2314 et
1411 2275 1469 2314 ad
1480 2276 1621 2327 sontes
1652 2289 1741 2312 cae-

313 2334 381 2373 dee
406 2341 675 2385 patrarentur,

421 2392 468 2427 P.
502 2388 599 2436 146,
629 2389 668 2428 8.
725 2389 855 2439 Regia
882 2402 961 2426 non
994 2395 1163 2439 caperet,
1192 2390 1237 2425 in
1265 2400 1348 2439 qua
1369 2388 1524 2438 priores
1555 2385 1742 2423 Caesares

315 2443 473 2482 diuttue
494 2458 639 2495 perque
669 2444 829 2481 libenter
856 2446 1003 2482 versati
1025 2442 1232 2494 fuissent]
1274 2445 1376 2480 Ante
1404 2439 1664 2479 lastinianum
1699 2442 1743 2476 in

316 2500 479 2538 diversis
516 2500 623 2536 urbis
648 2501 828 2550 Byzantii
864 2500 1086 2549 regionibus
1114 2501 1287 2551 quinque
1320 2499 1449 2547 regiae
1478 2502 1741 2542 numerantur,

317 2569 413 2607 quas
445 2562 554 2592 autor
583 2554 848 2606 descriptionis
876 2562 989 2592 vocat
1010 2555 1196 2606 palatia3
1231 2559 1431 2604 praeterea
1465 2550 1608 2588 domus
1635 2550 1743 2587 divt-

317 2626 392 2648 nae
420 2612 700 2661 Augustarum
739 2623 830 2657 sex,
868 2610 1137 2646 nobilissimae
1167 2615 1259 2646 tres.
1316 2608 1496 2645 Celebres
1534 2607 1636 2644 inter
1671 2605 1742 2642 has

318 2674 428 2703 eraut
457 2666 596 2704 domus
624 2664 834 2704 Placidiae
866 2672 903 2702 et
931 2665 1114 2702 Marinae
1147 2665 1190 2700 in
1218 2664 1374 2713 regione
1403 2664 1541 2713 prima.
1595 2663 1741 2698 Domus

320 2722 556 2760 Pulcheriae
590 2723 631 2759 in
666 2722 823 2773 regione
851 2722 986 2771 tertia,
1027 2727 1066 2758 et
1092 2718 1311 2758 undecima.
1367 2719 1518 2756 Domus
1543 2715 1746 2756 Arcadiae
