1800 3126
225 137 320 180 520
388 135 396 141 “

662 137 841 181 INDEX
882 135 1212 180 HISTORIGUS

272 240 347 280 189,
374 241 428 274 10.
449 240 536 274 illam
559 241 697 275 Romani
719 241 856 286 capiunt
877 241 921 282 ΙΙ,
965 238 1132 273 Phaeacia
1158 238 1280 272 insula=
1305 241 1384 274 vide
1405 240 1564 283 corcyra.

274 285 348 324 190,
375 285 428 319 15.
449 286 580 319 Totilas
607 291 746 329 occupat
778 286 821 325 ll,
843 287 921 326 301,

237 354 240 358 .
274 330 304 363 1.
335 329 461 363 Narses
492 342 551 375 per
572 331 779 364 Valerianum
806 329 925 375 recipit

273 373 320 413 ΙΙ,
346 375 421 414 636,
449 376 500 408 12.

229 419 334 452 Petra
356 419 521 461 sanguinis
546 419 588 460 ΙΙ,
617 418 694 459 395,
715 419 770 453 21.

230 463 271 497 S.
299 463 420 495 Petrus
446 464 676 506 Apostolorum
699 464 867 507 Princeps,
883 461 926 496 ad

275 512 402 552 portam
431 508 580 550 sepultus
617 508 803 550 Aureliam,
835 519 928 541 suum

275 552 334 584 dat
359 552 388 584 ei
407 563 521 584 nomen
545 552 591 594 ΙΙ,
615 553 671 594 94,
694 553 725 588 9.
754 552 892 586 maxime
908 563 929 585 a

274 596 431 629 Romanis
456 596 575 629 colitur
596 597 647 638 ll,
678 599 760 639 110,
788 598 820 630 6.
852 607 928 641 pars

276 640 360 673 muri
391 641 423 672 in
463 641 533 673 eius
566 641 670 674 tutela
706 641 816 686 posita
846 643 926 675 ibid.

277 695 360 729 pons
387 685 429 717 ad
458 685 561 728 ipsius
586 686 742 729 templum
767 686 817 727 ΙΙ,
848 686 927 726 434,

276 730 331 762 20.
349 734 382 761 et
399 731 545 773 porticus
562 730 606 771 ΙΙ,
627 732 702 771 108,
719 732 750 764 8.
773 730 928 774 templum

276 773 411 851 gotthis
448 774 608 808 intactum
654 775 714 818 11,
749 776 836 816 160,
876 776 930 811 17.

231 818 466 895 Ρεὺξὶίὲἰιοηιεῐι
491 863 597 896 induit
627 864 766 896 loannes
793 863 931 908 Cappa-

277 906 353 939 dox.
384 907 489 941 sacris
518 908 687 941 ordinibus
717 908 866 942 initiatus
902 908 930 950 Ι,

233 979 354 1028 Ρεῑτυέ
370 995 503 1039 Illyrius
525 995 632 1039 patria
654 997 928 1030 Thessalonicen-

276 1039 333 1081 sis,
357 1040 548 1074 Advocatus
563 1041 726 1085 Byzantii,
749 1042 782 1074 in
800 1041 927 1075 ltaliam

275 1084 449 1117 Iustiniani
485 1085 612 1128 legatus
637 1086 690 1127 ΙΙ,
725 1087 789 1126 21,
813 1087 843 1120 7.
869 1086 924 1127 24,

276 1128 298 1162 4
341 1129 514 1162 Theodato
545 1130 617 1173 regi
651 1130 770 1163 bellum
801 1131 925 1163 denun-

277 1172 340 1205 tiat
362 1175 405 1214 ΙΙ,
429 1175 483 1216 25,
513 1175 563 1208 17.
589 1185 661 1208 cum
687 1175 758 1220 ipso
784 1174 924 1219 pacisci-

276 1220 340 1249 tur.
366 1218 408 1258 ll,
438 1219 493 1260 29,
517 1220 549 1254 3.
575 1225 607 1253 et
633 1231 699 1263 seq.
728 1219 922 1261 Byzantium

277 1262 365 1295 redit
391 1263 434 1303 ΙΙ,
465 1264 520 1303 31,
543 1264 576 1305 9,
600 1263 718 1296 iterum
746 1264 779 1296 in
806 1264 933 1297 ltaliam

278 1306 406 1349 legatus
431 1307 483 1347 ΙΙ,
505 1309 572 1350 32,
601 1309 653 1342 20.
679 1309 720 1341 de
750 1309 932 1351 legatorum

276 1350 348 1383 iure
377 1361 450 1384 cum
473 1352 647 1385 Theodato
675 1353 846 1397 praeclare
863 1353 931 1386 dis-

301 1400 373 1427 ntat
404 1397 445 1438 ΙΙ,
470 1397 523 1438 35,
545 1399 576 1431 2.
598 1397 747 1430 dimissus
777 1409 796 1430 a
817 1398 932 1441 Vitlgi,

300 1440 440 1482 lagister
461 1441 499 1473 fit
523 1441 717 1475 officiorum
740 1442 782 1483 ΙΙ,
805 1442 880 1483 238,
898 1441 933 1475 4.

277 1483 362 1517 idem
386 1485 551 1518 Patricius
581 1491 615 1518 et
638 1487 768 1528 legatus
793 1486 835 1519 de
847 1497 932 1531 pace

278 1529 318 1561 ad
345 1529 526 1563 Chosroem
553 1530 595 1569 ΙΙ,
622 1533 699 1570 506,
726 1533 756 1565 7.

233 1572 355 1606 Petrus
389 1574 507 1607 Thrax
542 1585 613 1608 cum
638 1574 850 1608 Gontharide
877 1578 934 1619 ty-

279 1628 385 1650 ranno
417 1619 567 1662 epulatur
593 1620 622 1662 1,
651 1620 726 1660 527,
753 1621 803 1653 16.
831 1619 935 1651 Arta-

279 1662 376 1739 }irem
411 1663 454 1695 ad
480 1663 611 1696 caedem
644 1662 730 1696 illius
760 1663 884 1696 animat
906 1663 934 1705 Ι,

302 1707 356 1747 31,
386 1708 418 1741 7.

233 1750 354 1784 Petrus
379 1751 414 1784 in
438 1752 608 1784 Arzanene
631 1751 737 1796 patria
762 1762 782 1783 a
808 1751 932 1784 Iustino

281 1799 396 1838 captus
427 1807 510 1839 puer
539 1796 573 1838 Ι,
606 1797 691 1837 217,
729 1797 761 1830 8.
794 1796 834 1829 fit
865 1795 933 1828 eius

280 1840 389 1872 scriba
419 1840 455 1883 Ι,
489 1841 578 1880 217,
603 1842 653 1877 15.
693 1841 760 1874 dux
791 1847 933 1881 creatus,

278 1885 935 1973 {tigpegtiafimlzilffignssufmgzztatgzijgzass

280 1973 429 2006 torianus
467 1978 502 2007 et
540 1974 685 2018 peditum
717 1974 782 2007 dux
813 1974 848 2016 I,
878 1975 934 2017 90,

282 2019 334 2053 16.
356 2018 536 2052 fortissime
561 2019 602 2052 ad
628 2019 833 2062 Euphratem
851 2029 936 2062 pug-

281 2066 341 2095 nat
366 2063 394 2104 I,
419 2064 475 2105 96,
503 2065 554 2098 12.
584 2063 642 2096 dat
669 2063 833 2096 consilium
868 2063 935 2095 Be-

280 2106 389 2139 lisario
423 2108 457 2149 Ι,
484 2108 569 2150 224,
603 2109 634 2142 6.
659 2108 727 2141 eius
764 2107 935 2140 consilinm

281 2151 465 2194 respuit1‚
490 2153 566 2191 230,
596 2153 646 2186 19.
677 2152 779 2196 ipsius
817 2151 935 2184 vexillo

282 2196 377 2239 potiti
401 2195 534 2236 Persae,
558 2195 724 2229 lucanicas
749 2207 789 2229 ex
806 2207 845 2228 eo
862 2205 936 2228 sus-

280 2240 429 2284 pendunt
457 2240 484 2280 Ι,
509 2241 586 2280 232,
612 2243 662 2274 10.
688 2240 722 2272 in
749 2241 937 2273 Pei-sarme-

281 2284 367 2317 niam
390 2284 540 2329 irrumpit
562 2285 588 2326 I,
603 2285 679 2322 262,
701 2286 753 2319 12.
768 2285 833 2317 illic
850 2295 934 2328 pug—

281 2334 339 2361 nat
361 2328 386 2367 Ι,
409 2329 485 2372 264,
515 2330 568 2364 22.
599 2329 758 2362 Edessam
787 2329 935 2362 defendit

282 2374 310 2414 Ι,
333 2375 419 2414 270,
444 2375 496 2407 17.
524 2373 650 2416 origine
675 2373 822 2407 subditus
854 2374 934 2406 Per-

282 2429 392 2451 sarum
422 2417 494 2460 regi
519 2418 552 2462 Ι,
581 2419 666 2457 272,
698 2421 749 2452 11.
795 2419 934 2452 Hunnos

282 2462 369 2495 fallit
394 2462 430 2504 Ι,
457 2462 543 2503 412,
574 2462 626 2496 15.
650 2473 771 2495 avarus
795 2467 829 2496 et
853 2474 935 2496 con-

282 2507 472 2540 tumeliosus
494 2507 520 2547 Ι,
543 2508 621 2546 217,
645 2508 677 2540 8.

236 2552 422 2586 Phabrizus
447 2551 578 2584 Gubazi
602 2551 765 2584 Lazorum
782 2551 854 2594 regi
882 2551 935 2584 in-

282 2596 382 2630 sidias
403 2596 505 2629 struit
527 2597 565 2639 Ι,
589 2597 665 2636 287,
696 2597 731 2629 2.
760 2596 934 2629 Persarum

282 2641 348 2674 dux
376 2641 403 2682 Ι,
442 2643 529 2681 297,
558 2641 612 2674 18.
641 2640 797 2674 Chosrois
833 2640 936 2673 filium

281 2686 436 2721 rebellem
468 2685 592 2725 vincit.
624 2685 778 2729 ducitque
805 2685 847 2718 ad
874 2695 935 2730 pa-

281 2737 365 2764 trem
388 2731 433 2773 ΙΙ,
449 2732 528 2773 505,
557 2730 608 2765 15.

968 284 1116 325 Phagas.
1145 285 1222 317 vide
1247 285 1385 318 loannes
1409 285 1530 318 Helue.

967 328 1101 363 Phalios
1132 338 1255 372 equus,
1291 329 1362 373 quis
1395 341 1415 363 a
1443 328 1582 363 Graecis
1611 327 1664 361 di-

1013 377 1084 405 ctus
1107 372 1148 414 ΙΙ,
1176 374 1230 415 87,
1253 374 1309 406 20.

968 417 1184 460 Phanaguris,
1215 417 1368 461 oppidum
1390 417 1552 452 Chersoni
1580 416 1663 452 vicl-

1015 472 1090 494 num
1115 462 1157 500 ΙΙ,
1180 462 1258 503 480,
1283 462 1336 495 18.

971 506 1182 539 Phanotheus
1210 506 1383 539 Erulorum
1411 505 1476 539 dux
1502 506 1557 546 ΙΙ,
1589 507 1665 550 199,

1017 549 1070 585 14.
1097 551 1255 584 occiditur
1273 550 1315 583 ad
1332 551 1511 584 Caesenam
1530 551 1573 593 ΙΙ,
1587 551 1666 594 224,

1015 597 1047 629 7.
1071 595 1148 636 235,
1173 597 1229 629 21.

971 639 1189 682 Phar-angium
1211 639 1244 672 in
1267 638 1495 673 Persai-menia
1514 639 1542 679 Ι,
1561 638 1616 681 77,
1631 640 1664 672 2.

1015 684 1082 717 illic
1121 683 1327 717 aurifodinae
1365 683 1456 727 regis
1493 684 1666 716 Persarum

1015 729 1042 771 1,
1069 729 1124 772 78,
1153 729 1208 762 20.
1240 728 1273 761 id
1302 728 1469 762 chosroe-s
1495 727 1616 772 repetit
1639 728 1668 771 1,

1020 774 1103 816 112,
1124 774 1155 806 2,
1182 778 1217 806 et
1239 772 1369 806 obtinet
1395 773 1430 814 l,
1456 773 1538 814 114,
1564 771 1598 806 4.
1621 771 1668 812 ΙΙ,

1019 818 1107 860 526,
1136 817 1189 852 15.
1213 817 1353 851 vicinum
1375 816 1501 851 Tzanis
1524 817 1561 859 Ι,
1589 817 1668 859 288,

974 905 1099 939 Pharas
1113 906 1232 940 Erulus
1248 906 1287 939 ad
1301 907 1423 940 Dar-am
1434 909 1560 951 pugnat
1571 916 1669 949 egre-

1019 950 1075 993 gie
1099 952 1132 991 Ι,
1157 953 1219 990 70,
1245 952 1297 985 16.
1325 951 1358 985 in
1382 951 1528 984 Africam
1557 951 1672 996 profe-

1017 1000 1089 1028 ctus
1113 996 1140 1037 Ι,
1164 997 1242 1036 360,
1262 997 1303 1036 2,
1335 996 1533 1029 Gelimerem
1559 1006 1670 1038 regem

1016 1039 1143 1073 obsidet.
1171 1041 1199 1081 1,
1219 1040 1298 1077 427.
1323 1042 1375 1074 19.
1402 1051 1460 1085 per
1483 1040 1613 1073 litteras
1629 1039 1671 1072 ad

1013 1083 1209 1118 deditionem
1217 1085 1368 1118 hortatur
1377 1085 1403 1126 Ι,
1413 1085 1546 1124 435,18.
1565 1084 1671 1118 eidem

1013 1129 1182 1172 citharam,
1199 1141 1315 1173 panem
1334 1140 1429 1162 unum
1445 1141 1485 1162 ae
1500 1128 1671 1174 spongiam

1011 1174 1139 1217 petenti
1177 1174 1277 1206 mittit
1300 1175 1336 1215 Ι,
1357 1175 1444 1214 437,
1475 1174 1528 1208 15.
1562 1173 1671 1218 ipsum

1011 1218 1134 1261 recipit
1162 1218 1347 1251 dedititium
1377 1219 1405 1260 Ι,
1423 1218 1501 1258 440,
1516 1218 1550 1252 3.

978 1262 1218 1295 Pharasmanas
1242 1263 1386 1296 Colchus
1409 1263 1436 1303 Ι,
1460 1262 1516 1302 39,
1538 1262 1593 1298 21.
1610 1272 1674 1307 pa·-

1021 1310 1074 1339 ter
1099 1307 1247 1341 Zannae.
1275 1307 1301 1350 1,
1329 1307 1406 1348 493,
1429 1308 1464 1341 7.

977 1350 1094 1385 Phasis
1118 1352 1283 1386 Colchidis
1306 1351 1427 1384 fluvius
1452 1351 1496 1394 ΙΙ,
1519 1350 1596 1392 462,
1619 1352 1673 1386 19.

1020 1401 1143 1439 quanto
1171 1396 1282 1439 spatio
1310 1395 1521 1428 Chalcedone
1542 1395 1674 1430 dissitus

1020 1440 1048 1481 1,
1071 1441 1156 1481 311,
1170 1440 1202 1475 4.
1219 1440 1261 1480 ΙΙ,
1284 1441 1362 1481 481,
1381 1439 1675 1477 mundam-intur

1020 1484 1050 1524 1,
1079 1486 1142 1525 77,
1179 1486 1230 1518 11.
1252 1485 1339 1527 289,
1371 1486 1401 1519 1.
1428 1483 1521 1517 initio
1553 1484 1674 1518 dicitur

1020 1528 1122 1562 Boas.
1153 1530 1234 1562 ibid.
1265 1529 1364 1571 longe
1386 1528 1418 1561 in
1454 1530 1591 1562 Pontum
1621 1529 1674 1562 in-

1022 1572 1107 1615 fluit,
1140 1573 1291 1606 discretis
1321 1572 1415 1617 aquis
1444 1573 1480 1613 Ι,
1506 1574 1590 1614 296,
1619 1575 1674 1615 12,

1023 1623 1117 1650 natus
1134 1628 1152 1649 e
1169 1617 1333 1656 Caucaso,
1362 1616 1470 1650 Asiam
1484 1622 1584 1660 atque
1601 1617 1674 1651 Eu-

1022 1672 1136 1705 ropam
1163 1661 1283 1694 dividit
1313 1662 1358 1702 ll,
1384 1663 1463 1699 458.
1486 1663 1519 1696 2.
1543 1662 1604 1695 hac
1631 1662 1674 1696 de

1025 1716 1063 1738 re
1086 1705 1313 1739 controversia
1338 1705 1379 1745 ΙΙ,
1402 1706 1466 1739 481
1480 1731 1490 1746 ,
1511 1707 1563 1740 19.
1597 1707 1675 1742 299.

1020 1750 1105 1782 ultra
1149 1750 1239 1783 illum
1281 1749 1433 1783 habitant
1471 1750 1588 1784 Colchi
1627 1751 1674 1795 ΙΙ,

1021 1794 1101 1835 468,
1127 1796 1179 1828 17.
1642 1810 1643 1813 ¹

976 1839 1108 1873 Phazas
1146 1838 1367 1872 Armeniorum
1406 1838 1473 1872 dux
1512 1839 1546 1873 in
1575 1839 1674 1874 Italia

1022 1884 1073 1925 ll,
1096 1884 1186 1924 302,
1214 1886 1263 1917 18.
1290 1885 1372 1928 305,
1398 1886 1451 1919 17.
1481 1884 1516 1918 in
1545 1885 1674 1929 praelio

1021 1928 1120 1963 cadit.
1152 1929 1228 1962 581.
1254 1939 1285 1969 a,
1317 1928 1348 1964 d.

980 1973 1117 2007 Phidiae
1139 1973 1240 2006 multa
1263 1973 1387 2006 Romae
1410 1983 1514 2018 opera
1527 1973 1570 2015 ΙΙ,
1593 1973 1675 2015 570,

978 2062 1105 2102 Philae,
1129 2060 1234 2094 insula
1250 2060 1331 2103 Nili,
1354 2060 1450 2094 *unde
1473 2071 1590 2094 nomen
1614 2072 1674 2094 ac-

1024 2106 1173 2150 ceperint
1196 2106 1229 2146 l,
1255 2106 1329 2145 103,
1355 2107 1408 2139 20.
1433 2106 1575 2150 profana
1604 2107 1674 2139 eius

1024 2150 1151 2194 templa‘
1169 2149 1274 2182 everti
1304 2150 1398 2183 iubet
1428 2150 1625 2183 lastinianus
1646 2151 1674 2191 Ι,

1027 2195 1107 2235 104,
1130 2195 1163 2229 7.
1189 2195 1331 2227 Deorum
1355 2194 1526 2228 simulacra
1554 2199 1676 2229 avecta

1025 2239 1222 2283 Byzantium
1246 2239 1271 2279 Ι,
1298 2240 1372 2280 104,
1395 2241 1428 2274 8.

978 2284 1179 2327 Philegagus
1194 2284 1341 2327 Gepaes,
1359 2284 1392 2317 in
1409 2283 1554 2317 exercitu
1575 2284 1673 2319 Rom.

1023 2329 1088 2362 dux
1112 2328 1156 2368 ΙΙ,
1181 2329 1261 2367 493,
1283 2329 1314 2362 5.
1339 2327 1416 2363 495.
1443 2327 1494 2362 14.

978 2373 1165 2408 Philemuth
1188 2373 1364 2406 Erulorum
1394 2372 1460 2405 dux
1485 2372 1512 2414 Ι,
1534 2373 1612 2415 262,
1642 2374 1675 2407 1.

1023 2419 1069 2460 ΙΙ,
1094 2418 1169 2458 235,
1192 2417 1247 2451 21.
1272 2417 1397 2450 Italiam
1423 2417 1507 2460 petit
1530 2417 1574 2456 ΙΙ,
1597 2417 1675 2459 330,

1026 2465 1078 2497 10.
1090 2460 1283 2496 auxiliorum
1300 2461 1366 2494 dux
1381 2461 1414 2494 in
1434 2461 1613 2506 Gepaedes
1629 2461 1675 2503 ΙΙ,

1022 2506 1098 2550 426,
1115 2509 1166 2540 10.
1186 2506 1324 2539 Narseti
1349 2506 1382 2539 in
1397 2506 1544 2539 Gotthos
1559 2506 1676 2540 militat

1025 2551 1070 2592 ΙΙ,
1085 2551 1164 2592 598,
1186 2552 1241 2585 22.
1263 2550 1340 2589 630,
1363 2553 1418 2585 20.
1443 2552 1520 2593 636,
1541 2553 1575 2588 2.

978 2595 1121 2640 Philippi
1161 2595 1193 2628 in
1223 2594 1420 2628 Macedonia
1451 2596 1504 2635 ΙΙ,
1535 2596 1597 2638 17,
1621 2595 1674 2630 13.

1024 2639 1272 2685 Philippopolis,
1299 2639 1340 2679 ΙΙ,
1359 2639 1437 2683 571,
1459 2641 1514 2674 22.

981 2685 1106 2719 Phizon
1139 2684 1307 2719 castellum
1330 2695 1435 2728 prope
1457 2684 1675 2730 Martyropo-

1026 2729 1067 2764 lis
1089 2729 1222 2763 limitem
1242 2729 1270 2771 l,
1287 2729 1365 2772 262,
1389 2729 1422 2763 6.
