1858 3126
368 155 463 201 238
947 152 1206 204 PROCOPII

365 263 626 324 μετεστήσατὸ
650 267 836 323 βασιλεῦς
854 269 1128 320 ’Ῑουστινιανὸς
1158 269 1372 328 ἀσφαλείας
1401 273 1465 314 καὶ
1495 269 1643 328 κόσμου
1673 270 1771 316 ὥστε

224 343 258 379 V
275 343 342 380 424
364 334 519 386 ἁπάσας
541 337 883 391 εὐδαιμονεστέρας
909 337 1010 379 κατὰ
1031 337 1131 379 πολὺ
1154 343 1270 380 τανῦν
1292 338 1318 393 ἢ
1346 338 1532 396 πρότερον
1559 339 1672 392 εἶναι,
1706 343 1772 382 καὶ

361 405 498 457 μηκέτι
518 403 616 458 πρὸς
634 403 704 452 τὰς
720 407 797 445 τῶν
813 403 1155 460 κακουργησόντων
1174 404 1388 462 βαρβάρων
1405 405 1570 462 ἐφόδους
1587 410 1772 464 περιδεεῖς

365 469 473 521 εἶναι,
506 470 610 522 μηδέ
629 487 701 511 τινι
722 474 877 525 μηχανῇ
897 471 995 527 πρὸς
1011 471 1085 520 τὰς
1102 472 1311 524 ἐπιβουλὰς
1323 470 1504 523 ὑπόπτως
1525 474 1634 527 ἔχειν.

497 535 691 578 Μάλιστα
719 537 761 577 δὲ
787 534 950 580 ἁπασῶν
970 536 1224 592 Ἀντιόχειαν,
1257 536 1284 592 ἢ
1311 542 1378 579 νῦν
1403 538 1616 590 Θεούπολις
1645 539 1802 582 {mni-5

250 611 280 646 P
299 611 344 648 47
366 607 503 656 κληται
514 634 526 653 ,
560 601 708 655 κόσμου
729 620 769 645 τε
789 605 854 645 καὶ
878 603 1133 661 ὀχυρώματος
1153 603 1385 658 ἐνεπλήσατο
1403 610 1534 663 πολλῷ
1554 607 1726 660 μείζονος
1747 604 1774 658 ἢ

361 668 550 725 πρότερον
578 668 673 710 εἶναι
695 670 924 723 ξυνέβαινεν.
989 667 1038 725 ἦν
1067 674 1137 725 μὲν
1156 673 1232 727 γὰρ
1259 672 1380 723 αὐτῆς
1405 672 1448 714 τὸ
1469 674 1632 714 παλαιὸν
1657 671 1678 714 ὃ
1702 689 1773 713 πε-

363 738 522 791 ρίβολος
551 734 702 792 μακρός
731 753 772 778 τε
799 735 996 794 ὑπεράγαν
1021 741 1086 780 καὶ
1111 738 1299 795 περιόδων
1329 742 1481 780 πολλῶν
1510 739 1675 792 ἀτεχνῶς
1702 738 1773 792 ἴμ-

362 806 511 853 πλεως,
545 803 599 855 πὴ
623 804 693 855 μὲν
713 804 764 844 τὰ
786 806 898 845 πεδιά
924 805 1146 860 περιβαλὼν
1164 806 1289 847 οὐδενὶ
1311 803 1432 861 λόγῳ,
1458 805 1511 858 πὴ
1537 806 1579 846 δὲ
1606 805 1677 854 τὰς
1696 809 1773 846 τῶν

362 871 559 910 σκοπέλων
581 868 822 925 ὑπερβολὰς,
856 873 921 912 καὶ
949 872 1022 913 ἀπ’
1045 872 1165 914 αὐτοῦ
1185 873 1352 914 πλείοσιν
1373 874 1596 924 ἐπιβουλαῖς
1618 869 1772 913 ὖποκεί-
1786 878 1828 911 10

362 953 490 989 μενος.
555 938 758 986 συστείλας
780 938 824 978 δὲ
849 938 966 979 αὐτὸν
981 939 1250 988 Ἰουστινιανὸς
1276 940 1460 992 βασιλεὺς
1481 938 1580 980 κατὰ
1599 938 1644 980 τὸ
1662 939 1781 995 χρείᾳ

363 1006 558 1053 ξυνοῖσον,
593 1003 638 1043 οὗ
659 1008 783 1045 ταῦτα
805 1013 1008 1061 φρουρεῖν,
1039 1006 1136 1062 ἅπερ
1165 1008 1229 1047 καὶ
1252 1004 1459 1061 πρότερον,
1494 1005 1594 1046 ἀλλὰ
1612 1005 1682 1058 τὴν
1701 1003 1776 1045 πό-

362 1073 424 1109 λιν
455 1070 493 1118 ἒς
521 1069 566 1110 τὸ
597 1069 753 1125 ἀκριβὲς
781 1073 959 1124 πεποίηκε
989 1071 1125 1125 μόνην.
1190 1072 1240 1113 τὰ
1261 1074 1331 1125 μὲν
1354 1073 1428 1128 γὰρ
1451 1070 1557 1113 κάτω
1575 1076 1644 1114 τοῦ
1666 1087 1775 1126 περι-
1813 1079 1816 1082 ”

361 1133 505 1187 βόλου,
540 1134 639 1176 ἔνθα
665 1134 690 1188 ἦ
712 1134 822 1186 πόλις
849 1136 1096 1187 ἐπικινδύνως
1117 1137 1313 1193 εὖρύνετο,
1348 1140 1388 1179 ἐν
1407 1142 1573 1194 μαλακῷ
1592 1155 1633 1180 τε
1655 1139 1775 1193 πεδίῳ

312 1209 342 1243 Β
365 1201 516 1255 κειμένη
548 1203 614 1242 καὶ
636 1204 838 1260 περιουσίᾳ
859 1206 1101 1257 τειχίσματος
1125 1203 1349 1259 ἀφύλακτος
1375 1200 1497 1254 οὖσα,
1527 1202 1775 1258 μεταβιβάζει
1789 1208 1831 1242 15

362 1266 416 1316 ὡς
448 1267 640 1309 ἐνδοτάτω
650 1299 662 1318 ,
697 1269 997 1324 ἒπικαιριώτατα
1026 1269 1318 1325 στενοχωρήσας
1349 1272 1522 1311 ἐνταῦθα
1557 1270 1627 1323 τὴν
1653 1268 1778 1319 πόλιν,

361 1335 703 1390 περιστελλομένην
723 1340 778 1391 τῷ
796 1338 1016 1378 πεπιέσθαι.
1083 1338 1258 1389 ποταμὸν
1279 1339 1322 1378 δὲ
1336 1336 1534 1392 Ὀρόντην,
1561 1337 1680 1391 ὅσπερ
1706 1336 1779 1376 αὗ-

359 1402 431 1454 τὴν
461 1402 644 1457 παρέρρει
669 1404 708 1444 ἐν
740 1401 935 1458 περιόδοις
956 1404 1007 1445 τὰ
1033 1402 1202 1458 πρότερα
1226 1399 1366 1454 οὖσαν,
1400 1402 1627 1456 διωθήσατο
1657 1419 1780 1455 μετα-

361 1470 605 1523 πορευθέντα
634 1468 678 1510 τὸ
702 1469 860 1525 ῥεῖθρον
891 1474 947 1526 τῷ
969 1468 1161 1526 περιβόλῳ
1187 1476 1377 1524 γειτονεῖν.
1445 1465 1566 1519 αὖθις
1586 1469 1780 1523 ὀχεταγω-

234 1543 270 1578 Η
290 1544 334 1579 25
357 1536 424 1593 γίᾳ
452 1536 520 1577 τὸν
538 1535 631 1590 ῥοῦν
655 1534 709 1584 ὥς
734 1535 936 1590 ἀγχοτάτω
958 1538 1195 1593 περιελίξας,
1229 1535 1351 1592 ταύτῃ
1372 1553 1412 1579 τε
1430 1536 1556 1578 καὶτὸ
1581 1535 1834 1592 σφαλερὸνΞΟ

357 1606 428 1655 τῆς
455 1602 643 1658 ἀμετρίας
663 1602 782 1655 ἀνῆκε
806 1606 856 1658 τῇ
882 1602 990 1644 πόλει
1020 1605 1085 1644 καὶ
1107 1603 1178 1656 τὴν
1208 1604 1249 1644 ἔκ
1270 1608 1341 1645 τοῦ
1354 1602 1540 1658 Ὀρόντου
1562 1601 1780 1659 ἀσφάλειαν

357 1667 597 1710 ἀνεσώσατο.
662 1669 835 1710 ἐνταῦθά
857 1687 897 1711 τε
917 1668 1143 1723 νεοχμώσας
1161 1668 1335 1726 γεφύρας
1355 1669 1490 1725 ἑτέρας
1512 1667 1705 1724 ζεύγματα
1726 1673 1782 1725 τῷ

356 1740 522 1793 ποταμῷ
549 1735 618 1776 νέα
642 1736 831 1777 ε’ντέθεικε
842 1767 854 1786 ,
887 1736 1132 1792 περιαγαγών
1153 1737 1196 1778 δὲ
1219 1735 1272 1786 ὥς
1292 1735 1531 1792 πορρωτάτω
1552 1740 1623 1790 τῆς
1646 1737 1781 1791 χρείας

361 1802 501 1853 αὐτὸν,
536 1799 617 1843 εἶτα
635 1802 705 1856 τὴν
726 1803 918 1859 προτέραν
943 1804 1116 1846 ἀπέδωκε
1137 1805 1295 1859 πορείαν
1316 1808 1372 1861 τῷ
1393 1803 1553 1862 ῥείθρῳ.
1618 1803 1668 1844 τὰ
1687 1803 1782 1856 με’ν-

449 1929 483 1964 6.
506 1928 682 1973 μείζονος]
703 1929 826 1972 μεῖζον
848 1930 966 1964 Telos.
990 1958 993 1961 .
1101 1931 1152 1965 18.
1179 1928 1364 1974 παρέρρει]
1387 1929 1578 1974 Legebatur
1590 1929 1781 1973 παραρρεῖ.

361 2041 455 2073 rant:
477 2039 577 2072 urbes
597 2039 727 2083 inquam
744 2052 763 2072 a
780 2041 930 2074 Chosroe
949 2042 1062 2085 captas
1077 2040 1125 2073 sic
1140 2040 1254 2074 muniit
1269 2039 1463 2083 ornavitque
1480 2039 1555 2083 imp.
1570 2038 1780 2082 lastinianus,

361 2088 401 2116 ut
422 2094 533 2116 omnes
557 2084 654 2116 hodie
676 2085 775 2117 multo
800 2085 965 2118 beatiores
979 2095 1075 2128 quam
1098 2090 1215 2125 antea,
1239 2095 1302 2117 non
1329 2085 1467 2127 amplius
1491 2084 1625 2117 timeant
1643 2083 1782 2117 infestas

360 2128 573 2161 barbarorum
589 2128 805 2173 irruptiones,
830 2135 865 2162 et
879 2130 1006 2162 omnino
1021 2140 1156 2162 securae
1172 2129 1237 2162 sint
1252 2130 1292 2162 ab
1307 2129 1438 2162 insidiis.

451 2172 599 2216 Inprimis
615 2173 804 2214 Antiochia,
829 2174 881 2206 cui
908 2185 992 2206 nunc
1016 2185 1194 2217 cognomen
1209 2173 1410 2218 Theopolis,
1434 2173 1531 2216 longe
1547 2171 1688 2205 validior
1704 2171 1783 2216 pul-

361 2216 535 2260 chriorque
549 2218 656 2250 evasit
680 2218 766 2250 illius
781 2229 843 2262 ope
866 2229 961 2262 quam
980 2219 1070 2263 prius
1086 2219 1203 2252 fuerat.
1259 2217 1427 2263 Ampliora
1441 2217 1515 2251 olim
1530 2220 1623 2249 erant
1642 2217 1781 2259 moenia,

359 2267 460 2305 atque
483 2261 564 2294 orbe
586 2262 772 2296 vastissimo
790 2274 855 2306 qua
877 2274 996 2306 agros,
1021 2273 1086 2306 qua
1108 2274 1246 2296 summas
1262 2273 1362 2307 rupes
1379 2267 1502 2295 temere
1517 2261 1783 2306 complecteban-

360 2310 433 2340 tur:
457 2307 665 2349 quamobrem
683 2306 828 2351 pluribus
845 2313 939 2340 erant
958 2307 1082 2340 insidiis
1103 2308 1253 2342 obnoxia.
1301 2307 1357 2340 Sic
1373 2311 1481 2340 autern
1494 2305 1568 2349 illa,
1590 2310 1690 2350 prout
1704 2316 1782 2338 usus

358 2350 544 2394 flagitabat,
570 2351 725 2392 arctavit,
749 2357 785 2384 ut
800 2352 864 2386 iam
881 2363 944 2385 non
960 2353 1115 2396 spatium,
1131 2351 1218 2396 quod
1233 2363 1369 2386 vacuum
1385 2351 1580 2391 ambiebant,
1597 2350 1657 2384 sed
1670 2350 1784 2383 urbem

357 2395 460 2428 solum
485 2396 606 2439 optime
631 2401 818 2440 protegant.
863 2399 912 2430 Ac
937 2397 1096 2430 moenium
1112 2397 1239 2441 quidem
1256 2401 1380 2441 partem
1402 2395 1609 2436 inferiorem,
1632 2394 1688 2428 ubi
1709 2405 1783 2428 sese

357 2440 436 2472 urbs
452 2440 642 2483 porrigebat
664 2452 727 2474 non
749 2441 819 2474 sine
839 2442 985 2486 periculo
997 2467 1006 2485 ‚
1030 2442 1152 2486 quippe
1167 2453 1239 2475 cum
1261 2441 1324 2475 sita
1339 2445 1428 2474 esset
1441 2440 1527 2473 molli
1544 2440 1576 2473 in
1592 2450 1726 2484 campo,
1749 2443 1784 2472 et

358 2485 402 2517 ob
433 2484 562 2517 nimium
588 2486 671 2518 muri
697 2486 896 2530 complexum
923 2486 1141 2527 incustodita3
1182 2497 1253 2520 eam
1278 2485 1407 2530 inquam
1432 2490 1559 2529 partem
1583 2483 1784 2528 penitissime

358 2529 539 2570 transtulit,
561 2530 672 2573 ibique
689 2531 803 2563 urbem
823 2531 985 2564 contraxit
1000 2542 1018 2562 a
1044 2532 1174 2572 tissime,
1199 2535 1233 2564 et
1251 2531 1283 2564 in
1298 2534 1470 2574 angustum
1485 2529 1654 2563 conclusit.
1702 2529 1782 2562 Flu-

358 2574 445 2607 vium
462 2574 622 2607 Orontem
634 2599 643 2614 ,
668 2575 724 2618 qui
748 2575 850 2620 ipsam
868 2576 1013 2608 alluebat
1041 2576 1134 2618 ongis
1149 2575 1352 2609 anfractibus
1371 2574 1540 2614 sinuosus,
1562 2572 1718 2618 compulit
1731 2573 1781 2605 ai-

357 2618 428 2651 labi
453 2619 621 2652 moenibus
639 2624 763 2652 mutato
789 2629 904 2660 cursu,
927 2631 1035 2663 eoque
1055 2631 1115 2665 per
1131 2621 1259 2653 alveum
1282 2620 1344 2653 illis
1358 2619 1538 2664 proximum
1551 2617 1781 2656 circumducto,

357 2663 548 2697 immodicae
562 2663 706 2696 laxitatis
722 2664 899 2708 periculum
914 2663 1037 2697 amovit
1060 2675 1080 2697 a
1097 2664 1252 2704 civitate,
1276 2669 1311 2697 et
1326 2675 1421 2708 quam
1438 2664 1586 2697 Orontes
1601 2661 1781 2707 praebebat

359 2709 568 2742 securitatem
583 2708 728 2743 retinuit.
774 2709 895 2742 Ibidem
914 2708 1048 2742 fluvium
1063 2709 1158 2742 novis
1175 2709 1329 2753 pontibus
1343 2709 1391 2742 ita
1404 2708 1519 2748 iunxit,
1537 2713 1576 2740 ut
1591 2717 1662 2740 cum
1677 2706 1779 2750 ipsum

359 2763 380 2787 a
396 2753 514 2787 civium
530 2753 642 2788 usibus
659 2752 845 2798 longissime
860 2753 1071 2796 abduxisset,
1095 2754 1198 2799 priori
1222 2754 1317 2788 alveo
1334 2753 1450 2788 deinde
1472 2752 1668 2787 reddiderit:
1691 2749 1780 2783 urbis
