<?xml version="1.0" encoding="UTF-8"?>
<!DOCTYPE html PUBLIC "-//W3C//DTD XHTML 1.0 Transitional//EN"
    "http://www.w3.org/TR/xhtml1/DTD/xhtml1-transitional.dtd">
<html xmlns="http://www.w3.org/1999/xhtml" xml:lang="en" lang="en">
 <head>
  <title>
</title>
<meta http-equiv="Content-Type" content="text/html;charset=utf-8" />
  <meta name='ocr-system' content='tesseract 3.04.00' />
  <meta name='ocr-capabilities' content='ocr_page ocr_carea ocr_par ocr_line ocrx_word'/>
</head>
<body>
  <div class='ocr_page' id='page_1' title='image "./corpusscriptorum45niebuoft_0514.png"; bbox 0 0 1800 3126; ppageno 0'>
   <div class='ocr_carea' id='block_1_1' title="bbox 243 124 1207 178">
    <p class='ocr_par' dir='ltr' id='par_1_1' title="bbox 243 124 1207 178">
     <span class='ocr_line' id='line_1_1' title="bbox 243 124 1207 178; baseline 0.007 -7"><span class='ocrx_word' id='word_1_1' title='bbox 243 124 342 172; x_wconf 85' lang='lat'>466</span> <span class='ocrx_word' id='word_1_2' title='bbox 691 130 750 174; x_wconf 87' lang='lat' dir='ltr'>IN</span> <span class='ocrx_word' id='word_1_3' title='bbox 782 131 924 176; x_wconf 89' lang='lat' dir='ltr'>HIST.</span> <span class='ocrx_word' id='word_1_4' title='bbox 955 131 1207 178; x_wconf 76' lang='lat' dir='ltr'>ARGANAM</span> 
     </span>
    </p>
   </div>
   <div class='ocr_carea' id='block_1_2' title="bbox 230 234 1659 1841">
    <p class='ocr_par' dir='ltr' id='par_1_2' title="bbox 241 234 1659 337">
     <span class='ocr_line' id='line_1_2' title="bbox 242 234 1659 295; baseline 0.009 -24"><span class='ocrx_word' id='word_1_5' title='bbox 242 234 364 272; x_wconf 86' lang='lat' dir='ltr'>vallis</span> <span class='ocrx_word' id='word_1_6' title='bbox 394 248 467 284; x_wconf 80' lang='lat' dir='ltr'>per</span> <span class='ocrx_word' id='word_1_7' title='bbox 493 236 708 274; x_wconf 74' lang='lat' dir='ltr'>milliarios</span> <span class='ocrx_word' id='word_1_8' title='bbox 737 238 848 286; x_wconf 64' lang='lat' dir='ltr'>vias,</span> <span class='ocrx_word' id='word_1_9' title='bbox 885 235 1027 277; x_wconf 79' lang='lat' dir='ltr'>dehinc</span> <span class='ocrx_word' id='word_1_10' title='bbox 1053 238 1234 278; x_wconf 72' lang='lat' dir='ltr'>vehicula</span> <span class='ocrx_word' id='word_1_11' title='bbox 1265 240 1462 295; x_wconf 77' lang='lat' dir='ltr'>disposuit</span> <span class='ocrx_word' id='word_1_12' title='bbox 1489 258 1659 284; x_wconf 86' lang='lat' dir='ltr'>commo-</span> 
     </span>
     <span class='ocr_line' id='line_1_3' title="bbox 241 288 454 337; baseline 0 -10"><span class='ocrx_word' id='word_1_13' title='bbox 241 288 353 337; x_wconf 81' lang='lat' dir='ltr'>dius,</span> <span class='ocrx_word' id='word_1_14' title='bbox 381 296 454 327; x_wconf 90' lang='lat' dir='ltr'>etc.</span> 
     </span>
    </p>

    <p class='ocr_par' dir='ltr' id='par_1_3' title="bbox 230 356 1658 1175">
     <span class='ocr_line' id='line_1_4' title="bbox 349 356 1658 411; baseline 0.009 -20"><span class='ocrx_word' id='word_1_15' title='bbox 349 356 395 391; x_wconf 89' lang='lat' dir='ltr'>P.</span> <span class='ocrx_word' id='word_1_16' title='bbox 418 357 509 403; x_wconf 88' lang='lat'>161,</span> <span class='ocrx_word' id='word_1_17' title='bbox 534 359 595 395; x_wconf 79' lang='grc'>12.</span> <span class='ocrx_word' id='word_1_18' title='bbox 655 357 806 394; x_wconf 78' lang='lat' dir='ltr'>octona</span> <span class='ocrx_word' id='word_1_19' title='bbox 815 358 943 408; x_wconf 79' lang='lat' dir='ltr'>firme</span> <span class='ocrx_word' id='word_1_20' title='bbox 964 357 1140 411; x_wconf 68' lang='lat' dir='ltr'>stabula]</span> <span class='ocrx_word' id='word_1_21' title='bbox 1170 360 1356 399; x_wconf 75' lang='lat' dir='ltr'>Graecam</span> <span class='ocrx_word' id='word_1_22' title='bbox 1377 377 1514 403; x_wconf 83' lang='lat' dir='ltr'>vocem</span> <span class='ocrx_word' id='word_1_23' title='bbox 1535 370 1658 406; x_wconf 78' lang='grc' dir='ltr'><em>σταθ-</em></span> 
     </span>
     <span class='ocr_line' id='line_1_5' title="bbox 240 406 1658 462; baseline 0.01 -17"><span class='ocrx_word' id='word_1_24' title='bbox 240 406 312 461; x_wconf 83' lang='grc' dir='ltr'>μὸν</span> <span class='ocrx_word' id='word_1_25' title='bbox 337 423 426 447; x_wconf 89' lang='lat' dir='ltr'>cum</span> <span class='ocrx_word' id='word_1_26' title='bbox 454 409 502 446; x_wconf 89' lang='lat' dir='ltr'>de</span> <span class='ocrx_word' id='word_1_27' title='bbox 531 410 744 448; x_wconf 79' lang='lat' dir='ltr'>veredariis</span> <span class='ocrx_word' id='word_1_28' title='bbox 774 425 899 450; x_wconf 88' lang='lat' dir='ltr'>sermo</span> <span class='ocrx_word' id='word_1_29' title='bbox 929 421 1006 462; x_wconf 86' lang='lat' dir='ltr'>est,</span> <span class='ocrx_word' id='word_1_30' title='bbox 1039 426 1062 450; x_wconf 86' lang='lat' dir='ltr'>a</span> <span class='ocrx_word' id='word_1_31' title='bbox 1090 415 1200 452; x_wconf 90' lang='lat' dir='ltr'>bonis</span> <span class='ocrx_word' id='word_1_32' title='bbox 1230 418 1423 457; x_wconf 84' lang='lat' dir='ltr'>autoribus</span> <span class='ocrx_word' id='word_1_33' title='bbox 1452 424 1658 459; x_wconf 80' lang='lat' dir='ltr'>stationem</span> 
     </span>
     <span class='ocr_line' id='line_1_6' title="bbox 239 465 1657 518; baseline 0.009 -16"><span class='ocrx_word' id='word_1_34' title='bbox 239 466 303 502; x_wconf 83' lang='lat' dir='ltr'>vel</span> <span class='ocrx_word' id='word_1_35' title='bbox 331 467 572 501; x_wconf 85' lang='lat' dir='ltr'>mansionem</span> <span class='ocrx_word' id='word_1_36' title='bbox 613 465 688 502; x_wconf 90' lang='lat' dir='ltr'>dici</span> <span class='ocrx_word' id='word_1_37' title='bbox 716 480 794 503; x_wconf 85' lang='lat' dir='ltr'>non</span> <span class='ocrx_word' id='word_1_38' title='bbox 823 470 985 518; x_wconf 71' lang='lat' dir='ltr'>ignor-03</span> <span class='ocrx_word' id='word_1_39' title='bbox 1024 469 1094 506; x_wconf 87' lang='lat' dir='ltr'>sed</span> <span class='ocrx_word' id='word_1_40' title='bbox 1122 470 1322 508; x_wconf 67' lang='lat' dir='ltr'>stabulum</span> <span class='ocrx_word' id='word_1_41' title='bbox 1357 479 1438 511; x_wconf 85' lang='lat' dir='ltr'>tam</span> <span class='ocrx_word' id='word_1_42' title='bbox 1464 478 1553 514; x_wconf 87' lang='lat' dir='ltr'>trito</span> <span class='ocrx_word' id='word_1_43' title='bbox 1583 491 1657 514; x_wconf 90' lang='lat' dir='ltr'>usu</span> 
     </span>
     <span class='ocr_line' id='line_1_7' title="bbox 237 519 1656 578; baseline 0.009 -22"><span class='ocrx_word' id='word_1_44' title='bbox 237 522 356 570; x_wconf 79' lang='lat' dir='ltr'>prisci</span> <span class='ocrx_word' id='word_1_45' title='bbox 395 519 598 567; x_wconf 83' lang='lat' dir='ltr'>dixerunt,</span> <span class='ocrx_word' id='word_1_46' title='bbox 647 528 689 557; x_wconf 92' lang='lat' dir='ltr'>ut</span> <span class='ocrx_word' id='word_1_47' title='bbox 729 521 776 558; x_wconf 89' lang='lat' dir='ltr'>de</span> <span class='ocrx_word' id='word_1_48' title='bbox 813 525 997 561; x_wconf 86' lang='lat' dir='ltr'>Romanis</span> <span class='ocrx_word' id='word_1_49' title='bbox 1034 525 1230 563; x_wconf 81' lang='lat' dir='ltr'>vocabulis</span> <span class='ocrx_word' id='word_1_50' title='bbox 1269 539 1368 578; x_wconf 83' lang='lat' dir='ltr'>quae</span> <span class='ocrx_word' id='word_1_51' title='bbox 1405 528 1456 566; x_wconf 86' lang='lat' dir='ltr'>ad</span> <span class='ocrx_word' id='word_1_52' title='bbox 1491 532 1656 569; x_wconf 86' lang='lat' dir='ltr'>Graecos</span> 
     </span>
     <span class='ocr_line' id='line_1_8' title="bbox 237 573 1657 638; baseline 0.008 -26"><span class='ocrx_word' id='word_1_53' title='bbox 237 577 491 621; x_wconf 81' lang='lat' dir='ltr'>transierunt,</span> <span class='ocrx_word' id='word_1_54' title='bbox 528 573 603 612; x_wconf 87' lang='lat' dir='ltr'>hoc</span> <span class='ocrx_word' id='word_1_55' title='bbox 647 578 766 613; x_wconf 84' lang='lat' dir='ltr'>etiam</span> <span class='ocrx_word' id='word_1_56' title='bbox 801 580 863 615; x_wconf 88' lang='lat' dir='ltr'>sit.</span> <span class='ocrx_word' id='word_1_57' title='bbox 919 581 1044 616; x_wconf 84' lang='lat' dir='ltr'>Autor</span> <span class='ocrx_word' id='word_1_58' title='bbox 1078 581 1178 617; x_wconf 85' lang='lat' dir='ltr'>vitae</span> <span class='ocrx_word' id='word_1_59' title='bbox 1217 584 1340 619; x_wconf 86' lang='lat' dir='ltr'>sancti</span> <span class='ocrx_word' id='word_1_60' title='bbox 1368 585 1548 635; x_wconf 80' lang='lat' dir='ltr'>Hypaffi,</span> <span class='ocrx_word' id='word_1_61' title='bbox 1589 588 1657 638; x_wconf 91' lang='lat' dir='ltr'>qui</span> 
     </span>
     <span class='ocr_line' id='line_1_9' title="bbox 235 630 1658 693; baseline 0.01 -25"><span class='ocrx_word' id='word_1_62' title='bbox 235 630 393 668; x_wconf 84' lang='lat' dir='ltr'>Arcadii</span> <span class='ocrx_word' id='word_1_63' title='bbox 421 632 662 679; x_wconf 80' lang='lat' dir='ltr'>imperatoris</span> <span class='ocrx_word' id='word_1_64' title='bbox 691 639 863 683; x_wconf 86' lang='lat' dir='ltr'>tempore</span> <span class='ocrx_word' id='word_1_65' title='bbox 892 635 1031 682; x_wconf 87' lang='lat' dir='ltr'>floruit,</span> <span class='ocrx_word' id='word_1_66' title='bbox 1061 636 1227 685; x_wconf 80' lang='grc' dir='ltr'><em>πλησίον</em></span> <span class='ocrx_word' id='word_1_67' title='bbox 1250 640 1320 688; x_wconf 78' lang='grc' dir='ltr'>τῆς</span> <span class='ocrx_word' id='word_1_68' title='bbox 1342 643 1468 690; x_wconf 82' lang='grc' dir='ltr'><em>μονῆς</em></span> <span class='ocrx_word' id='word_1_69' title='bbox 1494 637 1658 693; x_wconf 76' lang='grc' dir='ltr'><em>στᾶβλος</em></span> 
     </span>
     <span class='ocr_line' id='line_1_10' title="bbox 234 680 1656 742; baseline 0.007 -18"><span class='ocrx_word' id='word_1_70' title='bbox 234 684 410 735; x_wconf 70' lang='grc' dir='ltr'><em>’ὑπῆρχεν</em></span> <span class='ocrx_word' id='word_1_71' title='bbox 438 685 480 725; x_wconf 82' lang='grc' dir='ltr'><em>ἐν</em></span> <span class='ocrx_word' id='word_1_72' title='bbox 508 680 539 735; x_wconf 73' lang='grc' dir='ltr'><strong><em>ᾧ</em></strong></span> <span class='ocrx_word' id='word_1_73' title='bbox 569 683 667 725; x_wconf 87' lang='grc' dir='ltr'><em>εἶσιν</em></span> <span class='ocrx_word' id='word_1_74' title='bbox 697 688 737 726; x_wconf 85' lang='grc' dir='ltr'>οἱ</span> <span class='ocrx_word' id='word_1_75' title='bbox 762 689 877 728; x_wconf 82' lang='grc' dir='ltr'><em>ἵπποι</em></span> <span class='ocrx_word' id='word_1_76' title='bbox 903 693 976 730; x_wconf 81' lang='grc' dir='ltr'>τοῦ</span> <span class='ocrx_word' id='word_1_77' title='bbox 1004 686 1167 741; x_wconf 80' lang='grc' dir='ltr'><em>δρόμου.</em></span> <span class='ocrx_word' id='word_1_78' title='bbox 1223 693 1351 742; x_wconf 83' lang='lat' dir='ltr'><em>Prope</em></span> <span class='ocrx_word' id='word_1_79' title='bbox 1379 699 1656 734; x_wconf 77' lang='lat' dir='ltr'>monasterium</span> 
     </span>
     <span class='ocr_line' id='line_1_11' title="bbox 233 741 1655 802; baseline 0.011 -27"><span class='ocrx_word' id='word_1_80' title='bbox 233 741 440 776; x_wconf 64' lang='lat' dir='ltr'>stabulum</span> <span class='ocrx_word' id='word_1_81' title='bbox 468 747 552 776; x_wconf 80' lang='lat' dir='ltr'>erat</span> <span class='ocrx_word' id='word_1_82' title='bbox 578 743 620 778; x_wconf 83' lang='lat' dir='ltr'>in</span> <span class='ocrx_word' id='word_1_83' title='bbox 640 743 751 792; x_wconf 81' lang='lat' dir='ltr'>qaod</span> <span class='ocrx_word' id='word_1_84' title='bbox 774 746 862 794; x_wconf 75' lang='lat' dir='ltr'>equi</span> <span class='ocrx_word' id='word_1_85' title='bbox 879 745 1036 794; x_wconf 78' lang='lat' dir='ltr'>publici</span> <span class='ocrx_word' id='word_1_86' title='bbox 1064 759 1206 783; x_wconf 73' lang='lat' dir='ltr'>cursus</span> <span class='ocrx_word' id='word_1_87' title='bbox 1226 746 1437 789; x_wconf 79' lang='lat' dir='ltr'>divertant.</span> <span class='ocrx_word' id='word_1_88' title='bbox 1492 752 1655 802; x_wconf 73' lang='lat' dir='ltr'>Procop-</span> 
     </span>
     <span class='ocr_line' id='line_1_12' title="bbox 233 794 1656 851; baseline 0.01 -21"><span class='ocrx_word' id='word_1_89' title='bbox 233 795 263 831; x_wconf 88' lang='lat' dir='ltr'>l.</span> <span class='ocrx_word' id='word_1_90' title='bbox 294 796 319 836; x_wconf 89' lang='lat'><em>5</em></span> <span class='ocrx_word' id='word_1_91' title='bbox 347 794 464 831; x_wconf 81' lang='lat' dir='ltr'>aedif.</span> <span class='ocrx_word' id='word_1_92' title='bbox 503 795 784 848; x_wconf 80' lang='grc' dir='ltr'><em>καταλυτήριον</em></span> <span class='ocrx_word' id='word_1_93' title='bbox 820 802 898 838; x_wconf 78' lang='grc' dir='ltr'><em>τῶν</em></span> <span class='ocrx_word' id='word_1_94' title='bbox 936 801 1183 851; x_wconf 84' lang='grc' dir='ltr'><em>βερεδαρίων.</em></span> <span class='ocrx_word' id='word_1_95' title='bbox 1239 803 1517 842; x_wconf 76' lang='lat' dir='ltr'>Diversorium</span> <span class='ocrx_word' id='word_1_96' title='bbox 1554 819 1656 843; x_wconf 78' lang='lat' dir='ltr'>vere-</span> 
     </span>
     <span class='ocr_line' id='line_1_13' title="bbox 234 848 1656 902; baseline 0.009 -16"><span class='ocrx_word' id='word_1_97' title='bbox 234 848 455 889; x_wconf 82' lang='lat' dir='ltr'>dariorum.</span> <span class='ocrx_word' id='word_1_98' title='bbox 510 853 696 902; x_wconf 87' lang='lat' dir='ltr'>Byzantio</span> <span class='ocrx_word' id='word_1_99' title='bbox 733 855 773 890; x_wconf 93' lang='lat' dir='ltr'>in</span> <span class='ocrx_word' id='word_1_100' title='bbox 801 857 935 891; x_wconf 82' lang='lat' dir='ltr'>Asiam</span> <span class='ocrx_word' id='word_1_101' title='bbox 963 857 1036 892; x_wconf 84' lang='lat' dir='ltr'>iter</span> <span class='ocrx_word' id='word_1_102' title='bbox 1063 856 1292 895; x_wconf 82' lang='lat' dir='ltr'><strong>facientibus</strong></span> <span class='ocrx_word' id='word_1_103' title='bbox 1321 861 1451 896; x_wconf 82' lang='lat' dir='ltr'>statim</span> <span class='ocrx_word' id='word_1_104' title='bbox 1478 873 1656 898; x_wconf 83' lang='lat' dir='ltr'>occurre-</span> 
     </span>
     <span class='ocr_line' id='line_1_14' title="bbox 233 905 1655 963; baseline 0.009 -23"><span class='ocrx_word' id='word_1_105' title='bbox 233 905 327 941; x_wconf 84' lang='lat' dir='ltr'><strong>bant</strong></span> <span class='ocrx_word' id='word_1_106' title='bbox 354 906 506 942; x_wconf 79' lang='lat' dir='ltr'>stabula</span> <span class='ocrx_word' id='word_1_107' title='bbox 530 908 570 942; x_wconf 86' lang='lat' dir='ltr'>in</span> <span class='ocrx_word' id='word_1_108' title='bbox 594 909 808 957; x_wconf 84' lang='lat' dir='ltr'>Rufiniano,</span> <span class='ocrx_word' id='word_1_109' title='bbox 839 908 1096 958; x_wconf 79' lang='lat' dir='ltr'>Chalcedone,</span> <span class='ocrx_word' id='word_1_110' title='bbox 1123 913 1341 962; x_wconf 88' lang='lat' dir='ltr'>Dacibizae,</span> <span class='ocrx_word' id='word_1_111' title='bbox 1367 917 1542 963; x_wconf 85' lang='lat' dir='ltr'>Nicaeae,</span> <span class='ocrx_word' id='word_1_112' title='bbox 1572 919 1655 953; x_wconf 87' lang='lat' dir='ltr'>He-</span> 
     </span>
     <span class='ocr_line' id='line_1_15' title="bbox 231 961 1652 1021; baseline 0.01 -26"><span class='ocrx_word' id='word_1_113' title='bbox 231 961 426 1010; x_wconf 86' lang='lat' dir='ltr'>lenopoli,</span> <span class='ocrx_word' id='word_1_114' title='bbox 466 961 639 999; x_wconf 80' lang='lat' dir='ltr'>Sasimis.</span> <span class='ocrx_word' id='word_1_115' title='bbox 698 966 770 1009; x_wconf 84' lang='lat' dir='ltr'>Qui</span> <span class='ocrx_word' id='word_1_116' title='bbox 810 967 884 1001; x_wconf 85' lang='lat' dir='ltr'>vici</span> <span class='ocrx_word' id='word_1_117' title='bbox 921 973 960 1002; x_wconf 87' lang='lat' dir='ltr'>et</span> <span class='ocrx_word' id='word_1_118' title='bbox 996 966 1109 1003; x_wconf 87' lang='lat' dir='ltr'>urbes</span> <span class='ocrx_word' id='word_1_119' title='bbox 1148 968 1317 1019; x_wconf 83' lang='grc' dir='ltr'><em>σταθμοὶ</em></span> <span class='ocrx_word' id='word_1_120' title='bbox 1346 982 1368 1006; x_wconf 88' lang='lat' dir='ltr'>a</span> <span class='ocrx_word' id='word_1_121' title='bbox 1406 972 1652 1021; x_wconf 81' lang='lat' dir='ltr'>scriptoribus</span> 
     </span>
     <span class='ocr_line' id='line_1_16' title="bbox 230 1013 1653 1075; baseline 0.01 -25"><span class='ocrx_word' id='word_1_122' title='bbox 230 1013 306 1052; x_wconf 86' lang='lat' dir='ltr'>hac</span> <span class='ocrx_word' id='word_1_123' title='bbox 335 1015 382 1052; x_wconf 87' lang='lat' dir='ltr'>de</span> <span class='ocrx_word' id='word_1_124' title='bbox 411 1029 451 1052; x_wconf 88' lang='lat' dir='ltr'>re</span> <span class='ocrx_word' id='word_1_125' title='bbox 480 1024 676 1054; x_wconf 85' lang='lat' dir='ltr'>vocantur.</span> <span class='ocrx_word' id='word_1_126' title='bbox 734 1021 791 1056; x_wconf 91' lang='lat' dir='ltr'>De</span> <span class='ocrx_word' id='word_1_127' title='bbox 821 1033 897 1070; x_wconf 87' lang='lat' dir='ltr'>quo</span> <span class='ocrx_word' id='word_1_128' title='bbox 923 1022 1092 1068; x_wconf 85' lang='lat' dir='ltr'>nomine,</span> <span class='ocrx_word' id='word_1_129' title='bbox 1122 1020 1247 1072; x_wconf 84' lang='lat' dir='ltr'><strong>deque</strong></span> <span class='ocrx_word' id='word_1_130' title='bbox 1278 1025 1363 1062; x_wconf 90' lang='lat' dir='ltr'>aliis</span> <span class='ocrx_word' id='word_1_131' title='bbox 1391 1026 1538 1075; x_wconf 85' lang='lat' dir='ltr'>publici</span> <span class='ocrx_word' id='word_1_132' title='bbox 1565 1040 1653 1063; x_wconf 86' lang='lat' dir='ltr'>cur-</span> 
     </span>
     <span class='ocr_line' id='line_1_17' title="bbox 230 1071 1652 1120; baseline 0.008 -12"><span class='ocrx_word' id='word_1_133' title='bbox 230 1083 297 1108; x_wconf 89' lang='lat' dir='ltr'>sus</span> <span class='ocrx_word' id='word_1_134' title='bbox 326 1071 582 1108; x_wconf 86' lang='lat' dir='ltr'>incommodis</span> <span class='ocrx_word' id='word_1_135' title='bbox 611 1085 721 1109; x_wconf 84' lang='lat' dir='ltr'>suam</span> <span class='ocrx_word' id='word_1_136' title='bbox 751 1075 992 1112; x_wconf 79' lang='lat' dir='ltr'>Sasimorum</span> <span class='ocrx_word' id='word_1_137' title='bbox 1029 1076 1231 1115; x_wconf 81' lang='lat' dir='ltr'>ecclesiam</span> <span class='ocrx_word' id='word_1_138' title='bbox 1264 1080 1318 1116; x_wconf 88' lang='lat' dir='ltr'>ita</span> <span class='ocrx_word' id='word_1_139' title='bbox 1347 1079 1527 1118; x_wconf 81' lang='lat' dir='ltr'>describit</span> <span class='ocrx_word' id='word_1_140' title='bbox 1555 1083 1652 1120; x_wconf 84' lang='lat' dir='ltr'>Gre-</span> 
     </span>
     <span class='ocr_line' id='line_1_18' title="bbox 230 1127 668 1175; baseline 0.005 -13"><span class='ocrx_word' id='word_1_141' title='bbox 230 1127 362 1175; x_wconf 89' lang='lat' dir='ltr'>gorius</span> <span class='ocrx_word' id='word_1_142' title='bbox 391 1127 668 1164; x_wconf 81' lang='lat' dir='ltr'>Nazianzenus.</span> 
     </span>
    </p>

    <p class='ocr_par' dir='ltr' id='par_1_4' title="bbox 340 1188 1150 1250">
     <span class='ocr_line' id='line_1_19' title="bbox 340 1188 1150 1250; baseline 0.007 -20"><span class='ocrx_word' id='word_1_143' title='bbox 340 1188 525 1243; x_wconf 81' lang='grc' dir='ltr'><em>Σταθμός</em></span> <span class='ocrx_word' id='word_1_144' title='bbox 554 1193 610 1238; x_wconf 80' lang='grc' dir='ltr'>τίς</span> <span class='ocrx_word' id='word_1_145' title='bbox 637 1192 738 1232; x_wconf 80' lang='grc' dir='ltr'><em>ἐστιν</em></span> <span class='ocrx_word' id='word_1_146' title='bbox 766 1193 808 1234; x_wconf 76' lang='grc' dir='ltr'><em>ἐν</em></span> <span class='ocrx_word' id='word_1_147' title='bbox 837 1194 934 1250; x_wconf 75' lang='grc' dir='ltr'><em>μέσῃ</em></span> <span class='ocrx_word' id='word_1_148' title='bbox 962 1193 1150 1248; x_wconf 78' lang='grc' dir='ltr'><strong><em>λεωφόρῳ</em></strong></span> 
     </span>
    </p>

    <p class='ocr_par' dir='ltr' id='par_1_5' title="bbox 344 1246 1528 1305">
     <span class='ocr_line' id='line_1_20' title="bbox 344 1246 1528 1305; baseline 0.008 -21"><span class='ocrx_word' id='word_1_149' title='bbox 344 1249 423 1297; x_wconf 83' lang='grc' dir='ltr'>Τῆς</span> <span class='ocrx_word' id='word_1_150' title='bbox 452 1248 751 1297; x_wconf 75' lang='grc' dir='ltr'><em>Καππαδοκῶν,</em></span> <span class='ocrx_word' id='word_1_151' title='bbox 781 1246 823 1296; x_wconf 81' lang='grc' dir='ltr'>ὃς</span> <span class='ocrx_word' id='word_1_152' title='bbox 851 1251 1013 1301; x_wconf 79' lang='grc' dir='ltr'><strong><em>σχίζεται</em></strong></span> <span class='ocrx_word' id='word_1_153' title='bbox 1041 1251 1096 1297; x_wconf 84' lang='grc' dir='ltr'>εἰς</span> <span class='ocrx_word' id='word_1_154' title='bbox 1123 1250 1286 1305; x_wconf 79' lang='grc' dir='ltr'><em>τρισσὴν</em></span> <span class='ocrx_word' id='word_1_155' title='bbox 1313 1251 1424 1304; x_wconf 78' lang='grc' dir='ltr'><em>ὅδὸν,</em></span> <span class='ocrx_word' id='word_1_156' title='bbox 1454 1261 1528 1294; x_wconf 77' lang='lat' dir='ltr'>eto.</span> 
     </span>
    </p>

    <p class='ocr_par' dir='ltr' id='par_1_6' title="bbox 338 1298 1216 1358">
     <span class='ocr_line' id='line_1_21' title="bbox 338 1298 1216 1358; baseline 0.008 -18"><span class='ocrx_word' id='word_1_157' title='bbox 338 1298 465 1349; x_wconf 85' lang='grc' dir='ltr'><em>,Κόνις</em></span> <span class='ocrx_word' id='word_1_158' title='bbox 491 1300 540 1342; x_wconf 64' lang='grc' dir='ltr'>ἰα’</span> <span class='ocrx_word' id='word_1_159' title='bbox 567 1298 695 1342; x_wconf 71' lang='grc' dir='ltr'><em>πάντα</em></span> <span class='ocrx_word' id='word_1_160' title='bbox 723 1303 789 1343; x_wconf 81' lang='grc' dir='ltr'>καὶ</span> <span class='ocrx_word' id='word_1_161' title='bbox 817 1301 926 1353; x_wconf 84' lang='grc' dir='ltr'><strong><em>κόνις</em></strong></span> <span class='ocrx_word' id='word_1_162' title='bbox 958 1303 1032 1346; x_wconf 81' lang='grc' dir='ltr'><em>σῦν</em></span> <span class='ocrx_word' id='word_1_163' title='bbox 1061 1303 1216 1358; x_wconf 78' lang='grc' dir='ltr'><em>ὃὶρμασι,</em></span> 
     </span>
    </p>

    <p class='ocr_par' dir='ltr' id='par_1_7' title="bbox 337 1357 1417 1414">
     <span class='ocr_line' id='line_1_22' title="bbox 337 1357 1417 1414; baseline 0.007 -18"><span class='ocrx_word' id='word_1_164' title='bbox 337 1359 512 1409; x_wconf 84' lang='grc' dir='ltr'><em>Θρῆνοι,</em></span> <span class='ocrx_word' id='word_1_165' title='bbox 541 1358 767 1411; x_wconf 77' lang='grc' dir='ltr'><em>στεναγμοὶ,</em></span> <span class='ocrx_word' id='word_1_166' title='bbox 800 1357 1036 1414; x_wconf 79' lang='grc' dir='ltr'><em>πράκτορες.</em></span> <span class='ocrx_word' id='word_1_167' title='bbox 1067 1362 1263 1414; x_wconf 76' lang='grc' dir='ltr'><em>στρέβλαι,</em></span> <span class='ocrx_word' id='word_1_168' title='bbox 1292 1361 1417 1410; x_wconf 81' lang='grc' dir='ltr'><strong><em>πέδαι,</em></strong></span> 
     </span>
    </p>

    <p class='ocr_par' dir='ltr' id='par_1_8' title="bbox 334 1409 1219 1469">
     <span class='ocr_line' id='line_1_23' title="bbox 334 1409 1219 1469; baseline 0.008 -18"><span class='ocrx_word' id='word_1_169' title='bbox 334 1411 444 1459; x_wconf 88' lang='grc' dir='ltr'><em>Λαὸς</em></span> <span class='ocrx_word' id='word_1_170' title='bbox 476 1409 517 1452; x_wconf 84' lang='grc' dir='ltr'>δ’</span> <span class='ocrx_word' id='word_1_171' title='bbox 545 1410 632 1453; x_wconf 76' lang='grc' dir='ltr'><em>ὅσοι</em></span> <span class='ocrx_word' id='word_1_172' title='bbox 665 1413 769 1462; x_wconf 78' lang='grc' dir='ltr'><em>ξένοι</em></span> <span class='ocrx_word' id='word_1_173' title='bbox 796 1430 836 1454; x_wconf 84' lang='grc' dir='ltr'>τε</span> <span class='ocrx_word' id='word_1_174' title='bbox 863 1416 929 1456; x_wconf 79' lang='grc' dir='ltr'>καὶ</span> <span class='ocrx_word' id='word_1_175' title='bbox 957 1413 1219 1469; x_wconf 72' lang='grc' dir='ltr'><em>πλανώμενοι,</em></span> 
     </span>
    </p>

    <p class='ocr_par' dir='ltr' id='par_1_9' title="bbox 335 1464 1128 1522">
     <span class='ocr_line' id='line_1_24' title="bbox 335 1464 1128 1522; baseline 0.006 -17"><span class='ocrx_word' id='word_1_176' title='bbox 335 1464 450 1518; x_wconf 78' lang='grc' dir='ltr'>Αῧτη</span> <span class='ocrx_word' id='word_1_177' title='bbox 477 1470 664 1519; x_wconf 86' lang='grc' dir='ltr'><em>Σασίμων</em></span> <span class='ocrx_word' id='word_1_178' title='bbox 691 1472 771 1508; x_wconf 74' lang='grc' dir='ltr'><em>ταῖν</em></span> <span class='ocrx_word' id='word_1_179' title='bbox 799 1470 904 1522; x_wconf 79' lang='grc' dir='ltr'><em>ἒμοῖν</em></span> <span class='ocrx_word' id='word_1_180' title='bbox 932 1471 1128 1522; x_wconf 79' lang='grc' dir='ltr'><em>ἐκκλησία.</em></span> 
     </span>
    </p>

    <p class='ocr_par' dir='ltr' id='par_1_10' title="bbox 333 1522 1166 1574">
     <span class='ocr_line' id='line_1_25' title="bbox 333 1522 1166 1574; baseline 0.005 -14"><span class='ocrx_word' id='word_1_181' title='bbox 333 1522 382 1560; x_wconf 86' lang='lat' dir='ltr'>In</span> <span class='ocrx_word' id='word_1_182' title='bbox 410 1525 542 1574; x_wconf 78' lang='lat' dir='ltr'>regiae</span> <span class='ocrx_word' id='word_1_183' title='bbox 569 1523 695 1560; x_wconf 84' lang='lat' dir='ltr'>medio</span> <span class='ocrx_word' id='word_1_184' title='bbox 724 1527 812 1562; x_wconf 74' lang='lat' dir='ltr'>viae</span> <span class='ocrx_word' id='word_1_185' title='bbox 841 1533 898 1563; x_wconf 83' lang='lat' dir='ltr'>est</span> <span class='ocrx_word' id='word_1_186' title='bbox 924 1528 1034 1564; x_wconf 78' lang='lat' dir='ltr'>vicus</span> <span class='ocrx_word' id='word_1_187' title='bbox 1061 1529 1166 1564; x_wconf 79' lang='lat' dir='ltr'>sicus</span> 
     </span>
    </p>

    <p class='ocr_par' dir='ltr' id='par_1_11' title="bbox 336 1577 1079 1629">
     <span class='ocr_line' id='line_1_26' title="bbox 336 1577 1079 1629; baseline 0.007 -15"><span class='ocrx_word' id='word_1_188' title='bbox 336 1578 421 1626; x_wconf 77' lang='lat' dir='ltr'>Qui</span> <span class='ocrx_word' id='word_1_189' title='bbox 447 1577 595 1615; x_wconf 79' lang='lat' dir='ltr'>scindit</span> <span class='ocrx_word' id='word_1_190' title='bbox 623 1581 663 1616; x_wconf 85' lang='lat' dir='ltr'>in</span> <span class='ocrx_word' id='word_1_191' title='bbox 693 1587 771 1616; x_wconf 78' lang='lat' dir='ltr'>tres</span> <span class='ocrx_word' id='word_1_192' title='bbox 798 1595 838 1618; x_wconf 84' lang='lat' dir='ltr'>se</span> <span class='ocrx_word' id='word_1_193' title='bbox 864 1583 977 1629; x_wconf 70' lang='lat' dir='ltr'>vias,</span> <span class='ocrx_word' id='word_1_194' title='bbox 1006 1589 1079 1619; x_wconf 80' lang='lat' dir='ltr'>etc.</span> 
     </span>
    </p>

    <p class='ocr_par' dir='ltr' id='par_1_12' title="bbox 331 1633 1422 1686">
     <span class='ocr_line' id='line_1_27' title="bbox 331 1633 1422 1686; baseline 0.005 -18"><span class='ocrx_word' id='word_1_195' title='bbox 331 1633 418 1668; x_wconf 85' lang='lat' dir='ltr'>Hic</span> <span class='ocrx_word' id='word_1_196' title='bbox 445 1642 586 1670; x_wconf 80' lang='lat' dir='ltr'>cuncta</span> <span class='ocrx_word' id='word_1_197' title='bbox 613 1637 821 1684; x_wconf 77' lang='lat' dir='ltr'>strepitus,</span> <span class='ocrx_word' id='word_1_198' title='bbox 846 1638 986 1685; x_wconf 64' lang='lat' dir='ltr'>pulvis</span> <span class='ocrx_word' id='word_1_199' title='bbox 1012 1637 1078 1673; x_wconf 74' lang='lat' dir='ltr'>llic</span> <span class='ocrx_word' id='word_1_200' title='bbox 1107 1650 1197 1673; x_wconf 79' lang='lat' dir='ltr'>cum</span> <span class='ocrx_word' id='word_1_201' title='bbox 1225 1637 1422 1686; x_wconf 70' lang='lat' dir='ltr'>curribus,</span> 
     </span>
    </p>

    <p class='ocr_par' dir='ltr' id='par_1_13' title="bbox 332 1688 1246 1742">
     <span class='ocr_line' id='line_1_28' title="bbox 332 1688 1246 1742; baseline 0.004 -18"><span class='ocrx_word' id='word_1_202' title='bbox 332 1688 548 1736; x_wconf 83' lang='lat' dir='ltr'>Lamenta,</span> <span class='ocrx_word' id='word_1_203' title='bbox 565 1689 712 1739; x_wconf 74' lang='lat' dir='ltr'>fletuS,</span> <span class='ocrx_word' id='word_1_204' title='bbox 743 1693 943 1742; x_wconf 70' lang='lat' dir='ltr'>carnifex,</span> <span class='ocrx_word' id='word_1_205' title='bbox 973 1699 1008 1728; x_wconf 76' lang='lat' dir='ltr'>et</span> <span class='ocrx_word' id='word_1_206' title='bbox 1036 1691 1246 1742; x_wconf 78' lang='lat' dir='ltr'>compedes,</span> 
     </span>
    </p>

    <p class='ocr_par' dir='ltr' id='par_1_14' title="bbox 339 1744 1213 1797">
     <span class='ocr_line' id='line_1_29' title="bbox 339 1744 1213 1797; baseline 0.006 -19"><span class='ocrx_word' id='word_1_207' title='bbox 339 1744 554 1783; x_wconf 80' lang='lat' dir='ltr'>Tormenta.</span> <span class='ocrx_word' id='word_1_208' title='bbox 617 1745 727 1782; x_wconf 77' lang='lat' dir='ltr'>Cives</span> <span class='ocrx_word' id='word_1_209' title='bbox 754 1746 923 1796; x_wconf 72' lang='lat' dir='ltr'>hospites</span> <span class='ocrx_word' id='word_1_210' title='bbox 950 1747 1015 1784; x_wconf 76' lang='lat' dir='ltr'>hic</span> <span class='ocrx_word' id='word_1_211' title='bbox 1043 1754 1078 1783; x_wconf 81' lang='lat' dir='ltr'>et</span> <span class='ocrx_word' id='word_1_212' title='bbox 1106 1749 1213 1797; x_wconf 69' lang='lat' dir='ltr'>vagi.</span> 
     </span>
    </p>

    <p class='ocr_par' dir='ltr' id='par_1_15' title="bbox 332 1798 1235 1841">
     <span class='ocr_line' id='line_1_30' title="bbox 332 1798 1235 1841; baseline 0.007 -8"><span class='ocrx_word' id='word_1_213' title='bbox 332 1799 439 1834; x_wconf 83' lang='lat' dir='ltr'>Erat</span> <span class='ocrx_word' id='word_1_214' title='bbox 466 1798 562 1835; x_wconf 72' lang='lat' dir='ltr'>llaec</span> <span class='ocrx_word' id='word_1_215' title='bbox 588 1812 760 1836; x_wconf 75' lang='lat' dir='ltr'>meorum</span> <span class='ocrx_word' id='word_1_216' title='bbox 789 1803 1032 1838; x_wconf 80' lang='lat' dir='ltr'>Sasimorum</span> <span class='ocrx_word' id='word_1_217' title='bbox 1060 1802 1235 1841; x_wconf 80' lang='lat' dir='ltr'>ecclesia.</span> 
     </span>
    </p>
   </div>
   <div class='ocr_carea' id='block_1_3' title="bbox 221 1861 1646 2082">
    <p class='ocr_par' dir='ltr' id='par_1_16' title="bbox 221 1861 1646 2082">
     <span class='ocr_line' id='line_1_31' title="bbox 221 1861 1646 1918; baseline 0.001 -17"><span class='ocrx_word' id='word_1_218' title='bbox 221 1861 421 1914; x_wconf 78' lang='grc' dir='ltr'><em>Σταθμόν,</em></span> <span class='ocrx_word' id='word_1_219' title='bbox 448 1866 574 1902; x_wconf 74' lang='lat' dir='ltr'>vicum</span> <span class='ocrx_word' id='word_1_220' title='bbox 596 1866 717 1902; x_wconf 88' lang='lat' dir='ltr'>Bilius</span> <span class='ocrx_word' id='word_1_221' title='bbox 746 1868 952 1914; x_wconf 85' lang='lat' dir='ltr'>transtulit,</span> <span class='ocrx_word' id='word_1_222' title='bbox 982 1870 1232 1918; x_wconf 77' lang='lat' dir='ltr'>mansionem,</span> <span class='ocrx_word' id='word_1_223' title='bbox 1261 1869 1324 1904; x_wconf 86' lang='lat' dir='ltr'>vel</span> <span class='ocrx_word' id='word_1_224' title='bbox 1343 1867 1548 1904; x_wconf 66' lang='lat' dir='ltr'>stationem</span> <span class='ocrx_word' id='word_1_225' title='bbox 1575 1879 1646 1903; x_wconf 80' lang='lat' dir='ltr'>ve-</span> 
     </span>
     <span class='ocr_line' id='line_1_32' title="bbox 223 1918 1643 1973; baseline 0.003 -19"><span class='ocrx_word' id='word_1_226' title='bbox 223 1919 302 1955; x_wconf 86' lang='lat' dir='ltr'>rius</span> <span class='ocrx_word' id='word_1_227' title='bbox 332 1918 517 1966; x_wconf 84' lang='lat' dir='ltr'>dixisset3</span> <span class='ocrx_word' id='word_1_228' title='bbox 558 1922 612 1957; x_wconf 88' lang='lat' dir='ltr'>sic</span> <span class='ocrx_word' id='word_1_229' title='bbox 651 1923 756 1958; x_wconf 84' lang='lat' dir='ltr'>enim</span> <span class='ocrx_word' id='word_1_230' title='bbox 791 1922 1028 1959; x_wconf 86' lang='lat' dir='ltr'>efferendam</span> <span class='ocrx_word' id='word_1_231' title='bbox 1065 1930 1158 1973; x_wconf 90' lang='lat' dir='ltr'>puto</span> <span class='ocrx_word' id='word_1_232' title='bbox 1190 1922 1429 1960; x_wconf 83' lang='lat' dir='ltr'>commodius</span> <span class='ocrx_word' id='word_1_233' title='bbox 1459 1935 1546 1958; x_wconf 90' lang='lat' dir='ltr'>eam</span> <span class='ocrx_word' id='word_1_234' title='bbox 1572 1934 1643 1958; x_wconf 82' lang='lat' dir='ltr'>vo-</span> 
     </span>
     <span class='ocr_line' id='line_1_33' title="bbox 223 1974 1643 2029; baseline 0.003 -20"><span class='ocrx_word' id='word_1_235' title='bbox 223 1986 327 2021; x_wconf 90' lang='lat' dir='ltr'>cem,</span> <span class='ocrx_word' id='word_1_236' title='bbox 371 1988 460 2011; x_wconf 88' lang='lat' dir='ltr'>cum</span> <span class='ocrx_word' id='word_1_237' title='bbox 498 1974 546 2011; x_wconf 89' lang='lat' dir='ltr'>de</span> <span class='ocrx_word' id='word_1_238' title='bbox 581 1976 740 2014; x_wconf 89' lang='lat' dir='ltr'>urbibus</span> <span class='ocrx_word' id='word_1_239' title='bbox 778 1979 842 2014; x_wconf 87' lang='lat' dir='ltr'>vel</span> <span class='ocrx_word' id='word_1_240' title='bbox 870 1977 1021 2029; x_wconf 86' lang='lat' dir='ltr'>oppidis</span> <span class='ocrx_word' id='word_1_241' title='bbox 1058 1979 1126 2015; x_wconf 90' lang='lat' dir='ltr'>ubi</span> <span class='ocrx_word' id='word_1_242' title='bbox 1163 1979 1314 2016; x_wconf 87' lang='lat' dir='ltr'>stabula</span> <span class='ocrx_word' id='word_1_243' title='bbox 1342 1977 1643 2016; x_wconf 79' lang='lat' dir='ltr'>veredariorium</span> 
     </span>
     <span class='ocr_line' id='line_1_34' title="bbox 222 2031 789 2082; baseline 0.009 -18"><span class='ocrx_word' id='word_1_244' title='bbox 222 2036 355 2076; x_wconf 86' lang='lat' dir='ltr'>erant,</span> <span class='ocrx_word' id='word_1_245' title='bbox 386 2037 537 2068; x_wconf 84' lang='lat' dir='ltr'>autores</span> <span class='ocrx_word' id='word_1_246' title='bbox 564 2031 789 2082; x_wconf 87' lang='lat' dir='ltr'>loquuntur.</span> 
     </span>
    </p>
   </div>
   <div class='ocr_carea' id='block_1_4' title="bbox 209 2095 1644 2769">
    <p class='ocr_par' dir='ltr' id='par_1_17' title="bbox 209 2095 1644 2595">
     <span class='ocr_line' id='line_1_35' title="bbox 328 2095 1643 2148; baseline 0.001 -16"><span class='ocrx_word' id='word_1_247' title='bbox 328 2096 374 2132; x_wconf 89' lang='lat' dir='ltr'>P·</span> <span class='ocrx_word' id='word_1_248' title='bbox 409 2097 503 2142; x_wconf 87' lang='lat'>161,</span> <span class='ocrx_word' id='word_1_249' title='bbox 537 2097 601 2137; x_wconf 84' lang='lat'>15.</span> <span class='ocrx_word' id='word_1_250' title='bbox 658 2099 790 2148; x_wconf 81' lang='lat' dir='ltr'>Equis</span> <span class='ocrx_word' id='word_1_251' title='bbox 826 2111 945 2148; x_wconf 84' lang='lat' dir='ltr'>quam</span> <span class='ocrx_word' id='word_1_252' title='bbox 980 2100 1313 2136; x_wconf 78' lang='lat' dir='ltr'>exercitatissimis</span> <span class='ocrx_word' id='word_1_253' title='bbox 1347 2098 1443 2136; x_wconf 83' lang='lat' dir='ltr'>aliis</span> <span class='ocrx_word' id='word_1_254' title='bbox 1476 2095 1643 2134; x_wconf 83' lang='lat' dir='ltr'>aliunde</span> 
     </span>
     <span class='ocr_line' id='line_1_36' title="bbox 216 2148 1642 2204; baseline 0.004 -19"><span class='ocrx_word' id='word_1_255' title='bbox 216 2148 515 2187; x_wconf 80' lang='lat' dir='ltr'>succedentibus</span> <span class='ocrx_word' id='word_1_256' title='bbox 536 2151 749 2203; x_wconf 69' lang='lat' dir='ltr'>serantur]</span> <span class='ocrx_word' id='word_1_257' title='bbox 792 2153 978 2203; x_wconf 87' lang='lat' dir='ltr'>Synesius</span> <span class='ocrx_word' id='word_1_258' title='bbox 1019 2156 1128 2204; x_wconf 89' lang='lat' dir='ltr'>epist.</span> <span class='ocrx_word' id='word_1_259' title='bbox 1158 2156 1249 2195; x_wconf 78' lang='lat'>132.</span> <span class='ocrx_word' id='word_1_260' title='bbox 1291 2149 1420 2200; x_wconf 83' lang='grc' dir='ltr'><em>ου’δεὶς</em></span> <span class='ocrx_word' id='word_1_261' title='bbox 1455 2151 1642 2204; x_wconf 81' lang='grc' dir='ltr'><em>βασιλέως</em></span> 
     </span>
     <span class='ocr_line' id='line_1_37' title="bbox 217 2199 1639 2260; baseline 0.004 -18"><span class='ocrx_word' id='word_1_262' title='bbox 217 2199 501 2256; x_wconf 65' lang='grc' dir='ltr'><em>ἀγγελιαφόρος</em></span> <span class='ocrx_word' id='word_1_263' title='bbox 529 2207 721 2256; x_wconf 81' lang='grc' dir='ltr'><em>δημοσίαν</em></span> <span class='ocrx_word' id='word_1_264' title='bbox 749 2208 871 2248; x_wconf 80' lang='grc' dir='ltr'><em>ἵππον</em></span> <span class='ocrx_word' id='word_1_265' title='bbox 901 2205 1071 2259; x_wconf 63' lang='grc' dir='ltr'><em>ἀμείβων</em></span> <span class='ocrx_word' id='word_1_266' title='bbox 1102 2209 1214 2257; x_wconf 74' lang='grc' dir='ltr'><em>ἔξεισι</em></span> <span class='ocrx_word' id='word_1_267' title='bbox 1241 2211 1310 2260; x_wconf 84' lang='grc' dir='ltr'>τῆς</span> <span class='ocrx_word' id='word_1_268' title='bbox 1334 2205 1494 2255; x_wconf 82' lang='grc' dir='ltr'><em>πόλεως,</em></span> <span class='ocrx_word' id='word_1_269' title='bbox 1524 2202 1557 2260; x_wconf 68' lang='grc' dir='ltr'><em>ᾧ</em></span> <span class='ocrx_word' id='word_1_270' title='bbox 1585 2206 1639 2259; x_wconf 80' lang='grc' dir='ltr'><em>μή</em></span> 
     </span>
     <span class='ocr_line' id='line_1_38' title="bbox 215 2256 1640 2316; baseline 0.003 -19"><span class='ocrx_word' id='word_1_271' title='bbox 215 2256 264 2297; x_wconf 77' lang='grc' dir='ltr'>τοὶ</span> <span class='ocrx_word' id='word_1_272' title='bbox 292 2256 387 2311; x_wconf 82' lang='grc' dir='ltr'>πρός</span> <span class='ocrx_word' id='word_1_273' title='bbox 419 2257 490 2309; x_wconf 74' lang='grc' dir='ltr'><em>τήν</em></span> <span class='ocrx_word' id='word_1_274' title='bbox 519 2259 594 2311; x_wconf 74' lang='grc' dir='ltr'><em>σήν</em></span> <span class='ocrx_word' id='word_1_275' title='bbox 626 2259 826 2314; x_wconf 82' lang='grc' dir='ltr'><em>λογιότητα</em></span> <span class='ocrx_word' id='word_1_276' title='bbox 861 2262 976 2316; x_wconf 81' lang='grc' dir='ltr'><em>μέρος</em></span> <span class='ocrx_word' id='word_1_277' title='bbox 1004 2265 1149 2316; x_wconf 85' lang='grc' dir='ltr'><em>γίνεται</em></span> <span class='ocrx_word' id='word_1_278' title='bbox 1177 2267 1247 2304; x_wconf 81' lang='grc' dir='ltr'>τοῦ</span> <span class='ocrx_word' id='word_1_279' title='bbox 1274 2261 1437 2305; x_wconf 82' lang='grc' dir='ltr'><em>κατόπιν</em></span> <span class='ocrx_word' id='word_1_280' title='bbox 1465 2263 1640 2315; x_wconf 84' lang='grc' dir='ltr'><em>φορτίου.</em></span> 
     </span>
     <span class='ocr_line' id='line_1_39' title="bbox 217 2314 1642 2370; baseline 0.004 -21"><span class='ocrx_word' id='word_1_281' title='bbox 217 2314 372 2351; x_wconf 77' lang='lat' dir='ltr'>Nullas</span> <span class='ocrx_word' id='word_1_282' title='bbox 407 2316 656 2365; x_wconf 79' lang='lat' dir='ltr'>imperatoris</span> <span class='ocrx_word' id='word_1_283' title='bbox 694 2317 919 2355; x_wconf 68' lang='lat' dir='ltr'>veredarius</span> <span class='ocrx_word' id='word_1_284' title='bbox 947 2333 1091 2370; x_wconf 77' lang='lat' dir='ltr'>equam</span> <span class='ocrx_word' id='word_1_285' title='bbox 1122 2319 1329 2369; x_wconf 82' lang='lat' dir='ltr'>publicum</span> <span class='ocrx_word' id='word_1_286' title='bbox 1362 2326 1523 2356; x_wconf 71' lang='lat' dir='ltr'>mutans</span> <span class='ocrx_word' id='word_1_287' title='bbox 1549 2318 1642 2355; x_wconf 84' lang='lat' dir='ltr'>urbe</span> 
     </span>
     <span class='ocr_line' id='line_1_40' title="bbox 209 2369 1644 2425; baseline 0.003 -20"><span class='ocrx_word' id='word_1_288' title='bbox 209 2369 493 2420; x_wconf 77' lang='lat' dir='ltr'>proficiscitur,</span> <span class='ocrx_word' id='word_1_289' title='bbox 522 2373 590 2407; x_wconf 83' lang='lat' dir='ltr'>cui</span> <span class='ocrx_word' id='word_1_290' title='bbox 615 2387 692 2410; x_wconf 85' lang='lat' dir='ltr'>non</span> <span class='ocrx_word' id='word_1_291' title='bbox 711 2373 929 2410; x_wconf 77' lang='lat' dir='ltr'>humeralis</span> <span class='ocrx_word' id='word_1_292' title='bbox 956 2377 1137 2411; x_wconf 85' lang='lat' dir='ltr'>sarcinae</span> <span class='ocrx_word' id='word_1_293' title='bbox 1159 2389 1259 2425; x_wconf 74' lang='lat' dir='ltr'>pars</span> <span class='ocrx_word' id='word_1_294' title='bbox 1286 2375 1427 2425; x_wconf 85' lang='lat' dir='ltr'>aliqua</span> <span class='ocrx_word' id='word_1_295' title='bbox 1453 2375 1508 2410; x_wconf 80' lang='lat' dir='ltr'>sit</span> <span class='ocrx_word' id='word_1_296' title='bbox 1533 2372 1644 2424; x_wconf 78' lang='lat' dir='ltr'>quod</span> 
     </span>
     <span class='ocr_line' id='line_1_41' title="bbox 215 2423 1639 2481; baseline 0.004 -21"><span class='ocrx_word' id='word_1_297' title='bbox 215 2423 276 2460; x_wconf 81' lang='lat' dir='ltr'>ad</span> <span class='ocrx_word' id='word_1_298' title='bbox 299 2423 556 2462; x_wconf 80' lang='lat' dir='ltr'>eruditionem</span> <span class='ocrx_word' id='word_1_299' title='bbox 582 2434 691 2464; x_wconf 83' lang='lat' dir='ltr'>tuam</span> <span class='ocrx_word' id='word_1_300' title='bbox 716 2431 899 2466; x_wconf 78' lang='lat' dir='ltr'>mittitur.</span> <span class='ocrx_word' id='word_1_301' title='bbox 954 2431 1039 2467; x_wconf 89' lang='lat' dir='ltr'>Non</span> <span class='ocrx_word' id='word_1_302' title='bbox 1068 2431 1196 2467; x_wconf 91' lang='lat' dir='ltr'>solum</span> <span class='ocrx_word' id='word_1_303' title='bbox 1225 2431 1333 2481; x_wconf 91' lang='lat' dir='ltr'>equis</span> <span class='ocrx_word' id='word_1_304' title='bbox 1363 2442 1518 2466; x_wconf 84' lang='lat' dir='ltr'>cursum</span> <span class='ocrx_word' id='word_1_305' title='bbox 1545 2441 1639 2466; x_wconf 90' lang='lat' dir='ltr'>con-</span> 
     </span>
     <span class='ocr_line' id='line_1_42' title="bbox 215 2478 1636 2533; baseline 0.005 -18"><span class='ocrx_word' id='word_1_306' title='bbox 215 2478 410 2527; x_wconf 88' lang='lat' dir='ltr'>ficiebant,</span> <span class='ocrx_word' id='word_1_307' title='bbox 439 2480 508 2518; x_wconf 91' lang='lat' dir='ltr'>sed</span> <span class='ocrx_word' id='word_1_308' title='bbox 538 2484 722 2532; x_wconf 89' lang='lat' dir='ltr'>curribus,</span> <span class='ocrx_word' id='word_1_309' title='bbox 753 2491 795 2522; x_wconf 89' lang='lat' dir='ltr'>ut</span> <span class='ocrx_word' id='word_1_310' title='bbox 822 2485 1054 2522; x_wconf 87' lang='lat' dir='ltr'>Nazianzeni</span> <span class='ocrx_word' id='word_1_311' title='bbox 1080 2486 1188 2523; x_wconf 84' lang='lat' dir='ltr'>locus</span> <span class='ocrx_word' id='word_1_312' title='bbox 1217 2484 1396 2533; x_wconf 88' lang='lat' dir='ltr'>ostendit,</span> <span class='ocrx_word' id='word_1_313' title='bbox 1426 2491 1464 2522; x_wconf 91' lang='lat' dir='ltr'>et</span> <span class='ocrx_word' id='word_1_314' title='bbox 1492 2482 1636 2532; x_wconf 82' lang='lat' dir='ltr'>rhedis,</span> 
     </span>
     <span class='ocr_line' id='line_1_43' title="bbox 215 2533 1061 2595; baseline 0.005 -23"><span class='ocrx_word' id='word_1_315' title='bbox 215 2533 320 2572; x_wconf 89' lang='lat' dir='ltr'>unde</span> <span class='ocrx_word' id='word_1_316' title='bbox 349 2535 494 2573; x_wconf 81' lang='lat' dir='ltr'>veredi.</span> <span class='ocrx_word' id='word_1_317' title='bbox 1055 2588 1061 2595; x_wconf 86' lang='lat'>.</span> 
     </span>
    </p>

    <p class='ocr_par' dir='ltr' id='par_1_18' title="bbox 211 2599 1635 2769">
     <span class='ocr_line' id='line_1_44' title="bbox 323 2599 1635 2658; baseline 0.003 -18"><span class='ocrx_word' id='word_1_318' title='bbox 323 2601 368 2636; x_wconf 88' lang='lat' dir='ltr'>P·</span> <span class='ocrx_word' id='word_1_319' title='bbox 394 2599 483 2648; x_wconf 81' lang='lat'>164,</span> <span class='ocrx_word' id='word_1_320' title='bbox 508 2605 546 2642; x_wconf 86' lang='lat'>3.</span> <span class='ocrx_word' id='word_1_321' title='bbox 602 2604 886 2655; x_wconf 84' lang='grc' dir='ltr'><em>Πορφυρίωνα]</em></span> <span class='ocrx_word' id='word_1_322' title='bbox 916 2603 1172 2643; x_wconf 81' lang='lat' dir='ltr'>scribendum</span> <span class='ocrx_word' id='word_1_323' title='bbox 1190 2607 1462 2658; x_wconf 77' lang='grc' dir='ltr'><em>πορφυρεῶνα,</em></span> <span class='ocrx_word' id='word_1_324' title='bbox 1489 2612 1533 2644; x_wconf 85' lang='lat' dir='ltr'>ut</span> <span class='ocrx_word' id='word_1_325' title='bbox 1552 2607 1635 2644; x_wconf 76' lang='lat' dir='ltr'>eius</span> 
     </span>
     <span class='ocr_line' id='line_1_45' title="bbox 211 2655 1633 2711; baseline 0.008 -21"><span class='ocrx_word' id='word_1_326' title='bbox 211 2655 304 2704; x_wconf 84' lang='lat' dir='ltr'>pagi</span> <span class='ocrx_word' id='word_1_327' title='bbox 338 2657 508 2707; x_wconf 88' lang='lat' dir='ltr'>episcopi</span> <span class='ocrx_word' id='word_1_328' title='bbox 535 2658 576 2693; x_wconf 88' lang='lat' dir='ltr'>in</span> <span class='ocrx_word' id='word_1_329' title='bbox 605 2660 698 2694; x_wconf 85' lang='lat' dir='ltr'>actis</span> <span class='ocrx_word' id='word_1_330' title='bbox 725 2659 919 2708; x_wconf 85' lang='lat' dir='ltr'>synodicis</span> <span class='ocrx_word' id='word_1_331' title='bbox 947 2661 1204 2698; x_wconf 86' lang='lat' dir='ltr'>subscribunt.</span> <span class='ocrx_word' id='word_1_332' title='bbox 1260 2662 1330 2698; x_wconf 88' lang='lat' dir='ltr'>Est</span> <span class='ocrx_word' id='word_1_333' title='bbox 1358 2674 1501 2699; x_wconf 89' lang='lat' dir='ltr'>nomen</span> <span class='ocrx_word' id='word_1_334' title='bbox 1528 2675 1633 2711; x_wconf 83' lang='grc' dir='ltr'><em>περι-</em></span> 
     </span>
     <span class='ocr_line' id='line_1_46' title="bbox 211 2705 1631 2769; baseline 0.004 -21"><span class='ocrx_word' id='word_1_335' title='bbox 211 2705 376 2750; x_wconf 84' lang='grc' dir='ltr'><em>εκτικόν.</em></span> <span class='ocrx_word' id='word_1_336' title='bbox 430 2712 491 2750; x_wconf 89' lang='lat' dir='ltr'>Ibi</span> <span class='ocrx_word' id='word_1_337' title='bbox 528 2712 689 2751; x_wconf 82' lang='lat' dir='ltr'>fortasse</span> <span class='ocrx_word' id='word_1_338' title='bbox 718 2715 831 2766; x_wconf 88' lang='lat' dir='ltr'>Tyrii</span> <span class='ocrx_word' id='word_1_339' title='bbox 857 2729 1048 2767; x_wconf 82' lang='lat' dir='ltr'>purpuras</span> <span class='ocrx_word' id='word_1_340' title='bbox 1075 2716 1333 2769; x_wconf 81' lang='lat' dir='ltr'>piscabantur.</span> <span class='ocrx_word' id='word_1_341' title='bbox 1390 2718 1436 2754; x_wconf 84' lang='lat' dir='ltr'>In</span> <span class='ocrx_word' id='word_1_342' title='bbox 1471 2716 1631 2768; x_wconf 70' lang='lat' dir='ltr'>epistola</span> 
     </span>
    </p>
   </div>
  </div>
 </body>
</html>
