1858 3126
303 145 399 190 230
884 147 1142 189 PROCOPII

302 251 520 311 κρεμάσας,
549 254 602 306 ὥς
621 256 677 309 μὴ
696 254 948 312 ἐκτρέπεσθαι
968 259 1039 308 τῆς
1067 253 1162 296 ὅδοῦ
1187 252 1342 299 δύναιτο
1354 287 1366 308 ,
1400 258 1464 300 καὶ
1484 258 1554 312 τὴν
1567 258 1703 315 χρείαν

301 327 350 378 τῇ
371 321 476 364 πόλει
493 322 665 364 ἐσώσατο
683 324 749 364 καὶ
770 323 881 370 δέους
901 322 1022 375 αὐτὴν
1036 325 1108 363 τοῦ
1125 323 1276 365 ἐνθένδε
1297 323 1526 377 ἀπήλλαξεν.
1592 324 1703 381 ἐτύγ-

251 400 283 434 1)
297 406 392 443 χανε
424 390 466 431 δὲ
491 389 535 430 τὸ
563 389 748 442 Ἐδέσσης
771 395 894 440 τεΐχος
915 390 978 430 καὶ
1000 388 1253 444 προτείχισμα
1281 390 1392 432 οὗδέν
1419 409 1458 433 τι
1486 386 1607 445 ἧσσον
1636 393 1702 434 διὰ

296 454 441 509 χρόνου
471 459 596 508 μῆκος
627 457 667 496 ἓν
698 461 780 503 τοῖς
809 455 987 510 ἐρειπίοις
1018 453 1250 507 ταττόμενον
1279 456 1321 496 ἐκ
1350 461 1421 498 τοῦ
1452 459 1701 500 ἔπιπλεῖστον.

299 523 360 562 διὸ
384 521 432 574 δὴ
457 521 578 576 ἄμφω
600 519 1002 574 ἀνοικοδομησάμενος
1015 521 1219 574 βασιλεὺς,
1254 522 1321 563 νέα
1337 539 1378 564 τε
1398 523 1499 566 αὐτὰ
1516 523 1733 578 κατεστή-5

297 604 396 628 σατο
427 589 492 628 καὶ
526 590 658 642 πολλῷ
685 586 905 644 ἐχυρώτερα
932 587 959 641 ἢ
989 586 1178 644 πρότερον
1205 582 1266 642 ἦν.
1330 595 1450 646 μοῖρα
1478 591 1523 632 δέ
1546 607 1605 640 τις
1633 595 1705 633 τοῦ

292 653 478 705 Ἐδέσσης
505 652 713 707 περιβόλου
740 652 928 709 φρούριον
947 654 1149 708 κέκτηται,
1182 648 1230 708 ἧς
1255 653 1304 707 δὴ
1327 653 1508 697 ἴκτοσθέν
1529 674 1588 706 τις
1607 659 1704 699 ἔπα-

296 717 468 772 νεστήκει
487 717 610 774 λόφος
629 718 682 768 ὡς
700 722 957 774 πλησιαίτατα
978 719 1207 776 ὑποκειμένῃ
1229 719 1445 763 ἐπικόπτων
1467 722 1638 765 ἐνταῦθα
1654 729 1703 780 τῇ

295 783 425 826 πόλει·
456 782 571 841 ὅνπερ
595 787 636 826 ἐκ
661 790 830 828 παλαιοῦ
846 787 1130 840 καταλαβόντες
1148 788 1427 839 διατειχίσματι
1453 788 1490 829 οἱ
1509 788 1705 845 ἐπιχώριοι

296 852 404 900 ἐντὸς
425 855 496 893 τοῦ
515 850 723 907 περιβόλου
744 854 990 907 πεποίηνται,
1025 851 1079 902 ὥς
1097 854 1154 908 μὴ
1178 855 1366 907 ἐπίμαχον
1389 856 1516 908 ποιοίη
1541 856 1612 909 τὴν
1629 855 1702 898 πό·
1715 862 1758 896 10

293 921 366 959 λιν.
432 917 534 959 ἀλλὰ
563 917 684 973 ταύτῃ
709 919 1000 976 ἐπιμαχωτέραν
1021 920 1142 973 αὗτὴν
1171 919 1378 976 παραπυλύ
1399 921 1704 977 ἀπειργάσαντο·

292 985 537 1036 διατείχισμα
557 984 631 1039 γὰρ
659 983 712 1033 ὥς
735 985 982 1041 βραχίτατον
999 986 1060 1027 ἐπὶ
1081 990 1137 1042 τῷ
1156 986 1424 1044 ἄνατεταμένῳ
1443 992 1512 1041 τῆς
1535 993 1607 1042 γῆς
1626 989 1704 1030 κεί-

289 1067 406 1102 μενον
436 1051 500 1090 καὶ
518 1052 739 1106 παιδαρίοις
763 1053 1012 1106 τειχομαχίαν
1032 1054 1289 1105 ε’μμελετῶσιν
1312 1051 1508 1106 ἁλώσιμον
1530 1049 1591 1108 ἦν.
1658 1049 1705 1097 οὗ

171 1123 201 1156 P
224 1121 269 1158 42
292 1117 342 1168 δὴ
367 1116 523 1156 ἐνθένδε
548 1117 824 1171 καθῃρημένου
845 1120 972 1173 ἕτερον
991 1119 1032 1159 ἓν
1051 1124 1097 1173 τῇ
1119 1118 1235 1173 ὄρους
1251 1117 1448 1175 ὑπερβολῇ
1469 1127 1593 1173 τεῖχος
1615 1121 1704 1163 ἀνέ-

290 1199 386 1235 στη,
415 1181 692 1223 Ἰουστινιανοῦ
718 1185 911 1235 βασιλέως
940 1183 1184 1237 διαπόνημα,
1218 1186 1306 1233 δέος
1327 1186 1398 1237 μὲν
1426 1188 1467 1235 ἐξ
1493 1188 1703 1237 ἐπιθέσεως
1714 1194 1755 1229 15

289 1246 520 1303 καθύπερθε
545 1249 801 1302 γενησομένης
824 1249 978 1303 οὐδαμῆ
998 1249 1106 1302 ἕχον,
1137 1255 1447 1304 συγκαταβαΐνον
1465 1254 1509 1293 δὲ
1529 1258 1575 1308 τῇ
1594 1251 1704 1294 ὕπω-

289 1316 374 1373 ρεία
400 1315 514 1370 μέχρι
548 1315 588 1364 ἐς
613 1315 658 1356 τὸ
688 1316 831 1371 πρανὲς
860 1314 1102 1372 ἑκατέρωθεν
1131 1318 1197 1358 καὶ
1227 1321 1284 1375 τῷ
1309 1315 1504 1376 περιβόλῳ
1534 1319 1703 1376 ἐναρμο-

288 1380 458 1434 ζόμενον.

412 1448 531 1490 Ἀλλὰ
551 1447 630 1502 μὴν
651 1450 716 1490 καὶ
734 1450 907 1504 Καρρῶν
930 1450 995 1490 καὶ
1019 1449 1254 1490 Καλλινίκου
1279 1446 1429 1500 πόλεως
1456 1447 1506 1492 τά
1527 1468 1567 1494 τε
1596 1453 1700 1506 τείχη

287 1515 353 1555 καὶ
373 1515 422 1555 τὰ
442 1517 747 1571 προτειχίσματα
765 1516 966 1567 καθελὼν,
997 1515 1094 1571 ἅπερ
1119 1515 1139 1556 ὃ
1164 1515 1286 1564 πολὺς
1306 1516 1402 1558 αι’ὡν
1424 1519 1570 1569 μεταξὺ
1591 1518 1699 1574 ἓπιρ-
1710 1523 1755 1557 20

285 1579 430 1635 ρεύσας
461 1582 680 1637 διέφθειρε,
714 1587 833 1623 τανῦν
866 1582 1067 1639 ἀκραιφνῆ
1095 1580 1428 1638 ἀπεργασάμενος,
1462 1583 1703 1637 ἀμαχώτατα

285 1645 562 1700 κατεστήσατο.
629 1647 682 1688 ἔτι
709 1650 840 1701 μέντοι
870 1651 934 1689 καὶ
957 1647 1167 1704 φρούριον,
1202 1649 1224 1689 ὃ
1244 1650 1283 1690 ἓν
1304 1647 1477 1699 Βάτναις
1495 1645 1564 1703 ἦν,
1599 1651 1703 1692 ἀτεί-

281 1712 417 1765 χιστόν
444 1730 482 1754 τε
510 1715 573 1754 καὶ
594 1714 887 1768 ἀπημελημένον
909 1715 958 1755 τὰ
979 1714 1150 1769 πρότερα
1167 1713 1230 1765 ὃν,
1263 1716 1426 1767 τείχεσιν
1446 1716 1703 1773 ἓχυρωτάτοις

231 1790 261 1824 Β
283 1779 504 1835 περιβαλών
531 1781 570 1828 ἐς
587 1781 654 1821 τὸν
670 1785 738 1822 νῦν
761 1779 993 1836 φαινόμενον
1009 1779 1212 1835 μετήνεγκε
1228 1779 1387 1834 κόσμον.

415 1845 467 1899 η’.
537 1850 675 1888 Ταῦτα
696 1847 768 1899 μὲν
789 1842 858 1888 οὖν
876 1846 1020 1904 τρόπῳ,
1051 1842 1153 1903 ᾧπέρ
1176 1863 1245 1900 μοι
1262 1847 1428 1903 ἐρρήθη,
1462 1849 1528 1890 ἐπί
1545 1866 1586 1891 τε
1605 1851 1752 1893 Με-25

283 1913 527 1965 σοποταμίας
559 1915 623 1954 καὶ
649 1913 864 1970 Ὀσροηνῆς
893 1918 964 1968 τῆς
998 1915 1238 1968 καλουμένης
1260 1914 1519 1973 Ἰουστινιανῷ
1548 1920 1709 1968 βασιλεῖ

282 2020 377 2050 tento
393 2016 537 2051 civitatis
554 2018 742 2060 commodo,
765 2022 883 2052 metum
898 2018 1031 2053 amovit.
1077 2019 1125 2052 Et
1139 2018 1290 2062 quoniam
1307 2018 1492 2052 interiorem
1507 2019 1632 2063 pariter
1646 2024 1700 2053 at-

281 2071 348 2104 que
371 2062 562 2094 exteriorem
578 2063 726 2095 Edessae
742 2075 863 2096 murum
879 2068 1029 2097 vetustas
1047 2063 1113 2096 late
1136 2065 1300 2106 fregerat,
1323 2067 1496 2106 utrumque
1521 2064 1701 2107 imperator

280 2115 369 2137 nova
383 2116 423 2137 ac
439 2107 538 2138 multo
554 2106 703 2139 validiori
719 2107 843 2140 fabrica
858 2107 989 2141 refecit.
1036 2108 1213 2141 Castellum
1229 2107 1327 2140 habet
1341 2107 1503 2140 Edesseni
1518 2108 1599 2141 muri
1622 2119 1700 2152 pars

282 2149 462 2192 quaedam,
491 2154 585 2182 extra
607 2162 702 2194 quam
727 2152 815 2185 collis
839 2152 1015 2195 surgebat,
1044 2152 1117 2185 urbi
1142 2152 1308 2185 subiectae
1332 2151 1498 2195 proximae
1524 2151 1699 2186 imminens.

281 2193 368 2226 Eum
384 2194 458 2226 olim
473 2199 568 2238 septo
583 2195 741 2239 complexi
759 2196 951 2239 indigenae,
974 2197 1098 2229 ambitu
1118 2197 1207 2229 urbis
1221 2196 1436 2237 incluserant,
1458 2207 1499 2229 ne
1513 2195 1588 2229 illac
1602 2197 1699 2230 facile

282 2242 370 2270 esset
383 2238 468 2270 hosti
484 2250 707 2282 perrumpere.
744 2241 868 2274 Verum
883 2241 1040 2274 eiusmodi
1054 2251 1154 2285 opere
1170 2241 1280 2273 urbem
1296 2240 1397 2273 multo
1414 2241 1513 2284 magis
1528 2252 1697 2285 expugna-

281 2281 379 2314 bilem
394 2283 552 2316 fecerunt.
599 2284 681 2317 Cum
697 2286 779 2318 enim
794 2296 902 2318 murus
917 2286 971 2318 ille
986 2291 1075 2318 esset
1098 2285 1290 2318 humillimus
1311 2290 1346 2318 et
1367 2290 1559 2329 exporrecto
1574 2286 1607 2318 in
1621 2287 1696 2319 loco

281 2326 365 2359 situs
377 2352 387 2370 ‚
418 2327 472 2359 vel
494 2338 514 2359 a
538 2328 648 2371 pueris
672 2329 795 2362 ludicra
810 2329 1052 2373 oppugnatione
1067 2341 1103 2363 se
1118 2329 1347 2362 exercentibus
1367 2330 1440 2373 capi
1457 2334 1596 2373 poterat.
1642 2330 1695 2363 Eo

282 2370 400 2413 diruto,
424 2371 559 2405 alterum
576 2372 609 2405 in
625 2374 750 2407 vertice
766 2375 884 2407 montis
899 2374 1097 2408 lustinianus
1113 2377 1196 2417 Aug*
1212 2373 1378 2407 excitavit.
1424 2374 1456 2406 Is
1471 2374 1587 2407 nullam
1602 2373 1696 2408 timet

283 2426 326 2447 ex
343 2415 502 2459 superiori
526 2417 599 2453 loco
618 2417 878 2461 impressionem,
901 2425 935 2452 et
957 2419 1110 2463 utrinque
1124 2430 1195 2452 cum
1210 2418 1297 2452 clivo
1313 2418 1354 2451 ad
1372 2418 1468 2451 imum
1485 2429 1588 2462 usque
1603 2429 1697 2452 mon-

282 2463 347 2492 tem
364 2459 565 2493 descendens
576 2488 585 2503 ‚
608 2463 697 2494 urbis
713 2463 880 2496 moenibus
895 2464 1058 2496 cohaeret.

370 2503 551 2538 Praeterea
567 2505 742 2540 Carrarum
767 2512 802 2540 et
825 2507 915 2540 urbis
932 2507 1081 2540 Callinici
1095 2507 1234 2540 maiores
1249 2506 1340 2540 iuxta
1354 2517 1393 2539 ac
1414 2506 1552 2540 minores
1573 2517 1696 2548 muros,

283 2547 452 2592 longinqui
474 2550 629 2591 temporis
653 2551 745 2594 lapsu
770 2557 961 2595 corruptos,
987 2552 1177 2591 demolitus,
1198 2552 1259 2584 iam
1274 2551 1322 2584 sic
1339 2551 1534 2594 integravit,
1558 2556 1596 2584 ut
1609 2551 1695 2584 invi—

283 2597 370 2624 ctam
387 2593 526 2626 habeant
540 2594 735 2628 firmitatem.
783 2596 962 2628 Castellum
978 2596 1074 2629 etiam
1092 2597 1266 2637 Batuense,
1286 2596 1372 2639 quod
1391 2595 1510 2628 nudum
1525 2595 1696 2639 negligen-

283 2637 395 2680 tiaque
411 2643 627 2682 contemptum
641 2644 726 2683 erat,
749 2640 848 2673 muris
864 2639 966 2672 cinxit
980 2640 1188 2683 praevalidis,
1210 2645 1245 2673 et
1260 2640 1301 2674 ad
1316 2641 1428 2682 decus,
1445 2650 1508 2684 quo
1522 2640 1586 2673 iam
1600 2641 1696 2682 nitet,

284 2681 405 2714 evexit.

369 2727 401 2761 8.
447 2726 540 2760 Haec
556 2726 615 2769 ita,
637 2731 678 2761 ut.
693 2727 771 2770 dixi,
792 2727 824 2761 in
841 2728 1079 2773 Mesopotamia
1093 2732 1128 2762 et
1144 2729 1296 2763 Osroene
1311 2729 1506 2763 Iustinianus
1518 2729 1602 2773 Aug.
1617 2737 1694 2773 per-
