1800 3126
215 123 313 171 472

257 231 336 274 513,
361 229 394 266 5.
441 236 476 267 et
500 232 690 278 magistrum
715 233 850 267 militum
877 233 905 275 1,

256 275 334 316 506,
348 277 381 310 2.
428 277 581 312 Vandalis
603 279 676 312 Afri
699 278 819 312 subditi
845 289 906 323 per

255 330 359 353 annos
381 333 459 356 xcv.
481 323 509 364 1,
525 323 602 364 423,
621 324 672 357 14.
724 323 836 356 vexati
861 323 903 356 ab

255 363 318 398 illis
334 365 360 409 I,
378 367 457 408 333,
476 367 528 401 15.
567 367 761 411 praesertim
777 367 904 401 Catho-

252 408 307 442 lici
323 410 348 452 Ι,
366 410 442 452 344,
457 412 511 445 22.
555 411 784 445 humanissime
798 412 903 445 habiti

255 464 278 487 a
301 454 462 488 Belisario
489 456 515 496 Ι,
538 456 616 497 382,
641 458 673 490 8.
719 456 904 490 instaurata

253 509 274 531 a
293 499 474 532 Iustiniano
488 500 665 543 vectigalia
687 501 835 544 graviter
849 501 903 534 fe-

251 547 330 576 runt
353 544 380 584 Ι,
404 542 481 584 445,
505 545 539 578 4.
586 546 684 578 urbes
713 557 791 579 suas
816 545 903 589 cingi

253 588 425 620 moenibus
443 588 557 621 vident
580 600 600 623 a
617 589 793 623 Salomone
815 601 901 634 mag.

252 632 320 665 mil.
344 633 372 674 Ι,
395 631 474 675 493,
496 634 546 667 16.
591 635 653 667 sub
675 646 714 668 eo
739 635 852 669 felices
873 635 902 678 1,

252 677 330 717 507,
355 677 389 710 3.
433 677 558 729 vastati
587 690 607 712 a
633 679 776 720 Mauris,
801 685 835 713 et
860 681 902 714 ad

249 730 383 798 ἷῖἒέἒέ
399 720 601 808 ἕῗιῗιῗὲἔὲἶί,
611 723 696 811 ἓξὲξ
712 725 774 802 ἐ4·
790 736 902 802 effi}

252 814 361 842 status
384 811 445 844 sub
460 811 583 844 Ioanne
598 813 755 855 magistro
774 815 840 847 mil.
859 815 901 854 ΙΙ,

251 852 330 931 ῗὲ9,
347 853 400 888 14.
446 855 520 889 Afri
534 853 759 900 αὐτόχθονες
780 858 808 900 Ι,
823 859 901 902 450,

200 943 426 986 Agamemnon
452 954 569 978 navem
588 945 751 990 lapideam
773 946 901 981 Dianae

246 988 356 1031 posuit
372 988 405 1020 in
421 988 561 1022 Euboea
577 990 623 1031 ΙΙ,
639 991 717 1033 576ο
732 992 766 1026 5.

199 1033 366 1075 Aggesta,
390 1033 467 1076 quid
485 1033 528 1066 sit
542 1034 568 1075 Ι,
583 1035 662 1076 271,
678 1037 712 1070 ’1.
759 1035 901 1069 excitata

248 1088 267 1109 a
285 1077 398 1110 Persis
413 1081 530 1111 contra
547 1078 727 1124 Edessam,
751 1081 900 1114 cuniculo

249 1121 413 1154 evertitur
428 1122 456 1162 Ι,
471 1123 548 1164 274,
564 1123 595 1156 3.

200 1165 312 1208 Aigan
331 1166 533 1209 Massageta,
558 1167 755 1202 domesticus
773 1169 901 1203 Belisa-

245 1210 306 1250 rii,
330 1211 477 1253 equitum
503 1212 571 1244 dux
594 1213 621 1253 Ι,
645 1214 723 1254 359,
750 1216 803 1249 13.
826 1214 902 1255 420,

248 1256 302 1289 17.
348 1266 420 1287 cum
439 1256 567 1289 Mauris
591 1258 724 1292 fortiter
745 1259 902 1293 dimicans

247 1299 410 1332 occiditur
424 1300 453 1341 Ι,
470 1301 549 1342 448,
568 1303 621 1335 18.

201 1344 296 1378 Ailas
321 1346 399 1378 urbs
423 1345 465 1378 ad
488 1345 591 1379 sinum
609 1347 780 1381 Arabicum
803 1348 831 1391 1,
846 1349 902 1390 99,

249 1391 279 1423 1.
308 1390 384 1429 101,
401 1388 432 1423 4.
450 1392 502 1424 20.

201 1434 378 1467 Aimachus
403 1434 508 1467 lanius
533 1436 676 1470 nobilem
695 1437 832 1470 Persam
849 1437 899 1471 in-

247 1478 370 1511 terimit
387 1479 410 1520 Ι,
428 1480 503 1518 200,
519 1480 552 1514 3.

199 1522 384 1565 Alamanni,
411 1523 465 1555 ubi
486 1523 542 1556 siti
558 1525 603 1568 ΙΙ,
624 1526 679 1566 63,
697 1527 730 1559 9.

200 1568 443 1601 Alamundarus
463 1569 623 1602 Saccines
652 1580 671 1602 a
695 1570 807 1604 Persis
833 1573 901 1604 stat

244 1613 274 1653 1,
292 1614 346 1653 81,
366 1613 418 1645 18.
465 1613 707 1647 Saracenorum
726 1626 785 1648 rex
803 1615 829 1658 Ι,
846 1617 900 1656 89,

243 1658 277 1690 2.
324 1657 431 1699 qualis
456 1658 509 1689 vir
532 1659 559 1698 Ι,
576 1659 630 1694 88.
646 1661 679 1693 2.
726 1670 824 1702 quam
848 1660 900 1691 in-

243 1702 359 1734 fensus
379 1701 531 1734 Romanis
548 1703 574 1744 Ι,
592 1704 644 1743 88,
664 1705 716 1737 11.
764 1715 898 1747 operam

243 1745 410 1790 pollicitus
442 1747 514 1788 regi
539 1746 689 1788 Cabadi,
720 1759 757 1780 se
786 1748 898 1782 Persis

242 1790 319 1822 viae
336 1791 450 1823 ducem
467 1792 606 1834 praebet
622 1792 648 1833 Ι,
665 1793 719 1834 89,
735 1793 791 1827 22.
836 1804 899 1837 pu-

243 1839 326 1877 gnat
342 1835 369 1875 Ι,
386 1836 440 1878 94,
461 1838 513 1869 10.
560 1836 649 1869 litem
668 1838 813 1870 Arethae
829 1849 898 1870 ino-

242 1884 302 1911 vet
327 1879 369 1912 de
393 1879 509 1912 Strata
532 1880 560 1922 Ι,
587 1881 660 1921 154,
685 1881 716 1914 5.
744 1883 818 1919 197.
845 1884 898 1917 17.

242 1924 312 1956 eius
328 1923 429 1956 filium
439 1925 561 1957 Veneri
576 1924 722 1958 immolat
736 1927 763 1965 Ι,
775 1927 851 1968 282,
867 1928 900 1961 1.

243 1968 288 2000 ab
311 1968 382 2012 ipso
406 1974 546 2002 vexatus
569 1970 612 2011 ΙΙ,
629 1971 705 2010 507,
725 1973 775 2004 10.
825 1983 899 2004 eum

241 2013 443 2046 Iustinianus
468 2014 508 2046 ad
537 2014 754 2048 defectionem
779 2015 900 2048 invitat

243 2057 272 2097 I,
298 2058 444 2097 155,18.
471 2059 546 2101 165,
573 2060 626 2092 10.
674 2066 811 2093 accusat
838 2072 900 2103 per

242 2101 356 2134 literas
381 2102 467 2145 apud
491 2103 672 2136 Chosrofim
691 2103 718 2146 Ι,
745 2106 820 2144 169,
841 2107 897 2138 21.

241 2147 285 2179 ab
304 2146 359 2178 illo
375 2152 481 2179 metus
498 2147 618 2190 Syriae
633 2148 899 2192 Phoeniciaeque

242 2190 412 2234 impendet
427 2191 454 2232 1,
469 2192 548 2234 224,
566 2194 618 2226 12.
665 2197 700 2225 et
718 2192 846 2226 Libano
870 2194 898 2235 Ι,

199 2279 296 2313 Alani
318 2279 448 2313 ubinam
465 2279 519 2312 siti
544 2279 572 2321 Ι,
587 2281 662 2314 288.
680 2282 736 2315 20.
759 2281 804 2320 ΙΙ,
820 2279 897 2324 469,

245 2325 298 2358 18.
346 2324 471 2357 Sunitis
498 2325 627 2358 finitimi
653 2325 680 2366 Ι,
705 2326 759 2370 74,
786 2328 816 2362 8.
865 2331 898 2360 et

243 2369 384 2402 Bruchis
402 2369 446 2412 ΙΙ,
461 2369 538 2406 473,
556 2370 587 2402 5.
641 2374 776 2403 veteres
798 2371 898 2404 Chri-

243 2413 422 2447 stianorum
444 2424 484 2446 ac
504 2413 723 2448 Romanorum
749 2415 843 2448 amici
869 2416 898 2459 Ι,

243 2459 322 2499 288,
338 2458 393 2492 20.
431 2457 614 2500 adiungunt
628 2470 665 2492 se
681 2459 813 2492 Gubazi
827 2460 897 2493 La-

245 2513 356 2535 zorum
374 2502 444 2546 regi
467 2503 494 2543 Ι,
508 2503 586 2542 290,
604 2504 656 2538 19.
702 2504 814 2538 Persis
836 2505 898 2538 mi-

244 2547 343 2581 litant
365 2547 408 2589 ΙΙ,
427 2547 506 2588 461,
524 2548 577 2582 16.
599 2547 677 2588 495,
694 2549 746 2582 10.
770 2550 847 2587 496,
864 2551 898 2584 5.

201 2592 314 2634 Alani,
337 2592 427 2625 natio
444 2591 622 2633 Gotthica,
646 2593 806 2626 Vandalis
821 2593 896 2626 iun-

246 2637 293 2670 cti
314 2637 341 2678 Ι,
355 2638 434 2678 319,
449 2638 482 2670 8.
518 2647 634 2670 nomen
651 2648 723 2670 cum
738 2637 799 2670 illis
817 2649 896 2671 con-

245 2681 387 2715 fundunt
401 2692 494 2715 suum
509 2681 536 2723 Ι,
552 2681 630 2718 334.
649 2683 700 2716 13.
739 2683 772 2715 in
789 2683 897 2717 socie-

245 2731 346 2761 tatem
366 2737 386 2761 a
401 2726 558 2762 Romanis
575 2726 672 2761 asciti
686 2726 734 2771 11,
754 2728 787 2772 6,
804 2729 834 2762 8.

657 129 834 172 INDEX
866 129 1190 174 HISTORICUS

948 234 1099 268 Alaricus
1125 234 1250 277 senior,
1282 235 1538 280 Visigotthorum
1561 248 1634 280 rex,

992 279 1160 323 Europam
1177 283 1286 313 vastat
1299 281 1326 323 I,
1343 283 1420 322 313,
1440 283 1490 316 15.
1520 283 1634 316 urbem

993 323 1135 356 salviam
1151 323 1250 356 diruit
1265 325 1307 368 ΙΙ,
1323 327 1399 369 213,
1417 327 1468 360 14.
1497 327 1634 361 Romam

991 368 1140 410 obsidet,
1163 373 1300 411 astuque
1323 375 1453 414 captam
1473 371 1585 416 diripit
1606 372 1634 413 Ι,

990 413 1067 450 314.
1086 413 1137 446 16.
1162 413 1303 446 Attalum
1321 421 1412 448 creat
1425 415 1499 460 imp.
1516 417 1540 458 Ι,
1556 417 1633 457 317,

991 458 1024 490 6.
1056 457 1247 490 Ravennam
1262 458 1398 491 infestus
1416 461 1498 503 petit
1514 461 1541 503 Ι,
1556 457 1633 504 317,

991 503 1044 535 11.
1089 501 1235 534 Attalum
1253 501 1295 534 ab
1310 501 1444 546 imperio
1460 510 1588 538 amovet
1606 504 1634 547 Ι,

990 545 1068 586 318,
1096 547 1149 579 15.
1164 576 1166 579 ,
1195 547 1306 579 morbo
1338 548 1407 580 obit
1437 549 1518 583 ibid.
1563 549 1634 582 eius

990 600 1075 633 gaza
1092 590 1328 624 carcassonem
1343 591 1451 625 delata
1468 593 1510 635 ΙΙ,
1529 594 1584 635 67,
1599 595 1633 627 9.

945 633 1095 668 Alaricus
1110 635 1238 677 iunior,
1261 635 1437 678 Visigotth.
1453 648 1531 680 rex,
1552 649 1634 670 uxo-

990 690 1057 712 rem
1068 679 1158 712 ducit
1165 680 1406 714 Theudicusam
1417 681 1513 714 filiam
1521 681 1634 716 Theo-

991 723 1094 756 derici
1108 724 1196 767 regis
1214 724 1330 758 Italiae
1347 725 1387 767 ΙΙ,
1403 727 1458 769 65,
1475 726 1507 760 5.
1547 726 1632 760 bello

991 779 1011 802 a
1026 768 1165 801 Francis
1181 769 1303 810 petitus
1320 769 1362 810 ΙΙ,
1379 770 1432 811 66,
1451 771 1502 805 17.
1547 771 1635 804 occi-

991 813 1077 845 ditur
1090 813 1134 855 ΙΙ,
1150 815 1204 855 67,
1222 816 1274 847 11.
1309 814 1488 847 Giselicum
1503 816 1635 848 nothum

989 858 1146 901 relinquit
1174 859 1216 899 ΙΙ,
1231 859 1285 902 67,
1305 859 1357 893 16.
1404 870 1484 892 avus
1505 860 1635 894 Amala-

990 901 1049 934 rici
1065 903 1145 936 ibid.

944 947 1049 988 Alba,
1074 948 1152 980 urbs
1175 947 1280 980 vicina
1306 947 1431 982 Romae
1454 947 1500 991 ΙΙ,
1523 949 1578 990 30,
1602 949 1635 983 8.

993 991 1067 1031 160,
1082 993 1112 1024 8.
1134 992 1208 1032 175,
1230 993 1280 1026 17.

946 1035 1041 1075 Alba,
1064 1035 1097 1068 in
1113 1046 1193 1078 agro
1210 1036 1391 1078 Langivilla
1408 1037 1452 1076 ΙΙ,
1467 1038 1521 1079 80,
1539 1038 1590 1072 18.

945 1080 1027 1114 Alba
1043 1080 1155 1113 Piceni
1172 1081 1249 1114 urbs
1266 1081 1309 1123 ΙΙ,
1327 1083 1401 1122 176,
1419 1084 1471 1116 12.

945 1125 1084 1158 Albania
1100 1125 1127 1166 Ι,
1144 1126 1198 1167 47,
1217 1127 1268 1160 18.

945 1170 1062 1210 Albes,
1088 1169 1214 1211 legatus
1234 1169 1320 1212 regis
1335 1169 1457 1213 vitigis
1479 1169 1520 1204 ad
1545 1170 1636 1204 Beli-

990 1214 1110 1247 sarium
1128 1214 1173 1255 ΙΙ,
1190 1215 1244 1256 99,
1265 1214 1317 1248 15.

945 1258 1091 1299 Albilas,
1116 1259 1272 1300 Gotthus‚
1297 1258 1369 1291 urbi
1383 1258 1490 1292 veteri
1505 1260 1637 1304 praefe-

991 1308 1062 1336 ctus
1079 1304 1120 1345 ΙΙ,
1140 1305 1213 1341 187,
1231 1304 1282 1337 18.
1306 1304 1384 1345 226,
1406 1305 1459 1338 13.

945 1348 1127 1382 Alemanni.
1172 1347 1259 1380 Vide
1275 1348 1450 1382 Alamanni.

946 1393 1135 1427 Alexander
1147 1403 1282 1435 magnus
1294 1398 1404 1437 portas
1415 1392 1554 1437 Caspias
1565 1404 1637 1426 mu-

991 1437 1052 1470 niit
1068 1438 1093 1478 1,
1109 1438 1163 1480 48,
1183 1439 1234 1471 16.
1281 1447 1351 1470 cum
1369 1449 1408 1470 eo
1431 1442 1638 1483 comparatus
1690 1435 1701 1445 ⁴

990 1482 1188 1516 Iustiniauus
1204 1482 1230 1522 Ι,
1249 1482 1322 1523 158,
1342 1483 1393 1515 16.

945 1527 1132 1562 Alexander
1146 1526 1291 1569 equitum
1307 1526 1372 1559 dux
1394 1526 1427 1560 in
1445 1526 1532 1560 bello
1548 1527 1637 1560 Got-

989 1572 1077 1604 thico
1099 1571 1140 1610 ΙΙ,
1161 1570 1232 1611 164,
1249 1572 1282 1604 2.

944 1615 1132 1649 Alexander
1148 1615 1325 1658 logotheta,
1343 1615 1449 1647 dictus
1460 1614 1637 1655 Forficula,

989 1660 1078 1704 quod
1089 1671 1231 1691 nummos
1242 1659 1498 1692 circumraderet
1511 1659 1552 1699 ΙΙ,
1560 1658 1638 1700 284,

992 1706 1044 1739 18.
1081 1704 1113 1736 in
1132 1704 1254 1736 ltaliam
1271 1703 1395 1743 missus,
1411 1708 1527 1737 cuncta
1541 1714 1639 1736 ever-

988 1750 1030 1781 tit
1053 1748 1194 1781 avaritia
1215 1759 1275 1781 sua
1299 1749 1342 1790 ΙΙ,
1358 1749 1434 1790 285,
1450 1751 1483 1782 5.
1530 1748 1638 1782 Vero-

989 1804 1061 1826 nam
1079 1793 1162 1836 petit
1175 1793 1218 1832 11,
1233 1794 1311 1833 290,
1328 1794 1378 1828 19.

943 1838 1132 1874 Alexander
1147 1841 1281 1870 senator
1302 1837 1345 1879 ΙΙ,
1365 1838 1417 1881 18,
1436 1838 1486 1871 12.
1531 1836 1637 1870 Atha-

988 1882 1070 1916 nasii
1088 1883 1194 1915 frater
1216 1882 1262 1922 ΙΙ,
1278 1883 1333 1924 32,
1351 1882 1403 1915 18.
1449 1882 1576 1924 legatus
1593 1882 1637 1915 ad

988 1928 1168 1960 chosroam
1186 1927 1211 1962 1.
1232 1929 1306 1966 111,
1329 1926 1370 1960 14
1427 1931 1462 1959 et
1479 1926 1519 1959 ad
1537 1928 1637 1959 Ama-

988 1972 1171 2005 lasuntham
1194 1971 1237 2011 ΙΙ,
1262 1972 1314 2014 18,
1339 1972 1391 2005 18.
1438 1971 1636 2014 Byzantium

987 2017 1074 2050 redit
1091 2016 1134 2057 ΙΙ,
1152 2017 1206 2054 21,
1221 2016 1253 2048 2.

943 2060 1172 2095 Alexandriam
1191 2058 1318 2091 invadit
1339 2059 1366 2102 Ι,
1381 2059 1458 2099 250,
1474 2059 1507 2092 9.
1552 2057 1638 2091 illius

988 2106 1079 2138 cives
1106 2104 1206 2137 stulte
1229 2103 1262 2136 in
1296 2103 1346 2136 ius
1373 2106 1472 2135 vocat
1497 2103 1638 2136 Ioannes

988 2150 1173 2193 Cappadox
1200 2147 1367 2182 coniectus
1389 2147 1423 2181 in
1446 2147 1578 2181 vincula
1610 2149 1636 2189 Ι,

941 2239 1094 2282 Algidum
1111 2238 1154 2278 ΙΙ,
1170 2239 1246 2279 372,
1260 2238 1316 2271 22.

942 2284 1043 2328 Alpes
1062 2288 1224 2317 vocantur
1248 2281 1384 2326 perviae
1399 2281 1552 2315 montium
1575 2291 1636 2314 au-

986 2328 1114 2371 gustiae
1139 2328 1182 2369 ΙΙ,
1206 2328 1259 2370 62,
1286 2328 1340 2360 11.
1385 2326 1501 2359 montis
1530 2327 1636 2368 Pyre-

987 2372 1061 2406 naei
1076 2373 1196 2416 Alpes,
1221 2377 1256 2404 et
1279 2371 1362 2404 aliae
1377 2381 1462 2414 quae
1477 2370 1595 2403 Gallos
1615 2381 1636 2403 a

987 2417 1164 2460 Liguribus
1189 2416 1339 2448 dividunt
1363 2417 1442 2448 ibid.
1499 2415 1559 2447 hae
1583 2415 1634 2447 di-

986 2463 1108 2495 tionem
1131 2460 1392 2504 Visigotthorum
1415 2459 1637 2493 terminabant

985 2507 1033 2543 ΙΙ,
1051 2507 1106 2546 64,
1124 2507 1176 2540 19.
1221 2505 1330 2537 dictae
1345 2509 1420 2536 sunt
1434 2504 1570 2537 Cottiae
1591 2504 1636 2546 ΙΙ,

987 2551 1065 2593 264,
1084 2551 1135 2584 18.
1180 2560 1236 2582 eas
1258 2548 1382 2582 Franci
1408 2552 1571 2593 occupant
1591 2548 1636 2590 ΙΙ,

941 2619 1071 2674 Almia}
1092 2638 1336 2671 foederatorum
1354 2636 1419 2670 dux
1443 2636 1470 2680 1,
1485 2636 1561 2678 359,
1579 2637 1633 2672 11.

985 2683 1064 2724 420,
1082 2683 1133 2716 16.
1183 2683 1252 2716 eius
1268 2693 1340 2716 cum
1356 2681 1458 2715 labda
1473 2681 1636 2726 singulare

986 2731 1153 2762 certamen
1167 2727 1198 2772 Ι,
1212 2727 1289 2769 463,
1305 2727 1337 2761 4.
