1800 3126
543 150 616 195 AD
644 146 787 192 HIST.
815 141 1090 190 ARGANAM.

91 263 310 303 Dulcissimus
339 260 548 308 Vigilantiae
573 257 711 295 maritus
726 256 809 293 416.

137 313 216 347 418.
241 310 375 345 eiusfilii
393 309 472 344 416.

83 355 291 403 ”Εβδομον,
314 355 542 391 suburbanum
564 352 645 386 430.

92 403 249 440 Ecclesia
265 404 304 436 S.
319 401 469 455 Sophiae
492 410 595 444 saepe
618 395 811 439 conflagra-

138 449 189 484 vit
204 449 283 484 354.
299 449 433 482 Manae
456 446 556 488 Virg.
581 443 616 477 in
641 442 810 476 Blacher-

140 495 208 574 ngsd
217 495 298 530 353.
324 491 460 528 loannis
507 491 640 534 Evang.
679 485 810 533 Ephesi

139 552 152 575 ι
177 552 187 573 1
213 565 222 575 .

94 585 332 622 Ecclesiastici
343 582 507 619 Dominos
521 583 649 614 vocant
663 579 816 624 impera-

141 636 234 666 tores
258 632 335 667 394.
364 630 399 664 in
426 639 485 662 eos
508 627 688 664 criminose
712 628 818 670 agunt

141 677 347 713 lastinianus
363 687 404 709 ac
418 673 600 709 Theodora
619 672 699 707 383.

26 726 31 734 ‘
65 760 74 772 ι
97 723 215 759 Editio
232 722 451 757 Novellarum
468 718 650 762 corrigitur
659 716 745 752 -355,

98 769 235 806 Electio
251 769 335 814 Imp.
350 765 585 802 aPatriarchis
601 763 818 799 confirmatur

99 815 236 898 Ειιῗξὲῐί
251 859 329 905 quid
345 857 422 901 sint,
436 859 472 891 et
497 867 585 902 quae
604 853 724 889 mulier
750 863 821 887 em-

146 906 280 941 bolaria
293 906 375 942 381.

5 950 11 960 ’
46 951 59 966 “
99 949 169 987 Ἐν
189 949 366 995 ἀγγέλοις,
389 943 646 993 ἁγίοιςόσίοις,
661 955 742 979 usus
761 955 822 978 ex-

149 998 295 1044 plicatur
318 995 400 1030 424.

101 1045 323 1083 Encaustum,
346 1040 441 1075 color
456 1050 522 1084 quo
548 1038 700 1072 scribunt
715 1037 823 1081 Impp.

111 1092 117 1096 ’
149 1101 218 1135 qua
253 1088 384 1122 ratione
409 1085 611 1119 conficiatur
633 1084 715 1119 367.
745 1081 826 1117 Itali

149 1138 274 1170 vocant
289 1132 494 1168 Enchiostro
519 1130 599 1167 ibid.

102 1179 238 1225 Ἐορτὴ
258 1192 319 1225 per
341 1177 571 1213 excellentiam
598 1175 731 1210 Pascha
746 1175 827 1210 391.

96 1225 290 1307 ”Enaqffg
313 1225 390 1261 445.
406 1235 472 1270 quo
489 1223 628 1257 differat
643 1222 685 1255 ab
700 1216 826 1265 ὕπαρ-

177 1285 217 1312 ος
260 1273 315 1307 47.

72 1351 82 1359 .,
105 1286 333 1364 prhesiorum
355 1316 604 1361 Episcoporum
620 1312 725 1347 series
743 1310 824 1346 353.

107 1361 288 1409 Ἐπιβολὴ
334 1362 415 1407 quid
454 1362 533 1395 452.
565 1358 729 1394 Ecclesiis
760 1357 824 1390 im-

154 1410 265 1457 posita
278 1408 355 1444 453.
374 1407 515 1442 remissa
524 1405 691 1439 Ecclesiis
701 1403 826 1437 Hiero-

155 1457 310 1499 solymae
332 1454 414 1488 ibid.
441 1453 513 1487 eins
531 1457 650 1486 auctor
673 1449 825 1483 Marinus

109 1545 279 1594 Episcopi
311 1542 440 1578 Graeci
474 1542 543 1576 suis
567 1539 832 1586 Imperator-ibus

157 1593 339 1628 adulantur
351 1590 430 1625 467.
445 1588 717 1623 contradicentes
729 1585 833 1620 Iusti-

112 1649 287 1720 Ειῖἓιῗιῗιῖἐ
292 1634 447 1716 mi?
452 1637 608 1713 {sutrium
619 1679 700 1714 351.

113 1729 286 1774 Evagrius
304 1727 465 1772 quaedam
483 1726 620 1759 uberius
637 1735 735 1768 quam
745 1724 836 1758 Pro-

116 1822 150 1857 Ε
162 1775 280 1855 caspius
296 1769 696 1853 ὀῗῐιῐιεξίξιὶαηὲδεὸοτίρείῐ
709 1769 789 1805 434.

153 1833 172 1855 u
197 1831 315 1854 aemon
361 1829 380 1852 a
400 1828 501 1851 nctus
588 1843 596 1851 .

115 1866 290 1911 Eugenius
301 1859 838 1906 AntoninaeSicariusSylverium

164 1914 293 1958 Papam
311 1909 436 1945 occidit
449 1910 530 1944 350.

119 1958 277 1994 Eunuchi
295 1969 360 1990 non
383 1956 470 1989 fiunt
485 1953 651 1987 Consules
672 1953 752 1988 352.

120 2003 310 2049 Euphemia
326 2006 412 2045 Aug.
445 1999 561 2033 Iustini
586 1998 729 2032 senioris
753 2007 839 2030 uxor

165 2051 248 2085 418.
265 2052 364 2082 antea
378 2047 468 2080 dicta
484 2045 647 2088 Lucipina
661 2045 737 2079 384.
752 2054 839 2087 nup-

167 2096 235 2130 tias
260 2092 436 2128 Iustiniani
466 2102 539 2125 cum
565 2091 748 2123 Theodora
777 2089 839 2121 im-

167 2141 291 2188 probat
320 2139 403 2173 ibid.
427 2137 490 2171 sibi
528 2141 676 2170 statuam
692 2135 789 2180 ponit
804 2137 841 2167 et

169 2185 359 2222 Ecclesiam
381 2185 421 2219 S.
445 2182 654 2227 Euphemiae
677 2180 843 2215 construit

169 2231 252 2268 ibid.
289 2231 361 2265 eius
405 2234 442 2263 et
486 2228 611 2263 lustini
653 2227 844 2274 sepulcrum

126 2325 320 2370 Euphratas
335 2321 520 2357 Eunuchus
537 2319 618 2355 465.

127 2370 296 2406 Eusebius
311 2369 429 2413 Episc.
446 2366 637 2409 Cyzicenus
651 2364 731 2400 436.

128 2416 334 2452 Eutharicus
350 2414 438 2447 filins
454 2412 634 2457 adoptivus
661 2409 778 2444 Iustini
793 2419 850 2443 se-

177 2461 279 2496 nioris
293 2461 373 2496 365.
388 2459 467 2495 418.
485 2457 611 2491 Consul
625 2457 707 2492 365.

131 2507 336 2549 Euthymius
350 2506 404 2539 vir
423 2509 560 2538 sanctus
577 2505 658 2539 421.

132 2553 324 2633 Εᾛοὴίιιι
358 2550 557 2587 Patriarcha
602 2549 676 2582 GP.
722 2546 850 2581 exulat.

133 2644 318 2684 Exconsm,
338 2642 419 2688 quid
436 2641 516 2677 352.

134 2689 362 2724 Excubitores
377 2689 455 2724 363.
474 2684 555 2722 455.

133 2735 303 2779 Exempla
318 2733 498 2780 pudicitiae
507 2726 758 2765 matrimonialis
773 2724 854 2762 374.

135 2781 320 2817 Exercitus
348 2780 461 2819 ἐΒοιιι.
508 2786 666 2812 numerus
716 2772 854 2817 exiguus

179 2826 259 2863 454.

1474 136 1572 184 571

856 253 1107 298 Expraefectus
1133 248 1214 286 352.

857 299 1038 336 Facundus
1058 293 1309 332 Hermianensis
1342 292 1514 328 Iustiniani
1534 291 1575 326 li-

904 345 1046 380 centiam
1060 345 1093 378 in
1118 340 1375 377 Ecclesiasticus
1389 340 1575 386 reprehen-

902 392 954 426 dit
968 391 1047 426 421.
1066 390 1136 424 eius
1152 387 1292 422 acerbus
1309 386 1438 421 animus
1460 386 1495 420 in
1510 384 1574 419 Vi-

899 438 1013 482 gilium
1041 437 1111 470 PP.
1134 434 1213 469 350.

856 483 1003 520 Falsarii
1017 483 1079 516 sub
1094 480 1277 515 Iustiniano
1293 477 1372 513 464.

858 531 978 565 Favor
1003 526 1149 562 Theatri
1164 526 1244 560 373.

860 576 960 610 Fidei
976 575 1131 620 publicae
1147 571 1277 606 dandae
1293 569 1378 603 ritus
1395 568 1478 604 371.

861 621 983 657 Foelix
1028 620 1127 666 Papa
1170 615 1344 652 Iustiniani
1389 611 1581 659 ἀγαπητὸς

863 723 1051 760 Fornicara
1067 725 1103 756 et
1117 720 1311 756 Embolaria
1327 718 1409 755 381.

864 767 1065 812 Γαύδαρος
1079 768 1280 801 Iustinianus
1298 766 1379 802 375.

866 816 1036 857 Gentiles,
1052 814 1110 858 qni
1126 813 1206 846 dicti
1228 814 1307 848 373.
1336 809 1526 856 complures
1550 807 1585 842 in

913 862 990 895 aula
1016 859 1190 894 Iustiniani
1206 859 1286 893 408.

868 906 1041 951 Georgius
1050 906 1163 939 Praef.
1181 904 1274 937 urbis
1290 903 1368 939 383.

870 953 1043 996 Georgius
1061 951 1266 986 Theodorae
1279 951 1365 992 Aug.
1382 956 1487 992 nepos
1503 945 1585 981 379.

913 1000 1061 1080 ἓὲιᾶθιοι·
1098 998 1215 1031 domus
1248 994 1403 1030 Marinae
1435 991 1519 1026 ibid.
1551 994 1588 1025 et

870 1100 1055 1136 Germania
1071 1098 1224 1134 Belisarii
1239 1096 1363 1143 patria,
1398 1105 1486 1140 quae
1505 1093 1586 1129 351.

870 1149 1062 1182 Germanus
1087 1144 1258 1179 Iustiniani
1273 1152 1389 1188 nepos,
1407 1153 1472 1174 non
1481 1141 1588 1174 frater

915 1194 994 1230 358.
1028 1192 1105 1226 420.
1139 1191 1305 1224 Passarae
1334 1187 1473 1221 maritus
1504 1185 1586 1219 ibid-

916 1238 1039 1274 deinde
1058 1238 1296 1271 Mathasuntae
1324 1234 1402 1269 358.
1420 1231 1497 1267 420.
1516 1231 1587 1264 eius

914 1286 975 1320 filii
991 1284 1160 1325 Iustinus,
1185 1281 1410 1320 lastinianus,
1445 1277 1589 1319 Iustina,

915 1333 995 1366 358.
1019 1330 1097 1364 420.
1123 1340 1165 1362 ex
1193 1327 1412 1361 Mathasunta
1440 1325 1590 1358 Germa-

915 1387 978 1410 nus
1001 1376 1079 1411 358.
1103 1375 1183 1409 420.

871 1423 1014 1465 Graeci,
1032 1421 1163 1454 nomine
1182 1417 1307 1452 Graeci
1334 1428 1412 1451 raro
1442 1415 1493 1449 usi
1508 1414 1588 1452 455.

921 1464 1085 1511 Γραικὸς
1106 1471 1142 1499 et
1164 1461 1309 1507 “Evam
1326 1463 1486 1497 differunt
1509 1461 1592 1494 ibid.

922 1516 1136 1548 Graecorum
1192 1510 1392 1545 Praesulum
1444 1506 1592 1542 adulatio

878 1614 1055 1653 Haeretici
1079 1613 1214 1659 plurimi
1239 1613 1300 1646 sub
1317 1610 1497 1645 Iustiniana
1513 1608 1596 1643 425.

924 1663 966 1696 ad
985 1667 1110 1695 rectam
1133 1658 1331 1692 sententiam
1359 1656 1501 1700 cogendi
1517 1655 1599 1689 403.

925 1708 1040 1742 ultimo
1061 1704 1219 1751 puniendi
1236 1703 1398 1748 supplicio
1429 1701 1509 1736 404.
1541 1711 1603 1734 eo-

927 1765 999 1788 rum
1024 1757 1157 1785 statuae
1173 1750 1204 1783 in
1228 1749 1355 1782 latrinis
1371 1748 1452 1782 ibid.

882 1800 1016 1834 Helena
1031 1796 1191 1831 Baduarii
1215 1795 1287 1828 filia
1302 1795 1383 1828 419.

882 1846 1051 1880 Heraeum
1074 1841 1246 1875 iustiniani
1271 1840 1497 1872 suburbanum
1522 1834 1601 1872 431.

884 1892 1115 1932 Hermogenes
1128 1888 1222 1929 Mag.
1240 1885 1344 1918 offic.
1362 1884 1442 1918 435.

884 1935 1096 1973 Herodianus
1114 1931 1277 1966 Belisario
1292 1930 1441 1964 infensus
1457 1953 1470 1972 ‚
1508 1926 1605 1962 dedit

930 1993 967 2016 se
984 1979 1125 2013 Gotthis
1141 1978 1219 2012 358.

884 2026 1075 2070 Hesychius
1085 2024 1238 2060 Milesius
1251 2022 1294 2056 de
1302 2018 1510 2056 Triboniano
1522 2017 1603 2062 quid

931 2072 1055 2106 dixerit
1074 2071 1152 2104 4⁶23.
1313 2070 1320 2076 '

882 2116 1026 2162 “Ημέρα
1046 2127 1105 2162 per
1127 2111 1358 2149 excellentiam
1373 2110 1443 2144 dies
1453 2109 1605 2143 Pascha-

930 2165 975 2197 tis
1005 2164 1083 2198 39⁹2.

885 2208 991 2253 Ἠρία
1001 2208 1238 2248 suburbanum,
1247 2204 1302 2239 vel
1313 2200 1460 2248 ἦραῖον,
1470 2201 1604 2245 ἱερεῖον

936 2262 970 2289 et
987 2252 1101 2297 ἱέρεια
1116 2253 1196 2287 431.

829 2316 835 2322 ·
890 2300 1048 2338 Historia
1073 2309 1199 2332 arcana.
1223 2294 1377 2340 Procopii
1402 2305 1444 2327 an
1460 2292 1506 2326 sit
1528 2302 1607 2337 per—-

937 2348 1040 2381 fecta.
1068 2344 1180 2378 XXV.
1203 2343 1281 2376 397.
1318 2339 1499 2374 Historicis
1534 2349 1608 2371 om-

940 2392 1039 2426 nibus
1060 2393 1174 2434 ignota
1190 2388 1289 2422 Xlll.

894 2436 1060 2475 Historici
1075 2435 1231 2480 aequales
1247 2438 1282 2466 et
1301 2430 1504 2476 posteriores
1523 2430 1612 2462 Pro-

943 2482 1123 2560 οορίοἰηὸἰ
1130 2481 1249 2560 ¹eadem
1261 2479 1302 2512 de
1310 2477 1494 2511 Iustiniano
1505 2475 1614 2519 scrip-

943 2540 1043 2563 serun
1145 2553 1154 2563 ,

897 2575 1108 2611 Holoverum
1125 2571 1205 2618 quid
1220 2571 1298 2605 459.

899 2619 1122 2658 Homicidium
1164 2622 1201 2652 ut
1239 2613 1400 2650 describit
1428 2610 1617 2656 Procopius

899 2724 1017 2760 Hunni
1033 2726 1070 2756 ut
1081 2722 1182 2766 caput
1195 2720 1329 2752 comunt
1355 2717 1437 2752 373.

900 2772 928 2813 Ι,
946 2782 1031 2815 apex
1047 2767 1251 2802 Iustinianus
1268 2764 1346 2798 366.
1370 2763 1449 2797 398.
1474 2778 1476 2780 v

899 2813 1031 2862 Ἱέρεια
1054 2812 1280 2850 suburbanum
1298 2807 1456 2855 Byzantii
1469 2806 1550 2845 431.
