1858 3126
337 150 433 196 270
516 123 521 129 ’
927 152 1188 198 PRocoPu

197 270 227 304 V
248 270 315 306 440
339 263 382 305 δὲ
401 264 466 305 καὶ
490 259 655 314 ἀνόδους
674 264 823 313 πολλὰς
842 262 1093 320 ἀφυλάκτους
1108 282 1151 308 τε
1173 266 1236 307 καὶ
1258 264 1495 320 ἀτειχίστους
1516 266 1567 310 τὰ
1583 263 1753 325 πρότερα

335 329 457 380 οὔσας
485 333 524 381 ἐς
548 331 594 373 τὸ
623 331 780 386 ἀκριβές
806 332 1030 384 ἐτειχίσατο.
1096 331 1338 386 θαυμάσειεν
1358 333 1405 376 ἄν
1429 351 1489 383 τις
1507 332 1664 384 εἰκότως
1686 336 1754 377 τὸν

284 406 315 441 C
336 401 506 454 Περσῶν
526 398 704 451 βασιλέα,
740 397 800 439 ὅτι
821 398 870 450 δὴ
887 397 1031 454 χρόνον
1047 400 1221 440 ἐνταῦθα
1239 402 1482 456 κατατρίψας
1497 402 1632 453 πολῧν,
1660 403 1754 455 μίαν

333 465 421 507 τινὰ
441 465 576 517 στενὴν
593 464 768 519 ἀτραπὸν
786 464 939 519 εὕρατο,
962 468 1026 507 καὶ
1045 470 1169 507 ταῦτα
1187 468 1389 522 προδοτῶν
1399 465 1596 521 Ἑλλήνων
1611 469 1752 522 τυχὼν,

333 530 438 573 ὁδῶν
463 549 504 573 τε
527 531 753 583 ἀτειχίστων
779 532 901 587 ἐκείνῃ
920 537 1072 574 πολλῶν
1092 534 1157 574 καὶ
1179 531 1376 585 ἅμαξιτῶν
1396 533 1534 588 σχεδόν
1552 551 1591 577 τι
1612 535 1784 577 οῧσῶν.5

331 598 359 652 ἦ
381 615 421 639 τε
440 598 516 653 γὰρ
534 590 726 640 θάλασσα
743 587 838 647 τοὺς
856 597 1058 654 πρόποδας
1073 598 1330 650 ἐπικλύζουσα
1345 603 1424 641 τῶν
1443 600 1560 656 ὀρῶν,
1594 603 1755 644 ἀνεστο-

331 666 518 718 μωμένας
546 666 587 706 ἐκ
613 669 685 706 τοῦ
711 667 952 707 ἔπιπλεῖστον
982 669 1143 708 ἐποιεῖτο
1177 665 1272 707 εἶναι
1298 666 1370 715 τὰς
1397 667 1550 709 ἐνθένδε
1576 666 1754 718 ἀνόδους,

335 733 402 772 καὶ
424 729 630 786 σηράγγων
651 748 692 773 τε
715 734 781 774 καὶ
799 735 1015 790 χαραδρῶν
1039 731 1251 783 ἀδιεξόδων
1271 734 1446 774 ἐνταῦθα
1469 733 1616 785 οῧσῶν,
1651 733 1756 788 ἇμῆ-

327 814 436 850 χανα
456 798 584 847 ἔδοξεν
607 797 701 840 εἶναι
723 806 804 848 τοῖς
823 799 946 841 πάλαι
967 799 1195 856 ἀνθρώποις
1216 801 1458 853 τειχίσμασιν
1479 800 1519 849 ἐς
1533 801 1578 842 τὸ
1599 801 1757 858 ἀκριβὲς

334 866 621 920 περιβαλέσθαι
641 866 691 907 τὰ
714 867 928 922 διῃρημένα
946 872 995 923 τῇ
1017 867 1153 923 φύσει,
1188 871 1236 922 τῇ
1256 883 1296 908 τε
1315 867 1414 923 πρὸς
1430 866 1481 908 τὰ
1497 866 1756 920 χαλεπώτατα
1769 877 1811 910 10

280 941 311 976 D
334 936 412 973 τῶν
434 931 556 986 ἔργων
578 931 730 986 ὀκνήσει
753 933 1040 989 ἀταλαιπώρως
1062 935 1247 990 ἀφέμενοι
1266 934 1336 987 τὴν
1357 932 1598 988 ἀσφάλειαν,
1631 935 1693 975 ἐπὶ
1709 939 1758 989 τῇ

332 997 432 1054 τύχῃ
455 1000 671 1049 κατέλιπον,
697 1001 738 1049 ἐς
755 1000 827 1053 τὴν
848 1002 1032 1055 ἐσομένην
1046 999 1270 1056 βαρβάροις
1283 1005 1353 1054 τῆς
1370 999 1465 1042 ὁδοῦ
1482 999 1640 1054 ἄγνοιαν
1657 1001 1758 1042 ἄπο-

332 1066 492 1116 θέμενοι
515 1065 587 1114 τὰς
612 1071 683 1119 τῆς
709 1069 904 1122 σωτηρίας
931 1070 1102 1117 ἐλπίδας.
1170 1069 1249 1108 ἐπεὶ
1273 1067 1371 1122 πρὸς
1396 1067 1469 1120 τὴν
1491 1069 1759 1124 ταλαιπωρίαν
1803 1103 1806 1107 ⁴

333 1131 585 1185 ἀπολέγοντες
619 1132 678 1172 ἀεὶ
709 1131 939 1188 ἄνθρωποι,
973 1134 1024 1175 τὰ
1055 1135 1188 1190 σφίσιν
1222 1134 1353 1182 αὐτοῖς
1381 1133 1658 1176 δυσκολώτατα
1688 1133 1757 1175 δό-

333 1200 456 1246 ξαντα
475 1196 570 1239 εἶναι
587 1198 678 1240 οὐδὲ
702 1199 835 1248 ἄλλοις
855 1202 955 1241 τισὶν
978 1201 1124 1241 οἴονται
1147 1199 1264 1257 ῥᾴδια
1286 1199 1461 1241 ἔσεσθαι.
1527 1201 1588 1241 διὸ
1613 1201 1664 1254 δὴ
1686 1201 1757 1242 οὒκ
1770 1207 1812 1241 15

210 1274 246 1308 Η
267 1275 309 1310 35
334 1263 382 1305 ι’ίν
402 1282 461 1313 τις
486 1265 539 1305 ἔτι
562 1268 795 1321 φιλονεικοίη
817 1267 874 1318 μὴ
895 1267 980 1319 οὐχὶ
1010 1266 1233 1322 ἀνθρώπων
1255 1265 1436 1307 ἁπάντων
1444 1298 1458 1317 ,
1493 1266 1536 1307 οἳ
1559 1266 1608 1320 δὴ
1633 1268 1673 1316 ἐς
1691 1267 1759 1308 τὸν

333 1329 460 1373 πάντα
493 1335 618 1373 αἰῶνα
654 1334 895 1387 γεγένηνται,
925 1334 1198 1375 Ἰουστινιανὸν
1232 1333 1401 1386 βασιλέα
1433 1333 1759 1387 προμηθέστατον

331 1399 524 1453 γεγονέναι
559 1401 624 1439 καὶ
654 1398 920 1455 διαφερόντως
951 1401 1268 1453 ἐπιμελέστατον,
1308 1395 1341 1456 ᾧ
1371 1416 1414 1454 γε
1448 1400 1538 1440 οὐδὲ
1568 1398 1760 1442 θάλασσα

327 1466 481 1518 χαλεπὴ
507 1466 658 1520 γέγονε,
693 1465 897 1521 γειτνιῶσά
922 1484 962 1508 τε
984 1474 1066 1515 τοῖς
1092 1466 1198 1522 ὄρεσι
1219 1469 1284 1507 καὶ
1311 1466 1560 1521 περιχεομένη
1587 1468 1653 1508 καὶ
1673 1467 1759 1507 ε’πι-

333 1530 549 1583 κλύζουσα,
583 1533 623 1573 ἓν
643 1535 843 1589 κλυδωνίῳ
863 1550 904 1574 τε
926 1536 991 1574 καὶ
1011 1533 1168 1590 ψάμμῳ
1187 1532 1290 1591 ὑγρᾷ
1309 1539 1390 1582 τοῖς
1408 1534 1605 1585 θεμελίοις
1623 1534 1814 1590 στηρί-ΞΟ

222 1612 253 1646 P
274 1613 318 1648 70
336 1601 474 1650 ζεσθαι
487 1631 499 1649 ,
534 1601 599 1640 καὶ
627 1605 708 1648 τοῖς
725 1598 1018 1649 ἐναντιωτάτοις
1036 1603 1239 1656 διαφανῶς
1258 1597 1545 1655 ἐναρμόζεσθαι
1553 1631 1568 1650 ,
1596 1599 1759 1655 ἀνθρώ-

331 1682 417 1707 πων
447 1683 488 1706 τε
521 1674 763 1722 προσχωρεῖν
793 1667 905 1722 τέχνῃ
933 1669 998 1708 καὶ
1027 1668 1274 1719 βιαζομένοις
1305 1664 1485 1707 ὑπείκειν.
1552 1666 1599 1707 οὗ
1627 1667 1759 1719 μέντοι

333 1732 427 1774 οὐδὲ
447 1733 520 1781 τὰς
548 1732 699 1784 λόχμας
721 1735 786 1773 καὶ
812 1732 939 1782 νάπας
967 1732 1156 1787 ἀλλήλαις
1179 1731 1361 1786 ἀνάψας,
1394 1733 1486 1773 οὐδὲ
1506 1733 1577 1787 τὴν
1599 1732 1759 1775 θάλασ-

332 1815 409 1840 σαν
428 1802 485 1854 τῷ
503 1798 583 1854 ὄρει
604 1799 919 1855 ἐναρμοσάμενος
939 1798 958 1841 ὃ
977 1800 1165 1854 βασιλεὺς
1181 1794 1307 1850 οὗτος,
1333 1798 1428 1853 ὅλην
1443 1816 1484 1841 τε
1502 1799 1574 1853 τὴν
1585 1797 1759 1842 Ἑλλάδα

333 1866 556 1921 περιβαλὼν
583 1873 665 1916 τοῖς
694 1865 925 1923 ὀχυρώμασι
933 1898 946 1918 ,
980 1868 1196 1910 κατέπαυσε
1227 1867 1298 1920 τὴν
1326 1864 1424 1923 ὑπὲρ
1451 1870 1529 1909 τῶν
1559 1865 1812 1921 κατηκόων25

332 1991 407 2024 vios
419 2018 428 2033 ‚
459 1990 558 2024 muris
583 1990 758 2035 diligenter
783 1991 959 2026 obstruxit.
1013 1992 1118 2026 Porro
1150 1992 1265 2026 mirum
1291 1992 1430 2037 cuipiam
1453 1992 1569 2026 merito
1594 1991 1758 2033 videatur,

332 2037 422 2079 quod
438 2036 512 2068 olim
529 2036 702 2069 Persarum
719 2048 790 2075 rex,
814 2037 915 2069 multo
932 2037 983 2069 hic
1000 2042 1190 2080 consumpto
1206 2042 1371 2082 tempore,
1394 2047 1490 2070 unum
1505 2038 1675 2071 dumtaxat
1689 2042 1759 2070 tra-

330 2080 440 2113 mitem
467 2081 630 2113 invenerit
652 2081 930 2123 angustissimum,
953 2081 1051 2124 idque
1066 2082 1271 2114 Graecorum
1294 2081 1499 2126 proditorum
1521 2081 1662 2114 indiciox
1685 2092 1759 2114 cum

330 2124 378 2156 ibi
401 2135 466 2157 non
489 2134 596 2167 pauca
619 2128 730 2158 essent
747 2125 867 2157 itinera
892 2125 980 2158 nullo
999 2126 1171 2169 praeclusa
1186 2137 1278 2159 muro
1291 2151 1302 2168 ‚
1323 2137 1363 2159 ac
1377 2126 1599 2170 plaustrorum
1614 2127 1686 2159 fere
1699 2137 1760 2159 ca-

331 2168 440 2213 pacia.
484 2168 573 2201 Nam
591 2173 624 2201 et
640 2180 730 2201 mare
748 2169 875 2202 radices
897 2170 1052 2202 montium
1068 2170 1250 2212 inundans,
1272 2171 1363 2210 vias,
1386 2181 1472 2214 quae
1494 2170 1570 2203 inde
1591 2180 1761 2204 ascensum

294 2233 298 2244 .
330 2213 456 2246 dabant
466 2237 475 2253 ‚
499 2213 596 2255 longe
615 2213 806 2255 laxaverat,
831 2218 867 2246 et
881 2225 954 2246 cum
970 2219 1062 2247 terra
1076 2215 1233 2248 intercisa
1248 2220 1335 2248 esset
1349 2214 1490 2248 hiatibus
1504 2215 1673 2260 alveisque
1687 2219 1761 2248 tor-

330 2258 475 2290 rentium
490 2257 656 2300 imperviis
668 2285 678 2300 ‚
701 2259 858 2291 rebantur
874 2265 1008 2291 veteres
1022 2259 1096 2292 fieri
1119 2271 1181 2292 non
1202 2270 1302 2304 posse
1311 2288 1321 2303 ‚
1345 2266 1382 2292 ut
1396 2270 1481 2303 quae
1495 2264 1613 2292 natura
1627 2259 1761 2292 divisis-

331 2306 402 2341 set,
427 2312 466 2334 ea
491 2302 575 2335 muri
599 2303 682 2335 bene
706 2303 1012 2347 complecterentur.
1057 2304 1144 2337 Tum
1165 2305 1262 2338 etiam
1278 2304 1496 2337 difficilimum
1511 2314 1647 2348 operum
1661 2304 1762 2336 inerti

331 2347 408 2379 odio
425 2347 534 2389 capti,
558 2347 709 2380 omissam
724 2358 744 2380 a
758 2358 795 2380 se
811 2347 875 2380 loci
892 2347 1111 2381 defensionem
1130 2349 1366 2392 permittebant
1378 2349 1549 2390 fortunae,
1572 2359 1632 2392 spe
1644 2348 1760 2382 salutis

331 2391 365 2424 in
389 2402 428 2423 eo
452 2390 540 2423 iacta
550 2415 560 2430 ‚
583 2392 671 2434 quod
686 2392 774 2424 viam
790 2393 922 2426 barbari
937 2393 1120 2436 ignoraturi
1136 2399 1256 2427 essent.
1302 2394 1354 2427 Eo
1370 2403 1452 2426 vero
1467 2392 1523 2436 qui
1538 2392 1683 2426 laborem
1698 2393 1759 2426 de·-

331 2435 474 2478 fugiunt,
498 2445 582 2478 quae
598 2436 678 2479 ipsis
694 2437 847 2470 videntur
862 2449 1012 2482 operosa,
1035 2449 1074 2470 ea
1091 2449 1152 2471 nec
1169 2438 1240 2472 aliis
1257 2438 1366 2471 facilia
1378 2438 1453 2470 fore
1468 2440 1597 2481 putant.
1642 2437 1760 2478 Quare

331 2491 426 2513 nemo
444 2480 581 2524 posthac
596 2480 776 2514 Iustiniano
792 2484 876 2524 Aug.
891 2482 1020 2515 laudem
1036 2483 1118 2516 hanc
1132 2482 1260 2526 eripere
1274 2481 1462 2522 contendat,
1481 2481 1587 2526 ipsum
1602 2481 1760 2524 omnibus,

333 2529 498 2568 quotquot
513 2534 652 2568 unquam
667 2527 816 2567 fuerunt,
839 2526 1046 2569 providentia
1070 2537 1109 2559 ae
1131 2527 1303 2560 sedulitate
1317 2526 1566 2559 antecelluisse:
1588 2526 1644 2570 qui
1669 2537 1760 2560 mare

332 2569 497 2602 montibus
512 2569 672 2611 vicinum,
696 2574 796 2613 atque
817 2571 900 2603 adeo
917 2571 1144 2604 circumfusum
1165 2571 1409 2615 inundansque,
1431 2571 1579 2614 coegerit
1602 2571 1700 2604 firma
1724 2571 1758 2605 in

331 2614 489 2647 fluctibus
504 2613 720 2657 humectoque
744 2616 777 2647 in
792 2615 908 2647 sabulo
925 2615 1133 2648 fundamenta
1150 2616 1321 2660 accipere3
1346 2616 1446 2649 rebus
1458 2640 1467 2657 ,
1490 2626 1572 2658 quas
1586 2615 1757 2649 manifesto

332 2658 516 2692 contrarias
552 2658 664 2698 utitur,
687 2669 762 2692 sese
775 2661 1042 2698 accommodum
1065 2660 1130 2692 arti
1149 2661 1309 2693 humanae
1323 2661 1463 2702 cedere,
1485 2664 1521 2693 et
1532 2659 1600 2693 vim
1615 2660 1757 2693 afferen-

332 2702 422 2735 tibus
441 2703 528 2736 famu
543 2702 602 2736 ari.
649 2703 731 2736 Cum
746 2708 854 2737 autem
871 2704 963 2736 lucos
978 2704 1143 2748 saltusque
1159 2704 1317 2738 iunxisset
1327 2731 1337 2746 ‚
1360 2705 1403 2738 ad
1418 2707 1546 2738 montes
1559 2703 1757 2738 admovisset

332 2758 442 2790 mare,
465 2751 631 2793 totamque
646 2749 821 2784 Graeciam
837 2748 993 2783 cinxisset
1007 2749 1257 2793 munitionibus,
1279 2760 1345 2785 nou
1360 2749 1457 2784 finem
1471 2753 1530 2785 aut
1550 2749 1677 2784 modum
1691 2758 1755 2793 po-
