1754 3132
210 168 274 213 28
795 172 1058 215 PROCOPII

209 279 458 335 ἔξαγαγοῦσα
491 279 693 330 ἐπέδειξεν.
756 280 970 324 Ἀντωνίνα
997 283 1041 323 δὲ
1069 282 1121 323 τοὶ
1150 283 1223 335 μὲν
1252 287 1393 338 πρῶτα
1420 284 1635 338 περιχαρὴς

209 346 311 402 ἄγαν
328 354 507 402 γεγονυῖα
523 345 599 403 ὕφ’
623 346 771 401 ἡδονῆς
787 349 936 402 ἀχανὴς
961 348 1105 402 ἒζιιεινε,
1139 348 1307 404 χάριτάς
1325 351 1371 392 τί
1389 351 1426 392 οἱ
1446 351 1634 405 δεδρακέ-

207 430 274 456 ναι
297 412 488 469 ὡμολόγει
510 414 685 466 πολλὰς,
718 412 909 470 σώτειραν
929 432 971 457 τε
993 417 1058 456 καὶ
1081 415 1269 471 εὐεργέτιν
1292 416 1551 459 ἀποκαλοῦσαι
1567 419 1633 459 καὶ

205 480 418 523 δέσποιναν
435 480 572 530 ὄντως.
609 486 754 523 τοῦτον
769 483 813 523 δὲ
830 482 899 524 τὸν
922 480 1138 524 Θεοδόσιον
1155 480 1182 534 ἧ
1201 486 1359 536 βασιλὶς
1374 487 1632 537 κατασχοῦσα

204 547 246 588 ἐν
267 549 451 605 παλατίῳ
474 552 631 603 τρυφῆς
650 565 690 589 τε
709 550 774 589 καὶ
801 553 873 602 τῆς
901 549 1025 601 ἄλλης
1047 549 1264 597 εὐπαθείας
1284 549 1418 602 ἠξίου,
1454 566 1630 604 στρατη·
1643 562 1665 595 5

202 611 274 667 γόν
295 631 338 656 τε
359 614 545 667 ἠπείλησε
564 612 773 667 Ῥωμαίοις
793 615 916 657 αὐτὸν
935 616 1007 657 οὐκ
1033 618 1088 663 εἷς
1109 616 1268 669 μακρὰν
1290 614 1630 669 καταστήσεσθαι.

205 679 308 722 ἄλλά
335 697 395 729 τις
423 679 705 735 προτερήσασα
728 684 816 736 δίκη
839 680 946 739 νόσῳ
966 680 1114 723 ἁλόντα
1134 685 1383 736 δυσεντερίας
1404 684 1445 732 ἐξ
1465 681 1632 738 ἀνθρώ-

83 758 115 792 A
139 759 180 794 15
205 763 291 788 πων
317 747 440 788 αὐτὸν
474 748 666 803 ἀφανίζει.
736 744 783 800 ἦν
804 751 848 791 δὲ
867 751 1010 790 οἰκίδια
1037 753 1087 804 τῇ
1110 747 1304 806 Θεοδώρᾳ
1327 747 1544 804 ἀπόκρυφα
1560 750 1632 802 μὲν

155 827 186 861 Β
211 815 276 855 καὶ
305 813 409 862 ὅλως
439 812 642 867 λεληθότα
663 811 822 869 ζοφώδη
844 833 886 857 τε
907 818 973 858 καὶ
994 815 1199 870 ἀγείτονα,
1236 814 1338 857 ἔνθα
1365 815 1415 869 δὴ
1442 815 1532 857 οὕτε
1560 833 1631 856 νυ-

203 880 296 929 κτὸς
331 881 421 923 οὔτε
449 879 601 935 ἡμέρας
634 881 805 935 δήλωσις
839 883 997 936 γίνεται.
1068 883 1247 924 ἐνταῦθα
1276 882 1345 924 τὸν
1378 880 1538 924 Φώτιον
1569 882 1630 923 ἐπὶ
1644 892 1688 925 10

201 945 351 1001 χρόνου
370 952 499 1001 μῆκος
520 950 768 1002 καθείρξασα
793 948 933 1002 ἐτήρει.
970 947 1068 990 ὅθεν
1087 949 1136 1002 δὴ
1157 949 1267 1005 αὐτῷ
1288 949 1430 1003 ξυνέβη
1448 966 1508 997 τις
1531 946 1631 1002 τύχη

205 1014 280 1066 οὐχ
297 1012 406 1063 ἅπαξ
422 1012 570 1067 μόνον,
606 1015 710 1056 ἀλλὰ
728 1017 792 1056 καὶ
811 1018 872 1063 δὶς
890 1013 1135 1070 διαφυγόντα
1153 1015 1442 1070 ἀπαλλαγῆναι.
1496 1017 1562 1056 καὶ
1581 1015 1631 1056 τοὶ

202 1081 278 1133 μὲν
303 1085 444 1136 πρῶτα
471 1082 712 1136 καταφυγών
731 1084 784 1131 εἷς
799 1082 869 1124 τὸν
888 1082 985 1124 ναὸν
1008 1087 1080 1135 τῆς
1100 1081 1295 1124 θεοτόκου
1307 1114 1320 1133 ,
1353 1081 1397 1131 ὃς
1415 1081 1524 1136 παρὰ
1545 1084 1632 1123 Βυ-

206 1148 376 1198 ζαντίοις
398 1145 618 1202 ἄγιώτατός
638 1150 725 1190 ἐστί
740 1165 782 1190 τε
802 1151 867 1190 καὶ
893 1147 1116 1202 ὠνομάσθη
1129 1181 1141 1199 ,
1177 1149 1287 1203 παρὰ
1309 1149 1381 1202 τὴν
1403 1148 1513 1203 ἱερὰν
1531 1145 1632 1204 τροί-

205 1216 325 1264 πεζαν
350 1214 480 1266 ἱκέτης
507 1219 705 1267 καθῆστο.
773 1215 959 1256 ἐντεῦθέν
987 1232 1028 1256 τε
1062 1215 1184 1258 αὐτὸν
1212 1212 1475 1268 ἀναστήσασα
1492 1213 1565 1272 βία
1582 1218 1631 1270 τῇ
1645 1223 1686 1258 15

204 1277 314 1336 πάσῃ
334 1283 543 1333 καθεῖρξεν
565 1277 700 1329 αὖθις.
770 1281 815 1323 τὸ
837 1282 879 1323 δὲ
900 1281 947 1334 δὴ
969 1279 1152 1336 δεύτερον
1173 1283 1213 1330 ἐς
1237 1286 1310 1335 τῆς
1328 1283 1485 1336 Σοφίας
1508 1281 1554 1322 τὸ
1577 1281 1633 1322 ἴε-

203 1346 274 1402 ρόν
301 1345 409 1400 ἥκων
419 1379 432 1399 ,
465 1347 505 1394 ἒς
531 1346 657 1401 αὐτήν
678 1365 754 1389 που
776 1348 849 1401 τὴν
867 1350 984 1390 θείαν
1003 1349 1217 1402 δεξαμενὴν
1237 1349 1470 1397 ἐξαπιναίως
1490 1345 1633 1389 ἐκάθι-

201 1428 293 1465 σεν,
332 1412 454 1468 ἥνπερ
473 1412 651 1465 μάλιστα
669 1412 830 1456 πάντων
848 1416 1074 1468 νενομίκασι
1094 1417 1334 1470 Χριστιανοὶ
1353 1415 1494 1468 σέβειν.
1530 1413 1632 1456 ἀλλὰ

153 1496 186 1530 c
207 1479 402 1523 κάνθένδε
420 1480 594 1534 ἓφέλκειν
616 1481 738 1523 αὐτὸν
759 1479 784 1535 ἦ
804 1481 902 1535 γυνὴ
923 1482 1093 1535 ἴσχυσεν.
1157 1483 1307 1536 χωρίον
1332 1481 1407 1536 γὰρ
1431 1480 1632 1534 ἀβέβηλον

198 1545 358 1589 πώποτε
385 1546 614 1602 ἀνέφαπτον
635 1547 738 1604 αὐτῇ
759 1547 874 1590 οὐδὲν
893 1548 1070 1602 γέγονεν,
1106 1548 1200 1589 ἀλλ’
1224 1548 1326 1604 αὐτῇ
1348 1546 1560 1601 βιάζεσθαι
1579 1547 1687 1591 vdeo

199 1614 290 1670 ἱερὰ
307 1612 519 1668 ξύμπαντα
541 1614 658 1656 οὐδὲν
675 1619 838 1670 πρᾶγμα
861 1614 986 1656 ἐδόκει
1008 1613 1118 1657 εἶναι.
1188 1616 1255 1657 καὶ
1279 1615 1351 1664 ξὺν
1375 1619 1432 1672 τῷ
1454 1612 1570 1673 δήμῳ
1593 1614 1632 1656 οἱ

293 1721 348 1754 12.
379 1717 629 1764 διαφυγόντα]
662 1718 878 1764 διαφυγόντι
910 1720 982 1754 Ριτι.
1119 1721 1170 1755 13-
1206 1719 1308 1763 παραὶ
1332 1721 1408 1754 Vat.
1456 1719 1538 1763 περὶ
1562 1721 1630 1754 ΑΡ.

292 1766 346 1801 14.
377 1763 577 1809 ἂγιοᾶτοιτος
611 1765 716 1800 Alem.
761 1764 958 1806 ἀξιώτατος
984 1765 1055 1799 AP.
1190 1766 1273 1798 ibid.
1303 1766 1424 1809 παρὰ]
1457 1767 1536 1809 περὶ
1561 1767 1630 1798 Ριιι.

291 1812 345 1844 15.
369 1809 487 1855 ἱκέτης
508 1811 612 1844 Alem.
645 1810 786 1853 οἰκέτης
808 1812 877 1845 ΑΡ.
1015 1811 1068 1845 16.
1090 1808 1126 1850 ἒς
1149 1812 1212 1853 τῆς
1234 1813 1379 1853 Σοφίας
1400 1830 1442 1835 -—
1467 1810 1630 1853 ἴσχυσεν]

286 1854 415 1888 Suidas
456 1867 484 1889 s.
522 1867 554 1888 v.
597 1855 785 1899 δεξαμενή.
830 1856 918 1889 unde
956 1860 1129 1890 accentum
1167 1856 1203 1889 in
1244 1855 1440 1900 δεξαμένην
1489 1855 1630 1890 correxi.

293 1902 348 1935 19.
368 1897 573 1944 κάνθένδε]
594 1899 791 1936 κάνθένδεν
813 1901 883 1934 ΑΡ.

198 2000 298 2024 manu
330 1990 488 2034 producit
521 1989 759 2024 Theodosium.
807 1989 966 2023 Protinus
988 1988 1153 2022 Antonina
1175 1999 1298 2023 summo
1322 2000 1485 2034 oppressa
1505 1988 1631 2032 gaudio

198 2035 395 2079 stupefacta
418 2034 544 2068 haesit:
577 2042 681 2078 utque
703 2035 835 2079 recepit
857 2045 948 2074 sese,
979 2034 1182 2067 immortales
1205 2036 1374 2076 Augustae
1395 2034 1524 2078 gratias
1547 2033 1632 2077 egit,

201 2079 442 2120 servatricem,
467 2084 502 2113 et
524 2079 858 2113 beneficentissimam
881 2079 1113 2122 compellavit.
1146 2090 1186 2111 ac
1205 2089 1284 2112 vere
1301 2078 1476 2114 dominam,
1521 2078 1630 2122 Impe-

200 2124 310 2158 ratrix
333 2124 561 2158 Theodosium
586 2125 619 2157 in
643 2125 775 2158 Palatio
799 2123 987 2162 continens,
1011 2124 1162 2156 omnibus
1185 2124 1307 2156 refecit
1329 2124 1480 2164 deliciis,
1510 2128 1545 2156 et
1567 2123 1630 2156 ob-

199 2169 407 2202 lectamentis
430 2169 618 2209 recreavit3
651 2169 733 2202 illud
765 2168 999 2208 interminata,
1031 2169 1127 2200 brevi
1149 2179 1186 2200 se
1210 2168 1435 2201 Theodosium
1461 2167 1631 2201 exercitus

198 2214 317 2246 ducem
339 2213 497 2246 Romanis
521 2215 682 2247 daturam.
729 2213 799 2246 Sed
824 2213 922 2257 plane
945 2213 1128 2246 antevertit
1149 2212 1233 2246 ultio
1258 2213 1393 2254 divina,
1423 2224 1510 2256 quae
1539 2212 1629 2246 illum

198 2257 430 2292 intestinorum
463 2258 666 2292 difficultate
694 2264 887 2302 correptum
918 2270 937 2290 e
969 2257 1054 2291 vivis
1076 2258 1248 2291 subduxit.
1297 2259 1404 2291 Erant
1427 2257 1631 2291 'l‘heodorae

197 2303 411 2343 reconditae,
434 2304 626 2345 abstrusae,
650 2303 818 2346 nullisque
841 2303 1002 2336 finitimae
1025 2302 1287 2336 habitationibus
1309 2302 1501 2344 custodiae,
1522 2312 1630 2345 usque

198 2348 284 2380 adeo
308 2353 442 2387 terrae,
467 2354 506 2380 ut
528 2348 605 2381 inde
629 2349 749 2381 nullum
776 2347 843 2380 diei
866 2348 921 2380 vel
943 2347 1075 2387 noctis,
1105 2346 1262 2380 indicium
1285 2348 1476 2380 discernere
1499 2347 1630 2390 potuis-

195 2402 270 2432 ειη
303 2393 450 2425 vinctum
484 2393 518 2425 in
551 2394 602 2425 his
635 2393 788 2426 Photium
823 2393 880 2425 diu
905 2392 1060 2425 detinuit.
1106 2393 1174 2424 Sed
1201 2391 1312 2424 nescio
1335 2404 1402 2435 quo
1426 2402 1504 2425 casu
1526 2392 1628 2424 semel

198 2441 302 2480 atque
335 2437 456 2470 iterum
490 2437 570 2470 inde
602 2437 798 2480 aufugiendi
822 2438 913 2469 facta
936 2437 983 2469 illi
1008 2441 1060 2470 est
1083 2437 1330 2480 opportunitas.
1377 2436 1464 2469 Tum
1489 2435 1626 2479 primum

196 2481 231 2514 in
255 2481 423 2525 Deiparae
446 2482 588 2525 templo,
619 2482 708 2526 quod
733 2482 907 2526 Byzantiis
929 2481 1169 2514 sanctissimum
1195 2486 1263 2521 est,
1294 2493 1334 2515 ac
1355 2480 1558 2519 nominatur,
1583 2480 1626 2512 ad

195 2537 325 2560 sacram
349 2537 440 2560 aram
465 2527 606 2570 supplex
631 2527 804 2565 consistit3
828 2538 900 2559 eum
924 2526 1003 2558 inde
1026 2537 1086 2570 per
1109 2526 1175 2558 vim
1202 2537 1242 2558 ac
1263 2526 1371 2558 scelus
1394 2524 1544 2558 avulsum
1569 2536 1626 2558 cu-

196 2570 307 2604 stodia
329 2582 443 2604 rursus
466 2571 617 2604 includit.
663 2571 820 2604 Secundo
843 2571 964 2604 deinde
986 2572 1158 2613 inopinato
1183 2581 1220 2602 se
1241 2570 1335 2604 abdit
1355 2569 1391 2602 in
1413 2580 1541 2602 sacrum
1565 2569 1627 2602 So-

197 2615 298 2660 phiae
328 2616 443 2660 templi
479 2615 707 2656 emissarium,
741 2616 835 2648 cuius
864 2626 986 2648 summa
1020 2614 1226 2647 Christianis
1253 2615 1320 2647 ritu
1351 2614 1487 2647 solemni
1509 2614 1626 2657 religio

198 2665 267 2695 est=
291 2672 403 2695 verum
427 2660 505 2694 inde
525 2661 624 2693 etiam
648 2672 721 2694 eum
746 2661 943 2693 abstrahere
966 2660 1023 2692 illa
1046 2670 1110 2692 non
1134 2659 1327 2699 exhorruit,
1351 2659 1405 2692 cui
1428 2659 1536 2692 nullus
1558 2664 1626 2693 tam

197 2711 334 2739 sanctus
357 2706 448 2739 visus
473 2710 526 2738 eut
546 2705 658 2746 locus,
697 2716 794 2748 quem
824 2715 890 2737 non
923 2704 1076 2742 violarit;
1117 2703 1196 2747 quin
1231 2714 1291 2747 pro
1314 2703 1416 2737 nihilo
1441 2704 1539 2737 duxit
1559 2703 1625 2736 vim

197 2750 346 2786 omnibus
367 2751 494 2785 inferte
512 2749 630 2786 sacris.
676 2751 726 2783 Ac
750 2750 830 2783 licet
853 2754 919 2783 tum
943 2748 1100 2794 populna,
1136 2753 1172 2781 et
1194 2748 1415 2783 sacerdotum
1437 2749 1518 2782 ordo
1541 2748 1624 2782 faci-
