1858 3126
526 173 602 216 DE
633 170 930 216 AEDmcus·
953 170 1031 216 lv.
1076 169 1124 216 9.
1327 156 1329 158 ’
1451 167 1551 214 297

104 291 234 350 ἔρυμα
257 290 351 348 τῇδε
377 287 610 343 πεποίηται.
677 288 740 331 ἐπὶ
769 286 877 342 τείχη
909 285 954 330 δὲ
982 285 1035 330 τὰ
1063 283 1201 342 μακρὰ
1228 281 1389 327 ε’νθὲνδε
1417 279 1552 334 ῗόντας

103 357 406 418 ὀλίγαιῦπειπεῖν
425 356 549 407 ἄξιον.
1122 367 1123 370 ’

236 425 296 470 θ’.
355 424 419 468 ‘H
434 423 627 468 θάλασσα
649 424 691 475 ἐξ
716 422 893 467 ὠκεανοῦ
913 424 980 466 καὶ
992 421 1193 473 Ἱσπανίας
1215 426 1288 478 γῆν
1311 420 1384 477 τὴν
1404 419 1550 480 Εὗρω-
1571 423 1603 458 Β

102 495 434 554 παίανᾶριστερᾷ
457 494 671 548 ποιουμένη
693 493 809 550 μέχρι
828 493 901 546 μὲν
916 493 956 543 ἒς
982 490 1146 552 Θρᾴκην
1164 491 1268 534 κατὰ
1285 495 1413 534 ταῦτα
1428 497 1561 548 χωρεῖ
1577 481 1611 517 V
1635 480 1703 517 45²

63 565 208 622 ·-5πρὸς
229 561 440 619 ἀνίσχοντά
469 580 546 606 που
574 562 643 606 τὸν
668 561 801 617 ἥλιον,
835 560 952 604 ἔνθεν
982 562 1025 603 δὲ
1054 561 1262 616 σχιζομένη
1290 559 1346 615 πὴ
1377 560 1450 614 μὲν
1490 561 1554 602 ἐπὶ

103 633 178 688 τὴν
195 631 299 691 ἑῴαν
315 633 524 675 στέλλεται
541 637 708 688 μοῖραν,
745 630 800 683 πὴ
830 631 874 671 δὲ
903 630 1006 672 κατὰ
1027 630 1161 687 βραχὺ
1184 629 1374 686 ἐγκαρσία
1395 645 1554 685 γεγενη-

103 702 202 758 μένη
221 701 290 744 τὸν
310 699 496 751 Εὔξεινον
516 699 757 754 καλούμενον
776 698 964 740 ἀποτελεῖ
977 696 1135 740 πόντον.
1203 699 1244 748 ἐς
1266 696 1486 750 Βυζάντιον
1513 699 1557 740 δέ

104 758 499 827 ἅφικομένηξῶσπερ
539 769 602 810 ἐπὶ
632 765 781 822 νύσσης
813 766 920 817 τινὸς
953 767 1115 821 καμπὴν
1146 773 1314 809 ποιεῖται
1358 767 1464 823 ἀμφὶ
1503 766 1557 809 τὰ

104 839 209 896 πρὸς
238 839 289 881 ἕω
317 842 390 893 τῆς
418 835 590 888 πόλεως,
625 838 770 891 πλαγία
798 852 839 878 τε
872 839 1008 892 πολλῷ
1034 839 1189 889 μᾶλλον
1214 835 1271 877 ἔτι
1299 836 1483 890 γινομένη
1515 836 1557 878 ἓν

44 910 286 965 ’1οπορθμῷ
304 907 430 957 ἵεται,
467 905 618 959 ἰσθμὸν
638 909 710 959 τῆς
735 902 900 963 Θρᾴκης
924 903 975 946 τά
997 921 1037 946 τε
1061 902 1199 960 πρόσω
1225 905 1290 945 καὶ
1315 903 1464 955 ὀπίσω,
1502 901 1558 953 ὥς

104 976 152 1019 τὸ
180 975 306 1027 εἰκὸς,
343 974 594 1031 ἐργαζομένη.
663 973 738 1027 οὐχ
770 972 830 1014 ὅτι
855 975 895 1022 ἐς
924 972 1067 1029 ἐκροὰς
1095 973 1276 1015 ἐνταῦθα
1307 970 1332 1026 ἡ
1361 971 1558 1015 θάλασσα
1581 974 1612 1008 C

105 1046 302 1102 μερίζεται
329 1042 424 1094 δύο,
461 1037 562 1100 ᾗπερ
590 1042 631 1084 ἐν
659 1049 744 1092 τοῖς
770 1041 906 1091 ἄλλοις
930 1043 1096 1095 ἰσθμοῖς
1120 1041 1282 1092 εἴωθεν,
1316 1040 1420 1082 ἀλλὰ
1445 1039 1563 1098 περι-Δ

104 1107 351 1169 στρεφομένη
388 1128 429 1153 τε
467 1112 711 1165 θαυμασίως
751 1109 805 1161 ὥς
847 1112 913 1151 καὶ
956 1111 1273 1167 περιβαλλομένη
1311 1107 1562 1166 ἑκατέρωθεν

109 1179 276 1240 Θρᾴκην
297 1197 338 1222 τε
365 1179 437 1234 τὴν
463 1179 589 1234 ἄλλην
617 1181 683 1221 καὶ
715 1177 985 1236 διαφερόντως
1012 1178 1063 1221 τοὶ
1093 1179 1156 1220 ἐπὶ
1183 1179 1406 1229 Βυζαντίου
1431 1176 1563 1236 προοί-

54 1261 99 1298 15
109 1266 221 1292 στεια
241 1246 386 1291 πάντα.
453 1250 756 1301 οἷκοδομοῦνται
779 1249 823 1289 δὲ
844 1249 910 1289 καὶ
933 1247 1250 1304 περιστέλλουσιν
1272 1247 1310 1288 οἱ
1337 1245 1464 1303 ταύτῃ
1491 1246 1563 1289 ι’ίν-

107 1322 270 1375 θρωποι
297 1317 348 1358 τὰ
373 1314 590 1373 προάστεια
621 1316 693 1370 οὐχ
716 1316 810 1358 ὅσον
839 1316 879 1366 ἐς
900 1317 1066 1372 χρείαν,
1104 1315 1196 1357 ἀλλ’
1224 1315 1264 1365 ἐς
1283 1314 1402 1372 ὓβριν
1424 1316 1564 1371 τεκαὶ

106 1386 265 1443 τρυφὴν
282 1383 375 1441 ὅρον
395 1384 466 1427 οὔκ
491 1384 682 1439 ἔχουσαν,
718 1387 782 1426 καὶ
802 1383 878 1427 ὅσα
899 1383 1004 1426 ἄλλα
1029 1382 1204 1426 πλούτου
1227 1384 1387 1434 ἐξουσία
1409 1385 1449 1434 ἒς
1470 1383 1566 1434 τοὺς

107 1452 350 1510 ἀνθρώπους
372 1455 488 1495 ἰοῦσα
510 1459 624 1495 ποιεῖ.
694 1452 838 1495 ἔπιπλά
861 1470 901 1494 τε
924 1454 1207 1494 κατατίθενται
1228 1453 1408 1495 ἐνταῦθα
1434 1452 1566 1494 πολλὰ

107 1523 175 1566 καὶ
215 1520 496 1576 διαπονήματα
527 1521 567 1562 ἓν
595 1521 731 1571 αὐτοῖς
760 1522 1063 1575 ἔνδελεχὲστατα
1091 1521 1270 1575 ἔχουσιν·
1306 1522 1466 1563 ἐπειδὰν
1495 1516 1566 1563 οὖν

53 1594 304 1634 Ξθκαταθεῖν
328 1607 440 1639 τινας
458 1594 538 1631 τῶν
559 1591 757 1643 πολεμίων
780 1594 854 1644 γῆν
876 1589 948 1644 τὴν
963 1588 1171 1643 Ῥωμαίων
1192 1591 1427 1640 ἐξαπιναίως
1454 1592 1567 1640 ξυνε-

108 1660 268 1714 νεχθείη
278 1689 291 1708 ,
329 1658 442 1701 οὐδὲν
462 1656 609 1711 ὁμοίως
627 1665 710 1708 τοῖς
731 1657 868 1708 ἄλλοις
883 1660 1048 1714 χωρίοις
1065 1661 1384 1715 προστρίβεσθαι
1405 1658 1478 1713 τὴν
1498 1660 1567 1712 ζη-

112 1729 210 1783 μίαν
235 1727 413 1769 {nawa
437 1727 663 1779 ξυμβαίνει,
702 1726 806 1768 ἀλλὰ
834 1734 972 1776 κακοῖς
999 1726 1101 1782 ἄγαν
1127 1733 1212 1777 τοῖς
1235 1727 1464 1781 ἀνηκέστοις
1485 1732 1566 1781 βα-
1585 1731 1620 1767 D

114 1794 310 1852 ρ’ύνεσθαι
332 1794 384 1836 τὰ
407 1794 530 1850 ἐκείνῃ
547 1796 691 1851 χωριά.
761 1793 783 1836 ὃ
813 1795 863 1848 δὴ
894 1795 1145 1837 ἀναστέλλειν
1157 1794 1418 1845 Ἀναστάσιος
1443 1800 1568 1849 βασι-

116 1864 208 1914 mn,-
230 1863 298 1907 διὰ
321 1864 499 1917 σπουδῆς
523 1862 622 1917 ἔχων
649 1864 690 1905 ἓν
715 1860 866 1918 χώροις
887 1862 962 1916 οὐχ
981 1857 1106 1917 ἧσσον
1125 1863 1150 1918 η’
1172 1863 1471 1920 τεσσαράκοντα
1491 1880 1567 1918 ση-

59 1933 241 1987 25μείοις
278 1935 352 1974 τοῦ
379 1933 600 1983 Βυζαντίου
644 1931 820 1985 διέχουσι
862 1931 1003 1989 μακρὰ
1043 1931 1409 1987 οἶκοὸομησάμενος
1444 1933 1569 1988 τείχη,

110 2060 356 2142 ἕοωιηιιηὶωιε
380 2059 456 2094 hinc
469 2070 553 2094 vero
567 2059 764 2106 priusquam
779 2059 978 2095 accedamus
993 2059 1036 2095 ad
1052 2071 1165 2095 muros
1179 2061 1300 2106 longos
1310 2087 1322 2105 ,
1343 2072 1454 2107 pauca
1469 2073 1572 2107 prae-

128 2106 179 2142 ari
191 2105 358 2140 convenit.

203 2153 237 2187 9.
283 2152 381 2186 Mare
403 2151 447 2186 ab
470 2162 598 2186 oceano
613 2151 844 2197 Hispaniaque
866 2163 942 2186 sese
965 2151 1155 2193 insinuans,
1179 2153 1351 2197 Europam
1369 2151 1503 2198 seponit
1526 2151 1570 2186 ad

112 2197 266 2240 laevam,
291 2202 326 2232 et
343 2197 505 2232 orientem
520 2198 708 2242 aequaliter
730 2198 835 2243 petit,
858 2197 965 2231 donec
981 2198 1165 2232 Thraciam
1183 2199 1307 2242 attigit.
1355 2198 1445 2232 Hinc
1460 2210 1498 2232 se
1521 2198 1571 2232 ita

113 2243 234 2286 findit,
255 2247 294 2278 ut
309 2254 388 2289 pars
404 2243 449 2278 ad
464 2249 572 2278 ortum
596 2248 740 2289 pergat,
770 2255 849 2288 pars
864 2244 1000 2288 obliquo
1017 2244 1139 2278 sensim
1158 2250 1268 2278 meatu
1285 2249 1423 2290 pontum
1440 2244 1572 2278 efficiat

86 2298 88 2304 ’
113 2289 292 2324 Euxinum.
339 2289 389 2322 Ut
410 2289 610 2334 Byzantium
632 2290 807 2335 pervenit,
831 2289 874 2323 ad
896 2289 1085 2323 exortivum
1103 2290 1195 2324 urbis
1219 2290 1328 2333 latus,
1353 2294 1513 2335 tanquam
1528 2290 1571 2323 ad

113 2340 252 2377 metam,
275 2345 405 2369 cursum
426 2335 552 2369 flectit:
577 2340 646 2369 tum
672 2347 710 2369 se
736 2335 837 2369 multo
862 2335 965 2379 magis
996 2335 1171 2380 obliquans
1195 2335 1366 2380 procurrit
1389 2336 1423 2370 in
1451 2336 1570 2378 sinum,

115 2385 170 2423 et,
191 2380 282 2425 quod
298 2392 504 2425 consequens
521 2386 573 2415 est
585 2407 596 2423 ,
619 2393 663 2415 ex
678 2380 848 2415 Thraciae
871 2387 988 2426 parte,
1012 2391 1112 2426 quam
1128 2393 1148 2415 a
1165 2383 1274 2416 fronte
1292 2387 1328 2415 et
1348 2386 1446 2426 tergo
1461 2382 1571 2416 inter-

114 2425 215 2470 cipit,
242 2426 399 2460 Isthmum
419 2426 524 2468 sacit3
548 2438 613 2460 non
629 2427 719 2472 quod
735 2427 781 2460 ibi
796 2437 905 2468 mare,
928 2427 1027 2461 sicuti
1042 2427 1085 2461 ad
1102 2427 1242 2462 isthmos
1262 2433 1416 2462 caeteros
1431 2428 1571 2471 assolet,

115 2470 152 2505 in
164 2481 316 2506 recessus
332 2472 481 2516 geminos
501 2472 643 2507 divisum
662 2472 736 2506 hinc
751 2473 828 2506 inde
843 2472 909 2515 sit,
933 2473 990 2506 sed
1008 2473 1086 2517 quia
1102 2473 1244 2508 mirabili
1263 2474 1410 2508 flexione
1425 2485 1498 2507 cum
1514 2484 1573 2507 re-

118 2515 241 2561 liquam
255 2517 438 2552 Thraciam
453 2518 607 2563 utrinque
621 2518 844 2562 amplectitur,
872 2523 939 2552 tum
956 2529 1039 2552 vero
1055 2519 1196 2554 maxime
1212 2521 1439 2554 suburbanum
1457 2531 1571 2563 agrum

120 2571 250 2597 omnem
263 2562 432 2607 Byzantii.
476 2565 576 2598 Hunc
592 2564 754 2598 aedificiis
770 2564 863 2597 cives
880 2570 1047 2609 occupant
1066 2565 1306 2611 decorantque,
1325 2578 1392 2599 non
1407 2565 1513 2599 solum
1529 2564 1572 2598 ad

121 2606 215 2640 vitae
222 2617 314 2652 usus,
325 2609 383 2642 sed
399 2609 441 2643 ad
455 2609 569 2644 luxum
583 2610 683 2644 etiam
698 2609 895 2644 insolentem
906 2610 1106 2655 deliciasqus
1121 2611 1322 2651 immodicas,
1336 2617 1370 2644 et
1386 2611 1429 2644 ad
1443 2621 1573 2643 omnem

119 2651 310 2694 licentiam,-
323 2663 420 2698 quam
434 2655 537 2689 affert
550 2655 748 2690 mortalibus
764 2656 946 2701 opulentia.
992 2656 1134 2690 Multam
1147 2658 1194 2691 ibi
1209 2657 1452 2702 supellectilem
1467 2667 1572 2700 repo-

120 2701 226 2739 nunt3
246 2698 351 2734 multa
363 2699 523 2745 singulari
545 2706 619 2736 arte
637 2702 810 2736 elaborata
823 2707 1012 2736 asservant.
1058 2704 1156 2736 Haec
1170 2713 1282 2737 autem
1297 2704 1371 2736 loca
1384 2713 1450 2735 non
1465 2701 1572 2735 minus

121 2742 312 2776 detrimenti
333 2754 431 2788 quam
446 2753 581 2781 caetera
594 2759 636 2781 ex
658 2747 799 2781 hostium
814 2747 996 2792 repentinis
1019 2748 1052 2781 in
1068 2749 1166 2784 Rom.
1182 2748 1355 2793 imperium
1372 2747 1571 2780 incursioni-

121 2787 186 2822 bus
202 2787 429 2841 accipiebant:
452 2792 532 2835 quin
546 2797 582 2827 et
595 2793 736 2826 omnium
760 2792 904 2838 pessime
918 2794 1153 2828 vastabantur.
1199 2794 1327 2828 Malum
1343 2798 1500 2826 avertere
1515 2804 1570 2826 sa-

121 2837 243 2879 tagens
256 2844 337 2880 unp.
350 2835 564 2882 Anastasius,
587 2838 838 2884 quadragesimo
857 2839 900 2874 ab
917 2839 1002 2874 urbe
1020 2839 1134 2885 lapide
1147 2840 1266 2884 longos
1282 2849 1396 2874 muros
1410 2838 1571 2874 aedifica-
