1754 3132
187 159 251 206 62
462 133 465 136 ’
770 162 1035 206 PROCOPII

182 271 255 327 μὲν
275 267 390 325 ἐκύει,
419 268 553 315 πάντα
572 271 615 314 δὲ
635 271 776 326 σχεδὸν
795 271 1036 326 τεχνάζουσα
1053 268 1338 327 ἓξαμβλῦσκειν
1357 272 1481 324 εὐθὺς
1495 271 1621 328 ἴσχυε.

183 337 374 389 πολλάκις
407 341 451 382 δὲ
478 339 554 382 κᾶν
583 344 641 398 τῷ
665 339 829 398 θεάτρῳ
849 339 927 382 ’ὑπὸ
951 345 1082 397 θεατῇ
1106 342 1225 382 παντὶ
1249 344 1308 398 τῷ
1335 338 1450 400 δήμῳ
1471 339 1624 383 ἀπεδύ-

183 405 286 450 σατό
316 424 358 449 τε
385 409 452 449 καὶ
477 407 607 462 γυμνὴ
641 407 707 448 διὰ
733 408 855 460 με’σον
877 407 1026 463 ἐγένετο
1040 440 1053 459 ,
1090 407 1196 463 ἀμφὶ
1216 407 1268 449 τὰ
1291 409 1425 450 αἰδοῖα
1444 407 1623 458 καὶτοὺς

182 478 400 528 βουβῶνας
425 473 607 527 διάζωμα
637 474 784 527 ἔχουσα
811 472 958 529 μόνον,
997 474 1070 528 οὐχ
1096 474 1157 516 ὅτι
1183 473 1319 527 μέντοι
1342 472 1536 531 ᾐσχύνετο
1555 477 1624 517 καὶ

183 546 316 584 ταῦτα
342 546 399 598 τῷ
431 539 548 598 δήμῳ
569 539 790 593 δεικνύναι,
826 541 919 583 ἀλλ’
948 540 1008 584 ὅτι
1028 543 1210 583 ἐνταῦθα
1231 539 1464 584 παντάπασι
1482 541 1618 598 παριὲ-
1633 549 1655 583 5

182 627 251 652 ναι
287 607 418 651 οὐδενὶ
444 608 595 658 ἔξεστιν
624 607 685 650 ὅτι
712 609 770 662 μὴ
801 613 858 666 τῷ
885 609 989 664 ἀμφὶ
1020 608 1115 657 τοὺς
1142 612 1357 662 βουβῶνας
1379 606 1505 662 μόνον
1533 606 1626 651 διά-

186 678 299 730 ζωμα
318 676 459 728 ἔχοντι.
508 673 615 717 οὕτω
637 676 773 729 μέντοι
787 681 859 718 τοῦ
880 675 1086 730 σχήματος
1106 675 1278 729 ἔχουσα,
1315 673 1624 718 ἀναπεπτωκυΐά

184 761 228 785 τε
259 744 299 784 ἓν
329 747 386 800 τῷ
412 740 550 798 ἐδάφει
559 774 572 794 ,
609 740 732 784 ὑπτία
755 742 892 786 ἔκειτο.
961 747 1086 798 θῆτες
1107 742 1152 784 δέ
1171 758 1295 793 τινες,
1335 740 1395 791 οἷς
1417 742 1466 797 δὴ
1492 743 1539 785 τὸ
1557 742 1624 798 ἴρ-

182 827 252 865 γον
272 807 364 852 τόδε
393 809 557 851 ἐνέκειτο
570 842 583 861 ,
620 810 768 864 κριθὰς
790 811 893 867 αὐτῇ
913 809 1088 866 ὕπερθεν
1108 813 1188 852 τῶν
1212 809 1376 851 αἰδοίων
1395 810 1620 865 ἐρρίπτουν,

182 875 233 926 ἃς
263 877 313 930 δὴ
342 877 379 918 οἳ
405 881 544 931 χῆνες,
593 878 637 918 οἳ
658 879 697 926 ἒς
727 882 849 920 τοῦτο
877 876 1240 932 παρεσκευασμένοι
1268 874 1482 931 ἐτύγχανον
1491 908 1504 928 ,
1541 884 1624 925 τοῖς
1638 884 1679 916 10

183 942 384 998 στόμασιν
403 944 565 986 ἐνθένδε
585 945 688 986 κατὰ
714 947 811 998 μιάν
844 943 1072 998 ἀνελόμενοι
1102 944 1265 997 ἤσθιον.
1334 942 1359 997 ἦ
1391 943 1435 985 δὲ
1462 943 1536 996 οὐχ
1565 942 1625 986 ὅτι

186 1011 259 1053 οὐκ
286 1013 522 1067 ἓρυθριῶσα
555 1012 813 1064 ἐξανίστατο,
846 1012 949 1054 ἀλλὰ
974 1014 1039 1053 καὶ
1071 1008 1385 1067 φιλοτιμουμένῃ
1409 1011 1471 1051 ε’πὶ
1497 1008 1625 1066 ταύτῃ

185 1078 236 1133 δὴ
264 1083 314 1134 τῇ
339 1076 478 1134 πράξει
509 1075 631 1135 ἐῴκει.
700 1076 749 1134 ἦν
773 1079 849 1134 γὰρ
872 1079 944 1121 οὐκ
965 1079 1229 1132 ἀναίσχυντος
1249 1075 1396 1131 μόνον,
1432 1076 1536 1119 ἀλλὰ
1560 1079 1627 1119 καὶ

183 1145 541 1199 ἀναισχυντοποιὸς
559 1143 720 1188 πάντων
737 1145 930 1199 μάλιστα.
979 1144 1169 1194 πολλάκις
1188 1146 1232 1186 δὲ
1248 1146 1314 1187 καὶ
1337 1143 1626 1198 ἀποδυσαμὲνη

183 1212 255 1262 ξὺν
284 1218 370 1261 τοῖς
395 1214 534 1266 μίμοις
562 1213 602 1254 ἐν
628 1213 738 1270 με’σῳ
778 1211 945 1267 εἱστήκει
972 1212 1221 1267 λορδουμένη
1249 1228 1292 1253 τε
1321 1212 1388 1253 καὶ
1417 1210 1469 1252 τὰ
1498 1210 1625 1254 ὀπίσω
1639 1219 1679 1254 15

181 1280 451 1321 ἀποκοντῶσα
480 1286 565 1328 τοῖς
593 1297 635 1322 τε
667 1278 877 1334 διάπειραν
911 1279 1038 1334 αὐτῆς
1066 1279 1199 1333 ἔχουσι
1227 1280 1293 1320 καὶ
1317 1284 1402 1326 τοῖς
1423 1276 1536 1320 οῧπω
1556 1295 1629 1320 πε-

180 1344 423 1401 πλησιακόσι
455 1346 506 1387 τὰ
534 1348 577 1388 ἔκ
603 1349 858 1402 παλαίστρας
885 1352 960 1401 τῆς
991 1347 1094 1403 αὐτῇ
1120 1347 1312 1393 εἷωθυίας
1331 1345 1627 1400 βρενθυομένη.

180 1413 289 1456 οὕτω
324 1414 367 1455 δὲ
399 1411 636 1463 ἀκολάστως
665 1417 719 1463 εἷς
750 1415 796 1456 τὸ
828 1418 947 1467 σῶμα
976 1414 1023 1456 τὸ
1055 1413 1182 1467 αὐτῆς
1207 1412 1387 1467 ὕβριζεν,
1425 1410 1526 1454 ὥστε
1554 1411 1628 1465 τὴν

179 1483 283 1523 αἰδῶ
325 1480 398 1523 οὐκ
440 1482 481 1522 ἔν
525 1485 576 1537 τῇ
614 1486 689 1535 τῆς
725 1480 883 1536 φύσεως
921 1479 1037 1540 χώρᾳ
1071 1480 1175 1522 κατὰ
1212 1479 1342 1522 ταύτὰ
1368 1485 1456 1527 ταῖς
1486 1477 1628 1528 ἄλλαις

177 1549 380 1603 γυναιξὶν,
437 1547 540 1589 ἀλλὰ
590 1549 631 1590 ἓν
674 1553 732 1606 τῷ
777 1546 982 1606 προσώπῳ
1022 1548 1121 1601 ἔχειν
1162 1545 1300 1588 ἐδόκει.
1370 1545 1410 1588 οἳ
1443 1546 1517 1599 μὲν
1557 1541 1682 1588 οἷνέῡ

179 1614 285 1672 αὐτῇ
321 1613 605 1669 πλησιάζοντες
642 1615 801 1670 ἔνδηλοι
836 1615 962 1664 εὐθὺς
1002 1614 1076 1656 ἀπ’
1122 1613 1249 1656 αὐτοῦ
1293 1608 1422 1667 ἦσαν,
1477 1611 1539 1654 ὅτι
1577 1613 1628 1666 δὴ

179 1682 228 1724 οὗ
270 1682 373 1725 κατὰ
407 1679 533 1735 νόμον
578 1687 652 1737 τῆς
692 1681 851 1739 φύσεως
890 1682 964 1731 τὰς
1003 1683 1128 1736 μίξεις
1165 1684 1399 1723 ποιοῦνται·
1457 1677 1546 1722 ὅσοι
1585 1681 1629 1722 δὲ

270 1803 304 1837 6.
343 1801 395 1845 τῷ
434 1813 500 1836 om.
542 1801 622 1835 vat.
759 1803 793 1836 9.
826 1798 1045 1844 ἐρρίπτουν]
1080 1797 1248 1844 ἔρριπτον
1281 1798 1360 1833 vat.
1499 1798 1556 1834 11.
1586 1795 1630 1842 ἤ-

275 1847 413 1890 σθιον]
454 1847 598 1881 εἷ’σθιον
638 1845 730 1880 Med.
783 1847 930 1881 εἷ’σθεον
963 1846 1042 1879 Vat.
1188 1844 1241 1879 14.
1282 1842 1544 1888 οἷποδυσαμὲνη
1582 1862 1629 1868 --

269 1891 537 1935 ἄποκονταῖσοι]
566 1891 690 1925 Suidas
723 1902 754 1925 s.
786 1903 819 1925 v.
851 1890 1088 1935 λορδουμένη.
1234 1890 1288 1924 15.
1323 1888 1413 1933 ξῦν]
1449 1887 1517 1923 σύν
1548 1888 1629 1923 Vat-

273 1938 357 1972 ibid.
381 1936 628 1982 λορδουμένη]
653 1935 888 1981 πορδουμένη
913 1937 1005 1971 Med.
1143 1936 1196 1971 17.
1221 1931 1500 1981 βρενθυομένη]
1523 1934 1639 1980 βειεν·ἱ

272 1981 450 2028 θεωμένη
475 1983 569 2017 Med.
705 1984 761 2017 22.
785 1983 1003 2026 ποιοῦνται]
1029 1981 1221 2021 ποιοῦντες
1244 1981 1327 2015 Vat.

181 2095 280 2130 quam
302 2083 511 2128 voluptatem
533 2082 746 2127 exploratum
766 2081 847 2118 iret.
893 2081 990 2122 Quos
1012 2092 1115 2125 saepe
1137 2081 1251 2115 foetus
1273 2080 1490 2124 conciperet,
1521 2077 1630 2113 medi-

181 2128 344 2163 camentis
368 2129 443 2162 fere
465 2139 578 2162 omnes
600 2127 713 2161 statim
738 2128 859 2161 abortu
882 2127 1054 2170 egerebat.
1079 2126 1117 2158 In
1140 2127 1275 2160 theatro
1299 2135 1532 2168 nonnunquam
1558 2125 1630 2157 fre—

179 2177 307 2219 quente
343 2174 468 2218 populo
492 2172 535 2207 ad
558 2172 789 2217 spectaculum
820 2171 912 2206 nuda
936 2172 1100 2216 processit
1122 2171 1158 2204 in
1181 2170 1345 2211 medium,
1378 2169 1560 2204 cincticulo
1585 2168 1628 2202 ad

178 2219 322 2263 inguina
355 2220 544 2263 pubemque
576 2217 682 2251 solum
714 2217 910 2262 praecincta
939 2228 1005 2251 non
1030 2216 1118 2260 quod
1143 2217 1227 2249 haec
1252 2215 1389 2260 aperire
1417 2214 1543 2259 populo
1567 2225 1629 2248 ve·-

177 2268 334 2303 teretur,
365 2264 427 2298 sed
458 2263 548 2307 quod
580 2262 662 2296 illuc
692 2262 814 2296 nemini
846 2261 984 2307 prodire
1015 2262 1087 2294 sine
1118 2260 1327 2305 subligaculo
1358 2260 1494 2304 penitus
1515 2258 1630 2293 liceat.

177 2309 256 2343 Hoc
278 2308 398 2342 habitu
421 2308 581 2352 resupina
602 2308 738 2341 iacebat
756 2307 856 2341 humi.
904 2307 1018 2347 Servi,
1042 2306 1165 2350 quibus
1187 2306 1224 2339 id
1247 2309 1324 2339 erat
1342 2315 1456 2346 curae,
1479 2304 1631 2339 verenda

176 2354 228 2388 illi
251 2353 381 2387 hordeo
405 2364 654 2398 conspergere,
688 2363 895 2396 anseresque
919 2356 1056 2395 paratos
1078 2351 1280 2391 immittere,
1312 2349 1372 2394 qui
1407 2359 1518 2392 grana
1550 2348 1629 2382 inde

176 2398 314 2443 singula
337 2403 517 2443 captarent
540 2398 584 2432 ad
608 2403 752 2442 pastum.
799 2398 943 2431 Istorum
968 2396 1052 2431 adeo
1074 2396 1166 2430 illam
1189 2406 1254 2429 non
1277 2394 1439 2440 pudebat,
1463 2397 1503 2428 ut
1525 2393 1626 2427 etiam

175 2443 353 2478 insisteret
385 2455 427 2477 ac
458 2443 634 2477 videretur
666 2455 685 2476 e
720 2454 759 2476 re
791 2442 922 2476 laudem
957 2452 1132 2486 quaerere.
1180 2441 1271 2474 Erat
1300 2438 1387 2473 enim
1421 2449 1487 2472 non
1523 2438 1628 2472 solum

175 2487 365 2533 impudica,
389 2488 451 2522 sed
475 2487 757 2533 impudicitiarum
781 2487 948 2530 magistra
970 2486 1114 2520 omnium
1137 2483 1417 2529 ingeniosissima.
1465 2482 1554 2516 Nam
1576 2483 1630 2516 in-

176 2537 232 2568 ter
255 2533 381 2567 medios
404 2533 518 2567 mimos
540 2545 644 2576 saepe
670 2533 790 2566 nudum
814 2544 935 2577 corpus
959 2535 1061 2576 atque
1082 2531 1255 2565 incurvum
1289 2528 1528 2564 obscenissime
1553 2527 1630 2571 agi-

175 2581 297 2620 tabat,
321 2581 357 2612 et
380 2589 454 2612 cum
477 2579 567 2622 apud
591 2578 776 2611 familiares
808 2581 877 2610 tum
913 2577 1003 2621 apud
1028 2586 1085 2609 eos
1108 2575 1166 2619 qui
1189 2585 1300 2608 secum
1324 2573 1434 2606 adhuc
1456 2584 1522 2606 non
1546 2583 1627 2606 con-

178 2626 346 2664 suessent,
368 2628 475 2658 artem
499 2623 690 2667 palaestrae
714 2633 797 2655 suae
821 2621 1000 2665 magnifice
1023 2620 1187 2655 iactabat.
1211 2619 1325 2652 Tanta
1341 2618 1468 2652 demum
1479 2617 1629 2651 insolen-

178 2670 229 2702 tia
245 2668 407 2702 lasciviae
427 2679 486 2702 suo
503 2679 647 2711 corpore
663 2669 768 2702 abusa
782 2670 847 2707 est,
870 2672 907 2700 ut
921 2667 955 2700 in
970 2667 1084 2699 fronte
1098 2665 1172 2709 ipsa
1193 2665 1368 2709 praeferre
1384 2661 1626 2707 turpitudinem

181 2714 368 2754 videretur,
387 2724 484 2758 quam
502 2713 635 2747 seminis
655 2719 777 2746 natura
798 2711 947 2745 seclusit.
971 2710 1040 2751 Qui
1060 2722 1132 2744 cum
1145 2709 1331 2743 Theodora
1347 2719 1416 2742 rem
1431 2707 1628 2742 habuissent

182 2771 225 2794 eo
259 2758 619 2804 deprehendebantur,
654 2757 744 2803 quod
775 2757 907 2792 Venere
939 2759 1116 2791 uterentur
1150 2754 1271 2790 alienis
1293 2764 1315 2788 a
1337 2756 1459 2788 natura
1481 2751 1627 2797 legibus.
