1800 3126
597 92 788 138 NOTAE
819 94 1112 139 ALEMANNI.
1487 95 1586 140 359

120 209 231 250 num,
260 199 466 250 Iustinam,
491 205 532 238 et
559 201 828 240 Iustinianum
852 204 1039 255 suscepit.
1096 204 1161 241 Ex
1188 199 1267 241 hoc
1286 203 1470 254 Procopii
1496 203 1584 241 loco

120 259 260 296 erroris
289 259 469 308 arguitur
488 257 713 310 Onophrius
743 261 975 308 Panvinius‚
1007 261 1076 312 qui
1103 261 1256 298 Iustino
1283 261 1472 297 Germani
1500 260 1583 297 filio

118 315 371 352 matrimonio
400 315 531 364 iungit
558 316 842 366 Vigilanfiam3
873 329 994 369 quam
1024 325 1063 355 et
1090 317 1299 356 Iustiniani
1326 316 1454 353 filiam
1480 315 1582 354 falso

123 368 270 417 credit3
301 368 374 408 sed
402 369 452 408 de
479 369 543 408 his
572 372 690 410 infra.

231 427 280 464 P.
295 426 364 474 39,
386 427 428 466 9.
487 427 672 479 N'uptiae
698 427 926 466 Anastasio
955 430 1090 480 nepoti
1109 428 1299 480 perficere
1327 427 1584 478 maturabat]

119 483 222 520 Nam
249 484 423 533 graviter
449 492 657 534 aegrotans
680 483 910 533 Theodora,
937 487 1075 535 paucis
1103 492 1194 536 post
1221 484 1428 523 mensibus
1457 484 1582 530 obiit3

118 537 218 576 haec
245 540 355 576 enim
382 539 563 578 incidunt
590 542 633 578 in
661 554 810 578 annum
837 542 1048 578 Iustiniani
1075 543 1318 592 vigesimum
1344 539 1578 588 secundum,
1603 539 1631 574 P
1654 541 1700 576 98

118 593 282 648 quando‘
308 603 348 634 et
365 594 604 635 Theodorae
633 597 799 645 obitum,
831 604 870 634 et
888 599 1113 635 Antoninae
1142 611 1196 634 ex
1223 599 1337 634 Italia
1363 596 1581 648 profectio-

115 664 233 700 nem,
273 659 314 690 et
339 653 523 691 Belisarii
558 653 608 692 ob
644 666 730 691 rem
756 653 863 691 male
892 661 1066 705 gestam,
1107 652 1282 692 reditum
1309 656 1353 692 in
1385 655 1580 692 orientem

115 714 248 746 narrat
275 710 493 761 Procopius
520 710 550 746 l.
575 710 603 750 3
629 710 726 747 bell.
756 708 892 747 Gotth.

226 765 275 802 Ρ.
304 763 372 812 40,
401 765 443 807 5.
499 766 692 804 Extincto
721 764 998 817 imperatrice]
1026 766 1164 802 Mense
1192 766 1332 813 Iunio,
1361 763 1579 803 indictione

114 819 256 872 prima,
286 828 333 859 ut
359 820 480 859 habet
506 821 788 874 Theophanes,
821 835 925 860 auno
954 822 1114 873 imperii
1143 822 1352 859 Iustiniani
1380 822 1577 871 vigesimo

114 875 312 926 secundo,
342 891 488 929 nempe
517 881 667 916 exactis
696 881 738 916 iu
766 880 935 930 imperio
966 880 1080 916 aunis
1111 891 1191 916 mlo
1223 884 1262 914 et
1289 878 1458 927 viginti,
1502 879 1577 914 tri-

112 933 268 985 busque
294 935 519 972 mensibus:
559 936 774 986 Procopius
803 936 832 973 1.
863 939 887 977 3
917 935 1012 972 bell.
1044 932 1181 972 Gotth.
1238 935 1304 971 Ex
1331 932 1394 970 his
1425 935 1577 983 corrige

112 990 320 1028 Octavium
347 1003 371 1028 a
397 991 590 1042 Rosberg.
655 990 871 1043 Theodora,
899 992 1052 1044 iuquit,
1083 991 1231 1028 mulier
1259 990 1578 1041 sapientie-sima,

110 1046 259 1084 marito
287 1046 336 1085 ob
371 1054 606 1085 senectutem
634 1046 848 1096 delirante,
886 1047 1179 1099 rempublicam
1216 1048 1389 1083 maxime
1422 1045 1577 1097 guber—

109 1103 236 1141 navit.
293 1105 396 1140 Nam
428 1103 671 1142 lastinianus
700 1107 846 1142 mentis
879 1117 1041 1156 compos
1079 1103 1304 1154 complures
1345 1115 1469 1140 annos
1505 1115 1576 1139 su-

108 1159 271 1210 perfuit.
329 1161 483 1198 Obiisse
511 1159 772 1199 Theodoram
799 1161 935 1199 scribit
959 1163 1095 1200 Victor
1116 1160 1360 1206 Tunnensis,
1391 1159 1576 1195 canceris

100 1215 236 1266 plaga
263 1229 424 1267 corpore
451 1214 535 1254 foto
558 1218 780 1268 perfusam.
837 1220 943 1255 Num
970 1218 1146 1253 moriens
1184 1216 1414 1266 resipuerit,
1456 1215 1577 1252 silent

107 1269 301 1308 historici.
359 1273 478 1310 Solus
507 1271 777 1322 Theophanes
805 1274 970 1309 brevem
992 1272 1107 1309 illam
1136 1284 1278 1309 vocem
1308 1269 1434 1319 addit,
1463 1265 1576 1311 εὗσε-

106 1328 189 1379 βῶς
218 1323 432 1379 ἐκοιμήθη.
488 1329 564 1364 Ρίε
591 1329 763 1364 moritur
772 1343 787 1375 ,·
824 1329 859 1366 si
886 1334 1022 1365 tamen
1063 1325 1114 1364 ad
1143 1329 1432 1378 poenitentiam
1463 1327 1571 1364 male
1591 1326 1622 1361 A
1647 1325 1692 1360 13

106 1396 131 1420 a
159 1381 374 1421 Theodora
411 1384 608 1420 factorum
650 1383 989 1435 comprobandam
1026 1382 1191 1422 eruditis
1228 1385 1323 1422 viris
1363 1385 1459 1421 satis
1495 1381 1573 1422 hoc

106 1452 193 1477 esse
220 1445 372 1491 potest,
402 1438 512 1491 quod
541 1453 595 1477 ex
623 1448 811 1478 consueta
835 1441 994 1493 imperii
1024 1453 1070 1477 ac
1096 1441 1324 1492 principum
1353 1441 1574 1477 reverentia

105 1496 209 1534 solet
243 1497 439 1547 usurpari.
496 1498 599 1534 Nam
635 1495 684 1534 de
713 1499 923 1535 Anastasio
962 1499 1201 1548 imperatore
1231 1498 1462 1544 Haeretim,
1503 1498 1573 1548 qui

106 1550 296 1590 divinitus
319 1553 489 1590 fulmine
516 1554 617 1591 ictus
646 1554 818 1602 interiit,
855 1555 1098 1591 Iustinianus
1129 1553 1290 1591 novella
1319 1555 1572 1605 quiuquage-

104 1609 206 1646 sima
233 1621 362 1658 nona,
393 1616 432 1646 et
460 1610 555 1647 alibi
584 1623 702 1662 saepe
728 1613 804 1659 ait,
837 1606 1092 1658 Ἀναστοὲσιος
1122 1608 1144 1650 ὁ
1170 1612 1241 1661 τῆς
1271 1604 1465 1661 εὐσεβοῦς
1492 1604 1572 1661 λή-

104 1666 216 1713 ξεως.
271 1666 524 1703 Anastasius
558 1668 630 1717 qui
658 1668 728 1718 pie
766 1674 951 1705 mortuus
991 1674 1063 1705 est.
1118 1667 1172 1703 Et
1199 1667 1261 1704 vir
1295 1666 1570 1704 sanctissimus

103 1721 228 1759 Sabas
257 1735 349 1759 cum
376 1721 519 1760 eodem
546 1724 753 1761 Haeretico
782 1725 1020 1775 imperatore
1058 1724 1228 1775 loquens
1257 1723 1412 1760 venisse
1442 1735 1484 1760 se
1515 1723 1570 1759 ait

103 1778 163 1826 εἰς
190 1775 235 1819 τὸ
262 1781 539 1831 προσκυνῆσαι
568 1776 616 1818 τοὶ
645 1779 736 1831 ἴχνη
770 1782 842 1831 τῆς
876 1779 1070 1832 ὖμετέρας
1103 1775 1326 1831 εὐσεβείας,
1363 1777 1424 1816 ad
1460 1776 1571 1815 ado-

102 1832 239 1872 randa
275 1836 449 1886 vestigia
486 1842 642 1872 vestrae
670 1838 862 1886 pietatis,
907 1835 1020 1888 apud
1041 1837 1239 1887 cyrillum
1267 1833 1566 1886 Scythopolita-

101 1903 215 1928 num.
271 1893 325 1928 Et
362 1890 560 1944 quidquid
601 1899 684 1930 erat
717 1894 1004 1944 imperatorum
1046 1905 1093 1929 ea
1131 1892 1399 1930 venerationis
1434 1891 1565 1928 forma

100 1948 403 1996 nominabatur,
444 1955 489 1986 ut
509 1950 631 2000 pium
667 1950 901 2000 imperium,
937 1951 1059 2000 pium
1090 1954 1235 1998 caput,
1267 1948 1348 1999 pia
1375 1948 1567 1998 vestigia,

101 2018 154 2041 ac:
173 2003 322 2056 pedes,
361 2000 510 2057 εὐσεβῆ
547 2005 660 2057 ἴχνη,
700 2006 743 2042 in
783 2020 846 2057 ep.
878 2006 1159 2056 episcoporum
1196 2002 1250 2040 ad>
1284 2004 1566 2041 Iustinianum.

97 2061 152 2098 Et
178 2061 435 2099 Marcellinus
458 2059 632 2099 eundem
659 2063 915 2100 Anastasium
943 2074 1078 2100 mrum
1107 2061 1297 2113 appellat·
1355 2061 1463 2112 Lege
1491 2058 1567 2097 has

98 2124 211 2156 notas
242 2117 295 2155 ad
320 2130 413 2169 pag.
443 2120 494 2160 61
526 2118 598 2156 liu.
622 2121 662 2160 8.

209 2175 257 2212 P.
273 2173 340 2222 41,
357 2177 398 2215 3.
457 2175 625 2226 Sergius
640 2174 803 2213 Bacchi
819 2175 957 2226 filius]
986 2175 1090 2213 Tres
1110 2171 1259 2211 Bacchi
1287 2171 1361 2209 filii
1390 2172 1434 2210 in
1451 2172 1565 2209 Afri-

99 2242 196 2268 cana
223 2229 480 2282 expeditione
514 2232 699 2281 fuerunt,
739 2233 888 2284 Cyrus,
919 2232 1081 2282 Sergius
1112 2237 1152 2268 et
1182 2230 1375 2268 Solomon
1403 2230 1562 2275 iunior3

97 2299 194 2324 nam
229 2289 363 2326 senior
393 2286 538 2326 horum
578 2289 797 2327 avunculus
830 2295 935 2338 erat,
971 2288 1043 2341 qui
1077 2294 1168 2339 post
1195 2287 1437 2324 Belisarium
1474 2298 1560 2323 rem

97 2344 296 2394 praeclare
335 2346 458 2396 gessit
493 2352 628 2383 contra
665 2347 929 2394 Mauritanos,
972 2357 1071 2397 quos
1110 2351 1150 2382 et
1192 2345 1355 2382 omnino
1395 2341 1560 2380 delevit.

97 2399 157 2436 De
183 2407 353 2453 utroque
372 2402 603 2451 Solomone,
634 2400 763 2454 deque
792 2403 922 2454 Sergii
948 2401 1127 2440 moribus
1154 2401 1282 2438 fusius
1313 2407 1432 2451 atque
1455 2399 1560 2435 libe—

99 2457 181 2493 rius
215 2457 351 2496 scribit
386 2459 605 2510 Procopius
645 2459 674 2497 l.
705 2462 732 2500 2
760 2459 856 2496 bell.
886 2457 1012 2497 Vaud.
1049 2456 1280 2509 ibidemque
1319 2454 1368 2493 de
1409 2457 1558 2492 Ioanne

99 2511 299 2562 Sisinioli,
341 2528 442 2567 quae
485 2516 657 2553 multam
696 2516 830 2553 lucem
872 2514 1043 2553 afferunt
1078 2512 1173 2551 huic
1210 2515 1313 2552 loco.
1373 2512 1557 2548 Meminit

99 2567 324 2608 Solomonis
359 2573 525 2612 senioris
562 2574 727 2625 eiusque
766 2573 916 2624 patriae
953 2569 1190 2611 Solachonis
1227 2567 1556 2620 Theophylactus

100 2623 316 2663 Simocatta
340 2627 371 2664 1.
399 2631 427 2669 2
455 2642 490 2666 c.
518 2629 560 2669 3.

210 2681 413 2731 P.41,10.
440 2684 704 2737 Areobynthi]
727 2685 892 2736 Legitur
908 2690 946 2722 et
956 2680 1208 2735 Areobyndi3
1226 2681 1326 2719 alius
1343 2686 1415 2728 est,
1437 2691 1558 2731 quem

100 2737 174 2774 sub
193 2738 399 2779 Anastasio
417 2743 588 2794 populus
610 2743 892 2794 imperatorem
919 2740 1196 2788 consalutavit,
1225 2745 1269 2777 ut
1297 2736 1432 2775 scribit
1451 2737 1562 2772 Mar-
