1754 3132
176 159 205 202 8
695 159 952 202 ARGUMEN
955 160 1082 200 TUM.

174 275 382 319 iniquissime
405 276 550 309 habitus.
600 277 691 310 Uxor
708 276 829 309 Iustini
845 287 911 309 non
933 275 1015 308 sinit
1034 276 1221 309 Iustiniano
1243 276 1365 308 nubere
1382 275 1602 309 Theodoram.

176 320 299 354 Iustini
327 322 404 364 lege
432 321 651 354 Senatoribus
681 322 845 354 connubia
873 332 946 354 cum
963 320 1102 354 scenicis
1121 333 1161 353 ac
1179 321 1407 353 meretricibus
1428 321 1601 364 permissa.

178 366 250 407 Quo
270 365 325 398 die
341 366 387 398 ad
407 366 586 418 Imperium
603 366 732 399 accitus
751 366 968 398 Iustinianus.
993 366 1062 407 (9.)
1128 366 1288 398 Auctoris
1305 365 1468 398 iudicium
1487 366 1528 398 de
1545 366 1602 398 Iu—

175 410 318 443 stiniani
351 411 570 443 matrimonio
606 422 680 443 cum
721 411 907 443 Theodora.
957 411 1050 451 Quae
1069 412 1187 452 forma
1223 410 1368 452 corporis
1396 410 1604 443 Theodorae.

178 455 265 487 Eius
283 455 452 488 consensio
472 467 544 488 cum
565 455 765 488 Iustiniana.
789 456 881 498 (10.)
927 455 1135 487 lastinianus
1149 455 1237 487 nihil
1255 466 1322 487 non
1337 459 1464 495 mutat,
1487 460 1526 487 ut
1542 466 1602 487 no-

178 511 253 532 men
279 511 373 532 suum
395 505 587 544 propaget,
621 500 709 532 illud
734 500 831 532 rebus
856 500 972 533 multis
997 500 1154 532 iudendo.
1199 499 1381 532 Pecuniam
1404 500 1604 542 profundit.-

178 555 241 577 sua
270 545 494 588 prodigentia
520 545 690 577 Barbaros
719 545 842 578 allicit.
887 545 1066 578 Avaritiae
1090 555 1193 576 causa
1218 544 1414 576 Haereticos
1436 545 1605 588 exagitat.

178 589 465 621 Montanistarum
497 590 665 622 horrenda
696 589 896 633 desperatio.
942 589 1156 621 Samaritani
1181 589 1228 620 ad
1255 589 1426 621 Christum
1447 589 1607 630 conversi,

177 634 360 666 maximam
375 639 508 677 partem
530 635 576 667 ad
592 634 811 667 Manichacus
827 639 859 666 et
874 635 1052 677 Polytheos
1077 633 1245 676 deficiunt.
1292 633 1426 666 Rustici
1450 634 1607 666 Samari-

178 679 256 711 tani
269 689 342 711 cum
359 690 416 711 suo
437 679 533 722 Rege
552 679 651 712 caesi.
697 680 913 722 Persequitur
927 679 1136 711 lastinianus
1155 678 1323 718 Gentiles,
1354 682 1470 721 turpes
1484 689 1607 722 puero-

178 734 253 756 rum
275 728 463 763 amatores,
485 728 518 756 et
532 724 741 767 Astrologos.
775 725 850 767 (11.
853 725 869 765 )
938 724 1087 767 Insignis
1094 725 1198 765 fraus
1214 723 1250 754 in
1266 722 1446 763 Zenonem,
1467 724 1505 755 in
1524 723 1610 756 alios

176 768 377 808 Senatores,
401 773 434 800 et
453 769 489 800 in
508 769 668 801 Ioannem
687 769 1159 802 Edessenum.1ustinianus
1174 779 1214 799 ac
1233 767 1408 800 Theodora
1425 769 1610 801 Daemones

178 813 300 845 habiti.
345 813 556 845 lastinianus
575 824 597 845 a
614 814 784 846 Daemone
796 817 912 856 fertur
926 814 1082 856 genitus.-
1105 813 1196 845 visus
1211 812 1282 844 sine
1301 812 1412 856 capite
1425 813 1610 846 ambulare.

180 857 274 889 Mira
301 857 463 890 Monachi
491 858 586 890 visio.
635 859 842 891 lastinianus
865 870 930 890 non
954 859 1044 898 cibo,
1066 869 1133 890 non
1147 868 1279 896 somno,
1300 858 1358 889 sed
1376 858 1496 889 Veneri
1515 858 1611 890 dedi—-

179 907 245 935 tus.
292 902 376 934 Rem
397 914 470 935 cum
493 903 685 935 Lemuribus
703 904 805 936 habet
825 903 1015 935 Theodora.
1061 903 1147 934 Eius
1163 902 1340 934 somnium.
1364 902 1456 943 (12.)
1507 903 1611 934 Iusti-

179 947 277 978 niani
302 947 425 979 lenitas
451 950 637 991 affectata.-
680 948 736 980 ira
761 949 798 980 in
825 948 1008 991 supplices.-
1038 949 1147 990 favor
1172 947 1339 989 impensus
1363 947 1611 979 sacerdotibus.-

180 992 294 1034 qualis
318 993 451 1034 pietas.-
484 993 651 1024 consensio
677 1004 750 1025 cum
779 993 977 1025 Theodora.-
1009 992 1141 1024 leuitas.
1191 991 1390 1023 Triboniani
1414 993 1612 1025 assentatio.

181 1036 363 1068 Iustiniani
377 1048 473 1069 amor
491 1042 524 1069 et
540 1038 674 1069 odium.-
699 1038 872 1070 avaritia.-
893 1037 1002 1080 pretio
1010 1038 1106 1078 fixae
1125 1040 1159 1068 et
1174 1037 1299 1078 refixae
1315 1037 1418 1079 leges.
1466 1037 1613 1077 Quinam

180 1081 236 1113 illi
255 1081 431 1114 carissimi.
481 1082 565 1113 Eius
580 1083 739 1124 perfidia.
784 1082 926 1115 Ieiunia.
953 1082 1046 1123 (13.)
1110 1081 1295 1113 Iustiniani
1314 1081 1492 1113 barbaries.
1541 1082 1614 1113 Ini-

182 1137 249 1169 qua
273 1126 413 1159 iudicia.
460 1126 558 1158 Nihil
575 1128 719 1159 Senatui
736 1127 803 1159 nisi
820 1138 940 1159 nomen
962 1127 1129 1158 relictum.
1175 1126 1332 1158 Pondera
1350 1126 1457 1158 librae
1476 1127 1612 1159 Themi-

182 1171 254 1209 dis,
278 1182 409 1203 aurum.
455 1171 695 1223 Referendarii
723 1182 854 1204 munus.
900 1171 1120 1203 Praetoriani
1144 1174 1338 1212 extorquent
1360 1171 1500 1203 iudicia.
1546 1171 1614 1204 Leo

183 1215 274 1247 Cilix
292 1220 409 1247 auctor
427 1216 592 1248 vendendi
607 1216 705 1248 iuris.
728 1214 821 1258 (14.)
893 1216 1089 1248 Theodorae
1111 1215 1315 1247 crudelitas.-
1339 1226 1422 1247 cura
1451 1216 1614 1258 corporis.

176 1262 307 1302 fastus.-
328 1261 453 1302 pedum
470 1261 606 1292 oscula.-
629 1261 839 1293 calumniae:
862 1260 1029 1293 saevitia.-
1049 1259 1283 1302 ignominiosa
1299 1259 1429 1292 iniuria
1443 1261 1480 1292 in
1498 1261 1615 1293 Patri-

182 1305 288 1337 cium:
312 1315 454 1336 secessus
471 1305 507 1336 in
523 1305 705 1337 Heraeum.
725 1306 816 1347 (15.)
866 1305 1044 1337 Theodora
1061 1304 1331 1336 Amalasunthae
1343 1309 1449 1347 parat
1466 1306 1615 1339 exitium.

182 1350 237 1382 Ad
265 1349 302 1381 id
321 1350 458 1382 Petrum
478 1350 622 1382 inducit.
670 1350 787 1382 Prisco
815 1350 1011 1382 insidiatur.
1056 1349 1280 1381 Areobindum
1289 1350 1462 1390 famulum
1479 1351 1619 1393 pessime

183 1394 295 1426 habet.
339 1395 528 1426 Basianum
559 1394 787 1426 crudelissime
816 1399 924 1427 necat.
971 1394 1145 1437 Exagitat
1162 1394 1371 1436 Diogenem..
1407 1395 1618 1428 Theodorum

184 1443 329 1482 torquet.
355 1439 447 1481 (16.)
514 1440 694 1471 Theodora
708 1440 745 1471 in
762 1450 892 1471 crucem
912 1439 991 1481 agit
1009 1439 1241 1480 Praefectum,
1264 1439 1354 1480 quod
1374 1439 1535 1472 Venetum
1551 1441 1617 1473 da-

184 1483 323 1516 mnarit.
369 1484 564 1516 Meretrices
591 1484 637 1516 ad
661 1484 832 1516 meliorem
852 1486 997 1527 frugem
1017 1484 1142 1526 adigit.
1189 1482 1324 1515 Nobiles
1336 1484 1487 1525 feminas
1505 1491 1615 1518 vexat.

185 1529 342 1560 Ioannem
360 1529 477 1571 filium
506 1540 601 1561 suum.
621 1529 764 1561 nothum
779 1529 914 1561 occidit.
961 1529 1160 1560 Mulieribus
1183 1528 1348 1560 adulteris
1367 1530 1617 1571 patrocinatur.

185 1573 369 1625 Episcopos
399 1578 433 1606 et
460 1574 692 1617 Magistratus
713 1577 816 1606 creat.
862 1573 1083 1605 Matrimonia
1099 1572 1262 1605 nobilium
1279 1578 1386 1606 curat.
1431 1574 1619 1607 Saturnino

184 1618 392 1650 meretricem
420 1619 620 1661 despondet,
645 1623 677 1650 et
705 1623 895 1660 querentem
919 1618 1037 1657 illum,
1069 1629 1127 1650 ceu
1149 1628 1312 1660 puerum
1335 1620 1456 1661 flagro
1485 1621 1619 1663 etr-cipit.

186 1664 278 1695 Acta
307 1663 344 1694 in
370 1663 530 1695 Ioannem
557 1664 801 1706 Cappadocem.
836 1664 928 1705 (17.)
1000 1663 1123 1695 Clades
1141 1673 1163 1694 a
1183 1662 1372 1695 Iustiniuno
1392 1664 1472 1695 Orbi
1487 1665 1619 1698 illatae.

186 1708 358 1750 Africana
376 1708 566 1740 calamitas.
611 1709 800 1741 Belisarius
816 1709 906 1740 male
926 1719 964 1739 ex
978 1708 1100 1749 Africa
1116 1708 1471 1741 revocatus.1taliae
1496 1711 1619 1742 clades.

187 1753 288 1785 Fines
308 1753 446 1793 Imperii
466 1753 627 1785 Gotthici.
672 1753 882 1786 Incursiones
900 1753 1132 1784 Barbarorum
1150 1753 1186 1783 in
1203 1751 1386 1795 Europam.
1432 1754 1620 1787 Saraceno-

187 1808 263 1829 rum
291 1809 331 1829 ac
356 1798 538 1830 Persarum
561 1798 776 1840 irruptiones.
823 1797 1030 1829 lastinianus
1052 1798 1210 1829 bellorum
1230 1802 1359 1829 auctor.
1404 1798 1622 1842 Praepostere

190 1843 222 1874 Τ
220 1843 393 1885 heologus.
439 1843 586 1886 Strages
599 1843 723 1875 civiles.
769 1842 1010 1874 Inundationes
1014 1842 1207 1884 fluminum.
1257 1842 1382 1875 Terrae
1397 1847 1518 1876 motus.
1555 1845 1622 1877 Pe-

187 1887 353 1920 stilentia.
377 1887 469 1927 (18.)
536 1887 712 1919 Somnium
731 1887 772 1919 de
788 1887 968 1919 Iustiniani
986 1887 1149 1919 avaritia.
1195 1887 1346 1919 Relictas
1363 1888 1405 1920 ab
1422 1888 1506 1932 Imp.
1525 1889 1623 1922 Ana-

190 1932 295 1964 stasio
327 1942 404 1974 opes
430 1933 618 1974 profundit.
685 1932 848 1964 Subditos
876 1932 1021 1974 expilat.-
1059 1932 1097 1964 in
1123 1932 1294 1964 Barbaros
1315 1933 1491 1976 prodigus.
1531 1936 1623 1976 (19.)

189 1977 388 2018 Praefectus
412 1977 624 2009 Vaenalitiis.
671 1977 835 2009 Instituta
850 1977 1052 2019 monopolia.
1101 1977 1244 2009 Praetor
1262 1977 1370 2020 plebis
1390 1982 1422 2010 et
1445 1978 1624 2019 Quaesitor

190 2033 275 2054 noue
301 2021 418 2053 creati.
464 2022 667 2063 Deformata
699 2021 1153 2062 Quaestura.'1'riboniano
1186 2022 1334 2054 succedit
1360 2023 1508 2055 Iunilus:
1545 2024 1624 2056 huic

193 2066 450 2099 Constantinus.
502 2066 683 2108 Utriusque
718 2076 836 2098 mores.
879 2065 973 2107 (20.)
1042 2065 1182 2098 Aerium.
1213 2066 1386 2098 tributum.
1433 2067 1625 2111 Rapacitas

195 2111 448 2152 Praefectorum
474 2111 591 2143 Praet.
646 2111 779 2142 Phocac
805 2115 839 2142 et
861 2110 956 2142 Bessi
979 2110 1177 2154 integritas.
1229 2111 1470 2153 Praefecturae
1495 2114 1626 2146 locatae

191 2155 314 2198 pretio.
362 2155 431 2187 Lea·
449 2155 491 2187 de
508 2155 738 2197 Praefecturis
754 2155 870 2197 gratis
888 2156 1022 2187 dandis.
1062 2156 1289 2198 Magistratus
1304 2157 1511 2190 conductitii.
1545 2159 1624 2191 Sce-

195 2201 297 2232 lerati
317 2200 413 2243 Reip.
432 2201 610 2242 praefecti.
635 2200 799 2232 Barbaris
818 2200 903 2232 data
922 2201 1107 2242 grassandi
1123 2201 1228 2243 copia.
1253 2203 1306 2235 (2¹
1316 2203 1344 2242 .)
1390 2202 1513 2234 Ioanni
1532 2203 1625 2246 Cap-

192 2245 318 2288 padoci
341 2245 518 2286 Praefecto
540 2245 716 2277 Praetorio
741 2245 950 2287 subrogatur
969 2246 1177 2278 Theodotus:
1200 2245 1278 2278 huic
1297 2247 1417 2279 Petrus
1435 2248 1626 2280 Barsames.

197 2290 242 2321 1'·
213 2301 280 2321 ms·
311 2291 448 2322 scelera.
498 2291 672 2322 Collector.
719 2290 896 2322 Frumenti
918 2290 1050 2333 putridi
1079 2291 1282 2323 distributio.
1325 2291 1447 2324 Petrus
1472 2293 1624 2326 Theodo—

195 2346 255 2367 rae
279 2335 471 2367 carissinms
498 2335 536 2366 ob
564 2335 709 2378 &lagiae
734 2335 905 2377 peritiam.
952 2335 1134 2367 Iustiniani
1159 2336 1290 2368 levitas.
1336 2337 1456 2370 Petrus
1489 2338 1625 2370 aerario

193 2381 399 2423 praeficitur.
448 2380 612 2411 'Vummus
629 2391 750 2411 aureus
766 2379 961 2412 diminutus.
985 2380 1078 2421 (22.)
1145 2381 1290 2412 Sublata
1308 2382 1530 2425 vectigalium
1548 2393 1625 2414 con-

196 2426 345 2457 donatio.
395 2426 441 2456 De
461 2424 939 2467 lnnona,1mpositione‚ac
957 2425 1194 2468 Descriptione.
1238 2426 1470 2459 Barbarorum
1488 2427 1626 2470 Byzan-

197 2469 238 2502 tii
255 2469 428 2512 agentium
448 2469 639 2501 multitudo.
663 2470 757 2511 (23.)
808 2470 827 2500 1
831 2470 927 2501 exuti
942 2470 1077 2502 milites.
1111 2470 1246 2513 Triplex
1265 2482 1376 2503 eorum
1390 2472 1484 2504 ordo.
1515 2472 1625 2513 Quam

198 2515 312 2557 inique
330 2526 352 2545 a
371 2514 567 2557 Logothetis
587 2514 707 2546 habiti.
755 2514 882 2546 Milites
911 2514 1087 2546 limitanei.
1134 2515 1312 2547 Scholarii.
1359 2515 1624 2559 Supernumera-

199 2560 255 2592 rii.
305 2560 481 2592 Domestici
502 2564 534 2590 et
555 2558 778 2591 Protectores.
827 2559 1080 2601 Quinquennale
1099 2559 1297 2592 donatiuum
1314 2560 1492 2594 sublatum.
1533 2562 1626 2603 (24.)

202 2604 323 2637 Vexati
338 2605 517 2637 institores.
563 2602 802 2636 Nummularii.
849 2604 1022 2636 Sericarii.
1068 2604 1175 2636 Serici
1187 2605 1343 2647 pretium.
1367 2605 1459 2647 (25.)
1511 2607 1627 2640 Iacent

199 2649 392 2683 Causidici:
426 2649 550 2680 Medici
571 2652 602 2680 ct
628 2648 819 2680 liberalium
845 2648 1100 2691 disciplinarum
1118 2649 1289 2692 magistri.
1334 2650 1480 2683 Sublata
1493 2656 1627 2694 specta—

199 2698 296 2729 cula.-
319 2694 446 2727 sublati
466 2693 631 2726 Consules.
678 2693 869 2735 Pauperum
888 2693 1032 2726 vexatio.
1078 2693 1204 2726 Romae
1222 2694 1452 2728 Praetorianis
1472 2696 1628 2729 relictum

199 2753 221 2774 n
238 2739 443 2775 'Pheodorieo
457 2738 677 2783 stipendium,
708 2738 854 2781 itemque
872 2740 1084 2780 frumentum
1101 2739 1306 2782 pauperibus
1324 2740 1365 2772 D.
1381 2740 1487 2774 Petri.
1533 2741 1628 2775 Haec
