1858 3126
333 138 433 188 184‘
915 141 1176 185 PROCOPH

327 253 452 296 αὐτοῦ
474 251 624 310 μητέρα
650 250 762 295 ἲτέον.
826 252 975 302 πολλὰς
994 252 1123 294 τοίνυν
1151 251 1355 308 ἐκκλησίας
1374 251 1644 305 ’Ῑουστινιανὸς
1665 259 1749 308 βα-ὲ·

326 322 458 371 σιλεὺς
478 326 526 376 τῇ
547 319 722 376 θεοτόκῳ
740 320 919 373 ἐδείματο
943 318 1166 373 πανταχόθι
1186 325 1256 374 τῆς
1268 319 1471 374 Ῥωμαίων
1492 322 1618 378 ἀρχῆς
1642 322 1746 364 οὕτω

327 388 378 442 δὴ
408 392 711 443 μεγαλοπρεπεῖς
738 388 803 428 καὶ
829 387 1095 442 παμμεγέθεις
1121 388 1187 428 καὶ
1211 387 1424 443 χρημάτων
1455 387 1557 446 ὄγκῳ
1587 391 1747 445 ἐξεργα-

325 457 492 505 σθείσας
513 454 715 511 ὑπερφυεῖ,
746 452 867 504 ὥστε,
900 453 950 507 ἤν
974 471 1033 503 τις
1058 455 1152 506 μιάν
1176 454 1304 496 αὐτῶν
1329 455 1429 496 κατὰ
1454 455 1579 508 μόνας
1602 460 1746 513 θεῷ’το,

327 521 512 564 εἰκάσειεν
540 521 588 563 ἂν
616 526 729 562 τοῦτο
755 521 862 578 αὐτῷ
877 519 997 574 μόνον
1017 520 1225 577 εῗργάσθαι
1245 522 1290 563 τὸ
1311 521 1422 577 ἔργον
1438 525 1502 564 καὶ
1524 525 1610 579 περὶ
1629 526 1779 565 τοῦτοό

326 589 594 642 ήσχολημένον
612 587 766 629 ἅπαντα
784 593 854 642 τῆς
874 590 1077 641 βασιλείας
1097 594 1339 644 κατατρῖψαι
1358 588 1426 630 τὸν
1439 588 1595 646 χρόνον.
1646 590 1748 631 ἀλλὰ

327 661 418 707 νῦν,
454 655 548 711 ὅπερ
581 653 709 706 εἶπον,
746 655 797 697 τὰ
824 657 885 697 ἐπὶ
907 656 1125 707 Βυζαντίου
1158 654 1242 711 ἱερά
1269 671 1337 708 μοι
1364 654 1614 711 γεγράψεται.
1679 657 1750 698 τὸν

273 729 306 764 D
328 723 400 776 μὲν
422 717 491 763 οὖν
522 723 588 763 ἕνα
613 726 683 775 τῆς
710 720 900 764 θεοτόκου
930 724 1027 764 νεὼν
1054 722 1335 780 ᾠκοδομήσατο
1358 722 1434 779 πρὸ
1455 727 1525 764 τοῦ
1541 722 1750 779 περιβόλου

329 790 370 830 ἐν
389 788 509 845 χώρῳ
527 789 753 846 καλουμένῳ
771 790 1015 846 Βλαχέρναις
1043 790 1172 847 (αὐτῷ
1195 790 1270 846 γὰρ
1289 790 1483 845 λογιστέον
1501 791 1566 831 καὶ
1584 791 1636 832 τὰ
1650 791 1750 832 Ἰου-

328 858 446 912 στίνῳ
479 856 711 911 εἰργασμένα
739 861 794 913 τῷ
819 858 931 913 θείῳ,
965 859 1045 899 ἐπεὶ
1072 859 1138 899 καὶ
1172 857 1295 899 αὐτοῦ
1322 857 1393 910 τὴν
1418 857 1620 910 βασιλείαν
1655 857 1748 899 κατ’
1764 861 1807 895 10

328 923 509 972 ἐξουσίαν
528 923 646 972 αὐτὸς
664 923 857 980 διῳκεῖτο)
885 922 1167 974 ἕπιθαλάσσιος
1189 924 1230 966 δὲ
1250 923 1270 965 ὁ
1294 923 1389 973 νεώς
1410 925 1526 974 ἔστιν,
1549 921 1757 979 ἱερώτατός

328 1006 371 1032 τε
397 991 463 1030 καὶ
490 989 630 1043 σεμνός
648 989 760 1044 ἄγαν.
828 989 1019 1045 ἐπιμήκης
1035 992 1120 1044 μὲν,
1153 991 1254 1033 κατὰ
1277 989 1394 1045 λόγον
1415 992 1459 1032 δὲ
1474 990 1758 1046 περιβεβλημέ-

330 1072 397 1105 νος
415 1061 472 1113 τῷ
491 1056 606 1110 μήκει
629 1051 753 1113 εὖρος,
781 1055 831 1099 τά
848 1075 889 1100 τε
910 1058 991 1099 ἄνω
1008 1060 1073 1100 καὶ
1092 1058 1142 1100 τὰ
1165 1057 1271 1100 κάτω
1295 1057 1402 1115 ἄλλῳ
1423 1057 1551 1100 οὐδενὶ
1570 1056 1758 1111 ἀνεχόμε-

329 1139 398 1172 νος
413 1123 473 1164 ὅτι
491 1125 549 1176 μὴ
569 1122 748 1176 τμήμασι
769 1125 885 1165 λίθου
899 1126 1058 1180 Παρίου
1079 1125 1119 1166 ἓν
1141 1124 1280 1166 κιόνων
1294 1123 1396 1181 λόγῳ
1417 1125 1592 1167 ἐνταῦθα
1603 1123 1759 1167 ἑστῶσι.

330 1191 397 1230 καὶ
419 1190 469 1230 τὰ
486 1191 558 1241 μὲν
577 1190 678 1230 ἄλλα
701 1195 770 1231 τοῦ
788 1191 861 1232 νεῑὺ
883 1192 984 1247 μέρη
1005 1192 1096 1233 κατ’
1128 1192 1227 1232 εὗθῦ
1249 1190 1407 1233 ἱστᾶσιν
1433 1192 1471 1232 οἱ
1488 1193 1633 1241 κίονες,”
1654 1192 1754 1234 κατὰ
1768 1196 1812 1231 15

330 1256 375 1297 δὲ
402 1255 452 1297 τὰ
482 1256 586 1309 μέσα
611 1254 914 1299 ὗποστέλλονται
943 1258 1048 1300 siim.
1121 1256 1294 1311 μάλιστα
1325 1258 1367 1299 δὲ
1396 1257 1446 1298 ἄν
1472 1275 1533 1306 τις
1564 1258 1759 1312 ἀγασθείη

331 1327 403 1363 τοῦ
432 1323 538 1379 ἱεροῦ
563 1324 677 1364 τοῦδε
705 1323 795 1364 εἴσω
824 1323 1027 1378 γενόμενος
1054 1324 1100 1366 τὸ
1132 1325 1204 1377 μὲν
1228 1323 1444 1379 ὑπέρογκον
1465 1327 1538 1366 τοῦ
1559 1327 1761 1380 σφαλεροῦ

224 1398 253 1432 Ρ
270 1400 313 1435 12
330 1391 454 1445 χωρὶς
485 1389 717 1445 τεταγμένον
744 1389 869 1446 δρῶν,
907 1391 952 1433 τὸ
989 1391 1032 1432 δὲ
1057 1391 1365 1447 μεγαλοπερεπὲς
1397 1394 1470 1432 τοῦ
1487 1381 1760 1447 νἀπειροκάλου

330 1455 552 1512 ἐλεύθερον.

458 1523 617 1579 Ἕτερον
645 1523 688 1564 δὲ
715 1522 819 1579 ἱερὸν
846 1523 947 1579 αὐτῇ
971 1523 1012 1564 ἓν
1031 1521 1153 1580 χώρῳ
1180 1523 1406 1580 καλουμένῳ
1432 1527 1538 1580 πηγῇ
1555 1523 1813 1578 ἄνέθηκεν.20

333 1589 510 1632 ἐνταῦθά
535 1593 617 1632 ἔστι
645 1588 767 1638 δάσος
795 1592 1046 1645 κυπαρίσσων
1073 1591 1312 1646 ἀμφιλαφές,
1348 1590 1491 1643 λειμών
1526 1592 1566 1632 ἓν
1590 1589 1761 1640 ἁπαλαῖς

332 1664 421 1707 ταῖς
449 1656 639 1714 ἀρούραις
670 1657 850 1711 τεθηλώς
878 1658 1031 1708 ἄνθεσι,
1062 1656 1302 1714 παράδεισος
1335 1656 1513 1713 εὖφορῶν
1539 1657 1591 1699 τὰ
1620 1656 1761 1714 ὡραῖα,

422 1785 455 1818 9.
480 1780 580 1829 αὐτῷ
601 1781 671 1827 γὰρ
692 1802 738 1808 —
764 1783 948 1830 διῳκεῖτο,
978 1794 1065 1827 quae
1087 1794 1151 1818 om.
1173 1783 1229 1826 H,
1258 1783 1409 1829 supplevi
1431 1795 1473 1818 ex
1495 1783 1567 1820 cod.
1589 1779 1763 1820 Vaticano.

423 1828 462 1862 In
486 1829 550 1861 Ms.
574 1829 741 1862 Tolosano
766 1835 818 1862 est
836 1826 934 1874 αὐτῷ
949 1827 1018 1871 γὰρ
1034 1826 1216 1872 λογιστέον
1235 1827 1356 1862 καὶτὰ
1375 1829 1603 1873 ἰουστινιανῷ
1623 1829 1763 1872 εἰργασ-

421 1871 513 1915 μένα
537 1873 587 1919 τῷ
606 1874 715 1918 λίθῳ·
740 1870 817 1908 ἐπεὶ
837 1873 898 1908 καὶ
917 1872 1031 1907 αὐτοῦ
1053 1872 1121 1917 τὴν
1139 1873 1325 1952 βασιλείαν
1348 1871 1431 1908 κατ’
1456 1871 1625 1915 ἐξουσίαν
1649 1871 1765 1914 αὐτὸς

420 1918 605 1952 διοικεῖτο.
628 1917 748 1952 Mam.
883 1918 938 1953 15.
961 1917 1022 1953 καὶ
1044 1917 1091 1952 τὰ
1111 1929 1138 1962 μ
1156 1918 1190 1963 ν]
1215 1918 1308 1956 Fert.
1330 1917 1392 1952 καὶ
1413 1917 1505 1954 κατὰ
1523 1917 1587 1962 μὲν
1609 1915 1668 1953 τοὶ.

333 2031 541 2062 transeamus
563 2027 607 2061 ad
631 2027 703 2061 eius
728 2030 875 2062 matrem.
918 2027 1028 2072 Igitur
1052 2027 1251 2062 Iustinianus
1270 2029 1437 2073 Augustus
1459 2028 1491 2061 in
1509 2031 1580 2062 toto
1595 2028 1676 2062 orbe
1689 2029 1764 2062 Ro-

334 2083 430 2105 mano
449 2073 566 2106 multas
582 2073 680 2106 aedes
696 2083 809 2107 sacras
827 2073 983 2117 deiparae
999 2073 1206 2115 aedificavit,
1238 2084 1360 2117 easque
1383 2078 1511 2114 tantem,
1531 2078 1598 2106 tam
1618 2073 1763 2107 illustres

337 2128 379 2150 ac
394 2123 610 2161 sumptuosas,
636 2123 672 2150 ut
685 2117 713 2150 si
728 2118 801 2161 quis
815 2128 911 2150 unam
925 2118 1066 2161 aliquam
1081 2129 1228 2151 seorsum
1248 2123 1386 2162 spectet,
1407 2118 1560 2151 continuo
1578 2117 1764 2162 suspicetur

338 2162 418 2195 nihil
433 2162 536 2206 ipsum
554 2162 661 2204 egisse
676 2161 773 2202 aliud,
795 2167 990 2206 tempusque
1004 2174 1109 2205 omne,
1129 2173 1194 2205 quo
1211 2162 1379 2206 imperium
1399 2162 1516 2204 tenuit,
1533 2163 1763 2204 transmisisse,

336 2211 448 2240 mente
462 2207 493 2238 in
509 2206 565 2238 illo
581 2217 681 2250 opere
698 2211 878 2251 occupata:
903 2213 938 2240 at
953 2218 1054 2248 nunc,
1072 2213 1108 2240 ut
1123 2207 1211 2248 dixi,
1235 2207 1278 2240 de
1292 2206 1420 2251 templis
1433 2208 1537 2240 solum
1552 2217 1659 2250 agam,
1676 2217 1764 2251 quae

336 2251 493 2293 Byzantii
511 2251 672 2284 visuntur.
718 2251 786 2284 Pro
810 2252 990 2293 moenibus,
1016 2252 1048 2285 in
1070 2251 1262 2285 Blachernis
1282 2252 1333 2295 (id
1347 2253 1421 2285 loco
1435 2252 1567 2293 nomen)
1589 2251 1643 2284 dei
1666 2250 1764 2285 matri

337 2295 454 2328 aedem
473 2295 583 2339 posuit
597 2298 686 2339 (nam
702 2300 778 2328 acta
792 2307 922 2340 quoque
939 2297 1051 2330 lustini
1068 2297 1221 2330 avunculi
1235 2296 1391 2331 debemus
1407 2296 1470 2342 ipsi
1485 2295 1667 2330 ascribere:
1691 2307 1764 2329 cum

338 2339 410 2372 eius
433 2340 601 2382 imperium
624 2352 749 2374 summa
764 2342 963 2374 auctoritate
981 2341 1288 2384 administraverit.)
1311 2341 1377 2374 Est
1394 2341 1427 2374 in
1443 2340 1540 2375 maris
1554 2341 1666 2374 littore
1679 2344 1765 2374 tem-

337 2384 426 2428 plum
453 2384 554 2426 illud,
576 2385 738 2428 religione
758 2385 915 2429 inclytum
938 2391 972 2419 et
995 2386 1279 2430 augustissimum:
1303 2386 1393 2419 cuius
1413 2385 1551 2419 latitudo
1571 2396 1643 2418 cum
1657 2385 1765 2428 longi-

337 2428 449 2461 tudine
474 2441 537 2461 non
564 2430 719 2462 mediocri
740 2434 847 2474 aptam
869 2431 968 2464 habet
990 2431 1244 2475 proportionem.
1287 2430 1377 2464 Nihil
1395 2430 1495 2470 aliud,
1519 2440 1583 2474 quo
1599 2441 1699 2474 supra
1712 2429 1765 2463 in·-

337 2474 455 2517 fraque
480 2474 634 2507 fulciatur
644 2501 653 2515 ,
678 2474 739 2507 nisi
754 2475 919 2509 marmoris
936 2475 1027 2508 Parii
1042 2481 1207 2519 segmenta
1221 2475 1255 2508 in
1270 2475 1488 2509 columnarum
1503 2476 1640 2508 formam
1654 2475 1764 2518 dispo-

338 2518 406 2551 sita
420 2517 544 2552 videas.
591 2519 772 2552 Columnae
787 2521 886 2552 rectis
902 2519 1070 2554 ordinibus
1085 2521 1206 2564 ubique
1221 2524 1329 2561 stant,
1351 2524 1578 2565 praeterquam
1598 2519 1631 2552 in
1645 2519 1763 2562 medio,

341 2563 395 2595 ubi
411 2562 586 2595 introrsum
601 2564 760 2596 recedunt
776 2575 814 2597 ac
832 2564 1011 2598 sinuantur.
1055 2565 1092 2598 In
1107 2564 1220 2610 primis
1234 2564 1370 2598 miretur
1380 2591 1391 2608 ‚
1414 2564 1470 2609 qui
1490 2564 1606 2616 pedem
1619 2563 1695 2597 illuc
1709 2563 1763 2597 in-

340 2607 465 2650 tulerit,
488 2608 686 2651 praecelsam
706 2608 789 2641 citra
804 2609 918 2643 ruinae
932 2609 1109 2654 periculum
1123 2609 1281 2644 fabricam
1291 2634 1302 2651 ‚
1321 2613 1356 2643 et
1371 2609 1656 2653 magnificentiam,
1677 2618 1763 2652 quae

340 2651 418 2684 nihil
435 2652 552 2685 habeat
572 2652 807 2686 inconcinnum.
1590 2682 1593 2685 Α

429 2696 548 2730 Eidem
564 2697 719 2741 templum
733 2697 821 2730 aliud
837 2697 981 2732 condidit
993 2697 1081 2743 apud
1095 2698 1242 2731 fontem:
1264 2698 1311 2731 sic
1329 2697 1435 2731 locum
1450 2697 1627 2742 appellant,
1648 2696 1683 2730 iu
1697 2706 1762 2740 quo

340 2740 570 2785 opacissimum
585 2747 636 2776 est
652 2747 892 2787 cupressetum:
916 2743 1054 2778 floribus
1072 2742 1159 2776 molli
1173 2742 1242 2777 solo
1257 2742 1468 2787 surgentibus
1486 2746 1614 2789 pratum
1627 2744 1762 2776 vernat:
