1754 3132
544 140 814 186 HISTORIA
846 139 1059 184 ARCANA
1094 140 1140 184 3.
1511 137 1577 184 29

117 262 199 303 τῶν
228 258 490 314 Χριστιανῶν
522 255 639 312 ἱερεῖς
671 252 1048 310 καταπεπληγμένοι
1075 256 1136 312 τῷ
1164 250 1242 296 δέει
1271 250 1480 303 ἐξίσταντο
1512 252 1580 294 καὶ

116 322 339 382 ἓνεχώρουν
371 323 477 381 αὐτῇ
501 322 676 367 ἅπαντα.
749 327 873 380 τριῶν
892 324 968 377 μὲν
991 318 1064 365 οὖν
1083 321 1197 380 αὐτῷ
1223 322 1419 363 ἐνιαυτῶν
1430 316 1581 376 χρόνος

115 396 158 438 ἓν
187 391 319 451 ταύτῃ
344 397 395 450 τῇ
423 393 558 450 διαίτῃ
591 393 754 448 ε’τρίβη,
790 381 1038 446 ὕστερονδὲ
1066 389 1087 433 ὅ
1112 388 1330 448 προφήτης
1354 387 1468 447 αὐτῷ
1489 391 1582 430 Ζα-

111 463 261 519 χαρίας
279 460 446 510 ἐπιστὰς
469 459 571 517 ὄναρ
594 459 728 517 ὅρκοις
750 461 876 517 φασὶν
898 459 1051 503 ἐκέλευε
1072 457 1253 516 φεύγειν,
1288 454 1585 512 συλλήψεσθαί

81 531 155 574 5οἲ
174 531 216 573 ἓν
237 534 296 588 τῷ
317 529 418 588 ξ’ργῳ
437 531 542 588 τῷδε
560 527 829 584 ὁμολογήσας.
899 526 1032 585 ταύτῃ
1059 546 1102 571 τε
1130 532 1181 585 τῇ
1203 527 1297 582 ὄψει
1319 525 1584 576 ἀναπεισθεὶς

114 595 263 653 ἀνέστη
282 614 325 641 τε
344 597 509 640 ἐνθένδε
528 599 594 640 καὶ
613 597 830 639 διαλαθών
847 598 902 646 εἷς
919 595 972 639 τοὶ
988 594 1250 653 Ἰεροσόλυμα
1268 591 1388 651 ἦλθε,
1423 595 1583 650 μυρίων

112 668 188 722 μὲν
216 666 342 710 αὐτὸν
378 666 703 723 διερευνωμὲνων
733 662 992 720 ἀνθρώπων,
1030 665 1197 714 οὐδενὸς
1225 664 1271 707 δὲ
1297 663 1370 707 τὸν
1403 663 1581 715 νεανίαν,

114 736 258 792 καίπερ
289 732 508 789 ἐντυχόντα
540 732 733 791 δρῶντος.
803 728 853 776 οὗ
881 732 933 788 δὴ
963 731 1296 790 ἀποθριξάμενός
1324 749 1368 775 τε
1401 733 1467 774 καὶ
1494 735 1577 775 τῶν
1599 737 1633 772 D

111 807 304 859 μοναχῶν
324 802 585 857 καλουμένων
604 802 652 845 τὸ
673 806 812 857 σχῆμα
831 800 1178 857 περιβαλλόμενος
1198 801 1272 857 τὴν
1294 802 1337 843 ἐκ
1363 797 1585 856 Θεοδώρας

58 879 102 914 10
115 870 281 916 κόλασιν
309 873 519 928 διαφυγεῖν
551 869 654 926 ἴσχε.
723 868 966 927 Βελισάριος
987 871 1033 912 δὲ
1054 871 1105 913 τὰ
1129 869 1405 925 ὀμωμοσμὲνα
1431 868 1584 924 ἠλογη-

112 941 215 994 κῶς,
249 947 441 996 τιμωρεῖν
469 956 513 982 τε
546 939 709 994 οὐδαμῆ
730 937 866 998 τούτῳ
888 936 1080 994 ἑλόμενος
1099 937 1322 992 πάσχοντι,
1356 936 1491 994 ὥσπερ
1514 937 1583 994 ἕρ-

113 1007 250 1065 ρήθη,
287 1006 433 1051 ἀνόσια
463 1006 582 1063 ἔργα,
620 1006 661 1057 ἔς
687 1004 822 1050 πάντα
844 1007 883 1050 οἷ
903 1007 1045 1051 λοιπὸν
1062 1007 1114 1050 τὰ
1137 1004 1440 1062 ἐπιτηδεύματα
1458 1005 1581 1048 πολέ-
1604 1019 1636 1053 Α
1661 1019 1705 1053 16

67 1083 72 1086 ’
115 1095 190 1132 μια
211 1076 264 1120 τὰ
283 1076 387 1133 πρὸς
408 1080 482 1119 τοῦ
501 1080 606 1119 θεοῦ
635 1074 691 1126 ὥς
714 1076 761 1119 τό
783 1075 888 1125 εῗκός
911 1070 1024 1132 εἷρεν
1038 1089 1048 1100 ·
1085 1075 1213 1125 εὐθυς
1232 1075 1310 1131 γὰρ
1332 1075 1401 1116 ἐπί
1418 1091 1461 1117 τε
1479 1072 1585 1130 Μή-

111 1149 211 1196 δους
227 1146 294 1188 καὶ
314 1142 513 1201 Χοσρόην
534 1146 695 1194 σταλεὶς
712 1144 760 1188 τὸ
781 1147 920 1200 τρίτον
939 1143 1194 1198 ἐσβαλόντας
1213 1145 1254 1194 ἒς
1272 1142 1485 1198 Ῥωμαίων
1507 1142 1585 1201 τὴν

57 1221 99 1258 15
111 1219 186 1270 γῆν
204 1211 410 1268 κακότητα
433 1209 558 1269 ὦφλε.
614 1214 745 1256 καίτοι
767 1212 895 1256 ἐδόκει
915 1230 954 1255 τι
974 1211 1097 1269 λόγου
1125 1212 1238 1264 ἄξιον
1258 1214 1583 1268 διαπεπρᾶχθαι,

109 1283 182 1326 τὸν
201 1280 378 1337 πόλεμον
397 1282 563 1324 ἐνθένδε
582 1279 914 1336 ἀποσεισάμενος.
974 1281 1070 1323 ἀλλ’
1094 1282 1176 1324 ἐπεὶ
1196 1277 1395 1337 Χοσρόης
1410 1277 1587 1337 Εὐφρά-

109 1369 185 1407 την
216 1350 367 1404 διαβιὶς
398 1349 586 1404 ποταμὸν
618 1352 866 1392 Καλλίνικον
896 1348 1013 1392 πόλιν
1047 1348 1382 1405 πολυάνθρωπον
1417 1348 1582 1399 οὐδενὸς
1604 1358 1635 1393 P
1663 1359 1705 1394 12

110 1418 370 1474 ἀμυνομένου
399 1416 477 1461 εἷλε
490 1451 503 1470 ,
541 1417 749 1472 μυριάδας
766 1417 1042 1474 ἠνδραπόδισε
1057 1417 1270 1473 Ῥωμαίων
1289 1415 1466 1467 πολλάς·
1503 1421 1587 1460 Βε-

109 1485 294 1545 λισοῖριος
321 1487 388 1539 δὲ,
426 1486 473 1536 ὃς
506 1486 602 1529 οὐδὲ
629 1484 727 1529 ὅσον
751 1487 997 1529 ἐπισπέσθαι
1018 1493 1104 1537 τοῖς
1126 1487 1336 1540 πολεμίοις
1357 1487 1399 1529 ἓν
1423 1488 1586 1544 σπουδῇ

52 1555 221 1612 ἓῡῖσχε,
269 1553 395 1606 δόξαν
433 1552 653 1611 ἀπήνεγκεν
681 1553 739 1605 ὥς
767 1558 881 1598 δυοῖν
910 1553 1118 1612 θάτερον,
1164 1554 1192 1612 ἢ
1222 1551 1530 1611 ἐθελοκακήσας
1558 1553 1584 1609 ἢ

108 1621 423 1678 ἀποδειλιάσας,
460 1623 590 1666 αὐτοῦ
613 1623 776 1679 ἔμεινεν.

199 1780 235 1814 2.
269 1776 471 1824 ἕνεχῶρουν
504 1779 587 1813 Vat.
635 1775 849 1823 ἀνεχώρουν
882 1778 954 1813 ΑΡ.
1093 1779 1127 1814 3.
1160 1776 1201 1812 ἐν
1232 1776 1349 1825 ταύτῃ
1381 1779 1428 1825 τῇ
1458 1778 1590 1826 διαίτῃ

201 1825 320 1860 addidi
345 1837 387 1860 ex
411 1826 491 1860 Vat.
602 1822 636 1860 4.
664 1825 942 1869 συλλήψεσθαι]
968 1822 1231 1867 συλλήψασθαι
1253 1825 1324 1858 AP.
1437 1827 1492 1862 15.
1516 1838 1584 1861 κα·

200 1871 338 1917 πιότητα
362 1871 470 1907 Alem.
515 1869 703 1908 κακότατα
726 1872 798 1907 AP.
940 1871 995 1905 19.
1018 1869 1148 1905 Addidi
1172 1866 1224 1912 ὃς.

110 2019 174 2042 nus
198 2007 493 2050 exhorrescerent,
518 2019 560 2042 ac
584 2007 852 2050 detestarentur,
877 2006 908 2041 ei
932 2010 1045 2041 tamen
1069 2006 1182 2042 omnia
1200 2010 1457 2043 concesserunt.
1489 2006 1582 2042 Ter-

109 2054 192 2088 tium
214 2054 281 2088 iam
305 2065 425 2088 annum
449 2055 578 2099 agebat
604 2054 747 2088 Photius
771 2054 807 2087 in
831 2065 872 2087 eo
897 2054 1079 2098 squalore,
1115 2065 1190 2087 cum
1223 2065 1305 2088 ecce
1336 2064 1399 2098 per
1431 2052 1582 2097 quietem

107 2101 204 2134 visus
227 2100 416 2134 Zacharias
442 2101 614 2147 Propheta
641 2099 691 2133 illi
715 2105 791 2143 est,
827 2099 887 2145 qui
911 2100 1029 2144 fugam
1056 2099 1264 2144 imperaret,
1306 2098 1584 2144 praesidiumque

108 2150 227 2181 sancte
251 2146 496 2191 polliceretur3
531 2158 599 2191 quo
623 2146 700 2180 visu
725 2146 859 2187 fretus,
884 2145 966 2180 inde
989 2145 1076 2179 clam
1101 2145 1236 2190 erupit,
1262 2156 1405 2189 cumque
1427 2145 1583 2178 innume-

108 2203 168 2226 ros
190 2193 432 2238 propemodum
457 2196 695 2237 persecutores
730 2202 898 2236 praesens
927 2190 1106 2233 latuisset,
1142 2196 1271 2226 tantem
1310 2191 1583 2235 Hierosolymam

108 2237 289 2284 pervenit:
324 2238 384 2272 ubi
408 2238 552 2272 detonsa
575 2238 750 2280 caesarie,
783 2243 992 2282 sumptoque
1016 2237 1261 2272 Monachorum
1288 2237 1431 2278 habitu,
1465 2238 1586 2270 Theo-

108 2284 215 2318 dorae
238 2283 350 2329 potuit
373 2285 525 2319 evadere
548 2283 791 2318 carnificinam.
841 2284 907 2317 Cui
943 2295 1017 2318 cum
1050 2283 1242 2318 Belisarius
1272 2282 1507 2317 iniustissimis
1531 2283 1587 2316 af-

108 2329 205 2364 flicto
236 2329 488 2365 calamitatibus
519 2330 572 2364 ire
600 2329 777 2375 suppetias
809 2330 1044 2373 neglexisset,
1085 2333 1206 2364 contra
1247 2340 1347 2374 quam
1378 2327 1585 2362 sacramenti

108 2375 199 2416 fide,
220 2378 260 2410 ut
283 2375 379 2417 dixi,
409 2376 633 2421 promiserat,
664 2375 818 2410 omnibus
843 2375 970 2409 deinde
992 2376 1063 2410 suis
1085 2375 1122 2409 in
1143 2376 1248 2410 rebus
1272 2374 1393 2409 merito
1414 2374 1585 2408 infensum

109 2420 232 2455 habuit
253 2420 402 2455 divinum
426 2433 559 2456 numen.
607 2422 698 2456 Nam
726 2421 825 2466 paulo
853 2427 935 2466 post
957 2420 1139 2455 adversum
1163 2421 1291 2455 Persas
1323 2427 1359 2454 et
1394 2420 1583 2453 Chosroem

109 2466 216 2501 tertio
238 2466 306 2502 iam
327 2467 362 2501 in
387 2468 583 2512 provincias
605 2467 834 2502 Romanorum
858 2473 1060 2512 grassantes
1085 2467 1210 2502 ducere
1236 2466 1352 2501 iussus
1383 2466 1582 2505 exercitum,

109 2523 312 2558 quamquam
340 2513 424 2548 inde
455 2525 529 2548 cum
551 2513 652 2548 laude
675 2514 807 2548 hostem
831 2514 1013 2558 abegerit,
1044 2514 1186 2548 sceleris
1209 2517 1324 2548 tamen
1348 2516 1461 2545 notam
1485 2509 1584 2543 subi-

110 2556 173 2591 vit.
219 2558 305 2592 Cum
330 2559 454 2594 etenim
479 2560 688 2601 Chosroem,
720 2559 780 2604 qui
801 2559 988 2604 Euphrate
1023 2559 1223 2594 transmisso
1254 2559 1338 2593 urbe
1371 2555 1586 2601 frequentis-

111 2602 196 2637 sima
216 2602 386 2638 Callinico
411 2606 565 2640 omnibus
591 2605 758 2640 destituta
782 2605 971 2650 praesidiis
1001 2605 1133 2650 potitus
1163 2609 1260 2646 erat,
1293 2602 1428 2638 infinita
1458 2602 1588 2635 Roma-

112 2659 230 2682 norum
253 2649 467 2686 multitudine
489 2651 525 2686 in
549 2662 642 2685 suam
666 2654 877 2696 potestatem
906 2651 1074 2693 redacta,
1111 2651 1302 2686 Belisarius
1335 2646 1469 2691 insequi
1499 2645 1587 2680 nihil

111 2694 306 2736 curaverit,
338 2696 400 2730 sed
430 2697 467 2731 in
498 2697 623 2732 castris
653 2708 692 2731 se
723 2697 957 2739 continuerit,
994 2696 1221 2743 suspicionem
1255 2696 1298 2729 de
1331 2706 1369 2728 se
1401 2691 1582 2735 excitavit,

136 2738 213 2820 aas}
238 2740 295 2774 vel
323 2751 394 2776 rem
427 2743 473 2778 de
502 2743 674 2778 industria
695 2743 783 2778 male
802 2748 966 2788 gereret,
998 2743 1055 2778 vel
1080 2743 1253 2788 ignaviter
1275 2739 1434 2775 hostibus
1455 2748 1583 2772 conce-

135 2796 194 2820 ere
212 2808 224 2820 .
