1858 3126
344 167 410 212 96
931 172 1196 217 PROCOPII

341 278 564 335 ἀναγκαίων
581 278 785 332 ἐσπάνιζον
804 283 869 323 καὶ
896 284 1130 333 θαλαττίοις
1151 282 1322 337 ὡμίλουν
1348 283 1554 338 κινδύνοις,
1581 286 1712 337 ἄλλως
1732 305 1772 330 τε

340 349 406 390 καὶ
420 353 635 400 χειμῶνος,
671 348 720 389 ἂν
741 347 844 389 οὕτω
864 348 988 402 τύχοι,
1009 350 1270 402 ἐπιπεσόντος,
1299 353 1326 405 ἤ
1343 370 1412 395 του
1436 353 1580 407 κήτους
1596 357 1774 396 ἐνταῦθα

338 431 406 455 ποι
425 413 728 468 ἐπισκήψαντος.
798 415 888 456 ἀλλ’
911 417 1023 458 αὐτοὶ
1041 417 1092 459 τὰ
1119 416 1276 460 πάντων
1297 419 1522 475 ἀνθρώπιον
1538 421 1640 462 κακὰ
1658 411 1772 463 midiae

336 486 502 537 πρᾶγμα
525 481 647 537 ᾤοντο
673 480 792 531 εἶναι,
823 481 916 524 ὅσον
940 483 988 538 ἤν
1009 501 1052 538 γε
1079 483 1201 538 μόνον
1225 486 1358 535 αὐτοῖς
1376 491 1530 543 τρυφᾶν
1545 489 1657 542 ἐξείη.
1725 487 1772 529 ὅ-

336 555 449 597 ποῖος
473 549 515 588 δὲ
545 546 760 603 Θεοδιόρας
781 548 927 604 τρόπος
946 550 1046 606 πρὸς
1076 552 1168 600 τοὺς
1191 552 1554 608 προσκεκρουκότας
1577 555 1804 610 ἐφαίνετο,5

337 616 479 656 αὐτίκα
500 614 666 668 δηλώσω
677 647 690 666 ,
725 615 865 671 ὀλίγων
885 616 1065 671 δηλονότι
1083 619 1360 673 ἐπιμνησθεὶς,
1390 618 1444 670 ὥς
1462 621 1519 675 μὴ
1537 620 1774 675 ἇτελεύτητα

337 689 467 723 πονεῖν
492 681 661 734 δόξαιμι.

194 758 226 793 V
251 758 319 794 511
474 747 536 797 ις’.
599 747 743 790 ἹΙνίκα
758 749 1069 802 Ἀμαλασοῦνθα
1094 756 1165 805 τῆς
1191 754 1232 794 ἐν
1258 754 1293 791 Γ
1290 750 1428 802 ότθοις
1456 753 1773 804 ἄπαλλαξειόυσα

221 817 249 848 Ρ
272 815 318 849 47
343 817 549 871 διατριβῆς
570 818 917 869 μεταμπίσχεσθαι
938 818 1005 859 τὸν
1022 821 1111 871 βίον
1135 819 1244 874 ἔγνω,
1276 822 1342 860 καὶ
1363 820 1435 873 τὴν
1457 821 1519 861 ἐπὶ
1543 820 1588 862 τὸ
1614 819 1774 872 Βυζάν-

175 887 178 889 ’
218 871 251 906 A
273 873 316 907 71
339 900 423 924 τιον
452 886 632 925 διενοεῖτο
661 883 927 938 πορεύεσθαι,
963 885 1093 942 ὥσπερ
1117 904 1184 938 μοι
1215 888 1256 927 ἐν
1291 893 1374 935 τοῖς
1399 887 1625 943 ἔμπροσθεν
1642 887 1772 942 λόγοις
1786 894 1827 928 10

338 949 517 1006 ἐρρήθη,
551 951 787 1005 λογισαμὲνη
815 950 840 1005 ἦ
870 951 1062 1008 Θεοδιόρα
1093 952 1146 1002 ὡς
1183 954 1420 1009 εὐπατρίδης
1451 971 1492 996 τε
1525 953 1551 1008 ἦ
1577 955 1674 1009 γυνὴ
1703 949 1774 996 ναὶ

338 1020 497 1071 βασιλὶς
516 1018 589 1071 εἴη,
618 1020 684 1058 καὶ
704 1020 799 1059 ἰδεῖν
818 1019 890 1071 μὲν
910 1020 1103 1075 εὐπρεπὴς
1123 1020 1235 1075 ἄγαν,
1257 1022 1420 1062 ἐπινοεῖν
1443 1022 1484 1062 δὲ
1506 1020 1527 1062 ὅ
1547 1039 1585 1066 τι
1605 1019 1653 1063 ἂν
1672 1020 1774 1074 βού-

338 1089 446 1126 λοιτο
467 1085 607 1140 γοργὸς
625 1083 812 1137 μάλιστα,
846 1084 1021 1127 ὕποπτον
1044 1089 1087 1128 δὲ
1108 1088 1230 1141 αὐτῆς
1251 1089 1493 1142 ποιησαμένη
1515 1087 1559 1130 τό
1583 1105 1623 1130 τε
1649 1105 1774 1143 μεγα-

337 1153 529 1206 λοπρεπὲς
549 1154 614 1192 καὶ
635 1150 903 1207 διαφερόντως
926 1154 1175 1209 ἀρρενωπὸν,
1210 1153 1295 1207 ἅμα
1321 1155 1364 1195 δὲ
1385 1156 1451 1196 καὶ
1477 1155 1520 1196 τὸ
1538 1159 1610 1196 τοῦ
1630 1156 1775 1209 ἀνδρὸς

335 1219 514 1274 ἐλαφρὸν
537 1221 714 1268 δείσασα,
742 1219 813 1259 οὐκ
837 1220 898 1259 ἐπὶ
919 1227 1076 1275 μικροῖς
1094 1221 1165 1274 τὴν
1182 1222 1417 1274 ζηλοτυπίαν
1436 1220 1644 1276 ἐξήνεγκεν,
1675 1222 1768 1263 ἀλλ’
1785 1226 1828 1260 15

335 1285 548 1342 ἐνεδρεύειν
575 1286 646 1339 τὴν
675 1293 840 1340 γυναῖκα
864 1288 1002 1342 μέχρις
1027 1290 1067 1336 ἐς
1096 1286 1276 1329 θάνατον
1299 1289 1339 1328 ἐν
1361 1292 1490 1343 βουλῇ
1508 1288 1630 1342 ἴσχεν.
1697 1288 1772 1330 αὗ-

333 1355 424 1394 τίκα
445 1355 576 1394 τοίνυν
597 1354 802 1394 ἀναπείθει
823 1353 891 1394 τὸν
910 1354 1037 1410 ἄνδρα
1047 1386 1061 1406 ,
1095 1357 1253 1410 Πέτρον
1271 1353 1395 1407 μόνον
1417 1355 1537 1396 αὐτὸν
1561 1354 1630 1397 ἅτε
1650 1373 1773 1412 πρεσ-

332 1419 530 1473 βεύσοντα
560 1421 600 1469 ἐς
625 1421 794 1461 Ἰταλίαν
825 1421 995 1474 πέμψαι.
1064 1415 1098 1478 ᾧ
1129 1422 1178 1475 δὴ
1215 1423 1457 1478 στελλομένῳ
1490 1422 1678 1475 βασιλεὺς
1701 1423 1773 1475 μὲν

287 1499 318 1534 Β
336 1489 561 1529 ἐπέστελλεν
590 1486 689 1543 ἅπερ
720 1505 789 1540 μοι
814 1484 863 1544 ἐνῖ
875 1496 956 1537 τοῖς
988 1490 1184 1542 ἐγκαίροις
1209 1487 1433 1543 δεδιήγηται
1459 1487 1602 1543 λόγοις,
1628 1491 1695 1530 ἵνα
1721 1487 1771 1542 δή

334 1572 404 1608 μοι
427 1559 506 1596 τῶν
526 1555 808 1610 πεπραγμένων
828 1555 1044 1604 ἐκπύστους
1074 1560 1278 1597 ποιεῖσθαι
1298 1556 1371 1605 τὰς
1391 1556 1584 1609 ἀληθείας
1605 1556 1679 1597 δεέι
1702 1561 1772 1609 τῆς
1781 1565 1827 1598 20

332 1624 540 1676 βασιλίδος
562 1620 739 1662 ἀδύνατα
764 1616 825 1674 ἦν.
894 1623 994 1676 αὐτὴ
1019 1623 1062 1663 δὲ
1087 1627 1202 1664 τοῦτο
1222 1621 1427 1677 ἐπήγγελλε
1449 1621 1584 1675 μόνον,
1620 1621 1678 1664 ὅτι
1699 1621 1772 1664 τοὶ-

329 1706 451 1742 χιστα
473 1690 543 1742 τὴν
565 1695 730 1742 γυναῖκα
750 1690 791 1738 ἐξ
812 1688 1038 1743 ἀνθρώπιον
1069 1690 1268 1745 ἀφανιεῖν,
1304 1690 1370 1730 ἐπ’
1403 1691 1559 1739 ἐλπίδος
1589 1690 1771 1743 ὀχεῖσθαι

331 1755 515 1812 μεγάλων
541 1756 708 1810 ἀγαθῶν
716 1787 729 1806 ,
765 1754 814 1809 ἢν
835 1756 885 1797 τὰ
911 1757 1175 1811 ἐπηγγελμένα
1198 1758 1327 1810 ποιοιή
1350 1757 1676 1811 καταστησαμένη
1703 1756 1773 1798 τὸν

424 1895 448 1929 4
467 1891 557 1928 ὅσον
579 1892 753 1926 delendum
781 1894 840 1927 aut
862 1895 941 1938 post
957 1893 1104 1937 τρυφᾶν
1123 1893 1333 1927 inserendum
1351 1889 1439 1927 ὅσον
1461 1888 1608 1937 ἤθελον.
1644 1893 1770 1927 Rmsx.

425 1940 448 1975 5
471 1937 490 1973 ὁ
518 1936 714 1981 Θεοδώρας
731 1938 835 1979 Aiem.
946 1940 1027 1975 ibai.
1048 1936 1185 1982 τρόπος
1208 1938 1334 1971 addidit
1354 1938 1460 1972 Alem.
1564 1939 1645 1972 ibid.
1663 1939 1773 1978 κότος

425 1988 503 2030 post
526 1981 697 2026 ἐφαίνετο
720 1984 889 2037 inserebat
909 1983 1024 2018 Reisk.
1160 1985 1202 2018 19
1224 1981 1442 2027 ἐπέστελλεν]
1467 1979 1650 2018 ἐπέτελλεν
1667 1983 1772 2018 Λίθω,

333 2113 400 2150 tur,
424 2120 490 2152 qua
505 2105 766 2142 necessariorum
781 2105 931 2150 penuria,
956 2115 1023 2148 qua
1038 2104 1137 2146 freti,
1161 2115 1227 2147 qua
1241 2108 1382 2148 repente
1396 2104 1534 2136 obortae
1549 2103 1771 2148 tempestatiS,

331 2156 387 2189 vel
411 2155 508 2187 etiam
530 2151 744 2195 irrumpentis
760 2150 826 2184 ceti
844 2150 1009 2194 periculis.
1066 2150 1189 2182 Verum
1208 2149 1232 2182 ii
1254 2149 1450 2192 gravissima
1473 2159 1623 2192 quaeque
1645 2148 1770 2181 incom-

331 2200 430 2234 moda
454 2210 515 2242 pro
539 2198 638 2230 nihilo
660 2199 837 2240 putarunt,
861 2195 1034 2227 dummodo
1057 2194 1174 2228 liceret
1195 2205 1318 2227 vacare
1341 2193 1478 2226 deliciis.
1522 2193 1573 2226 Ut
1592 2204 1674 2226 vero
1689 2202 1771 2236 erga

330 2245 395 2279 sibi
411 2245 553 2277 infestos
569 2241 753 2275 Theodora
768 2252 805 2274 se
823 2245 957 2284 gereret
973 2239 1087 2284 paucis
1103 2239 1271 2272 absolvam
1285 2264 1295 2280 ,
1318 2249 1362 2272 ne
1381 2238 1543 2272 infinitum
1558 2238 1611 2272 hic
1625 2238 1704 2272 mihi
1718 2238 1770 2271 la-

328 2291 442 2324 borem
462 2299 596 2322 sumam.

422 2335 475 2368 16.
522 2334 747 2375 Posteaquam
761 2330 1004 2370 Amalasunffla,
1015 2333 1052 2362 ut
1064 2328 1156 2362 libris
1168 2327 1395 2372 superioribus
1410 2325 1661 2368 declaravimus,
1679 2326 1770 2359 Got-

327 2379 461 2414 thorum
477 2377 640 2411 abdicatis
655 2377 769 2418 rebus,
793 2375 881 2408 aliud
899 2375 989 2407 vitae
1004 2385 1108 2417 genus
1123 2373 1301 2417 quaesivit,
1325 2372 1554 2415 cogitavitque
1571 2371 1768 2413 Byzantium

329 2435 438 2468 aequo
466 2434 539 2456 cum
565 2422 692 2454 civibus
719 2421 793 2454 iure
818 2421 969 2460 victura,
989 2419 1191 2452 'l‘heodorae
1217 2417 1325 2450 statim
1349 2417 1491 2450 occurrit
1508 2415 1670 2448 foeminae
1683 2415 1769 2449 illius

330 2469 442 2503 nobile
466 2478 591 2511 genuS,
615 2467 709 2509 regia
736 2465 881 2509 dignitas
894 2490 903 2506 ,
921 2466 1026 2497 forma
1049 2463 1196 2508 corporis
1212 2462 1406 2505 singularis,
1430 2472 1508 2494 acre
1523 2465 1558 2494 et
1570 2460 1768 2495 industrium

328 2513 515 2558 ingenium3
538 2512 581 2545 ob
596 2511 696 2555 idque
712 2522 777 2543 non
793 2510 969 2548 dubitavit,
989 2509 1066 2553 quin
1082 2509 1144 2542 sibi
1161 2512 1195 2540 et
1213 2507 1254 2539 ab
1267 2507 1353 2540 illius
1369 2506 1455 2539 viriii
1468 2505 1566 2538 animi
1584 2505 1768 2546 maiestate,

329 2564 366 2593 et
379 2558 518 2592 levitate
534 2556 682 2598 coniugis
698 2555 908 2588 metuendum
922 2555 1023 2587 foret.
1071 2554 1146 2587 Nec
1166 2563 1245 2586 sane
1266 2551 1386 2584 leviter
1407 2551 1490 2583 hanc
1505 2550 1665 2594 patefecit
1678 2549 1769 2583 riva-

328 2605 469 2644 litatem,
493 2602 552 2636 sed
576 2600 712 2633 insidias
734 2611 774 2632 ac
796 2611 908 2632 necem
933 2599 1066 2642 reginae
1091 2598 1216 2636 molita,
1251 2597 1324 2630 viro
1342 2595 1513 2628 confestim
1529 2594 1707 2639 persuasit,
1731 2598 1768 2628 ut

328 2650 467 2683 Petrum
492 2647 535 2680 ad
559 2657 630 2679 eam
654 2643 781 2688 legaret
803 2644 836 2676 in
859 2644 1002 2677 ltaliam.
1050 2643 1140 2676 Huic
1162 2653 1242 2685 ergo
1268 2641 1396 2675 Caesar
1415 2639 1658 2684 proficiscenti,
1681 2650 1768 2683 quae

331 2698 520 2739 opportuno
534 2692 607 2724 loco
625 2689 757 2723 narravi
770 2715 779 2730 ,
796 2688 959 2733 imperat3
985 2691 1020 2720 at
1037 2689 1189 2731 Augusta
1215 2685 1326 2730 (cuius
1341 2689 1430 2718 metu
1463 2695 1566 2719 verae
1579 2687 1660 2718 tunc
1675 2684 1766 2717 locus

331 2737 514 2773 narrationi
529 2747 593 2770 non
607 2735 687 2776 fuit)
702 2735 764 2767 hoc
779 2745 878 2767 unum
893 2732 1084 2774 committit,
1107 2736 1144 2765 ut
1171 2731 1428 2765 Amalasunthae
1465 2734 1539 2764 aret
1558 2733 1767 2772 matut-etque

332 2795 459 2826 necem,
481 2791 672 2827 magnorum
686 2779 809 2815 iniecta
822 2790 883 2825 spe
897 2779 1058 2814 bonorum
1069 2802 1080 2821 ,
1102 2777 1132 2814 si
1150 2776 1252 2810 iussis
1265 2779 1395 2821 pareat.
1438 2742 1500 2810 fue
1514 2773 1568 2810 vel
1582 2773 1766 2819 dignitatis,
