1754 3132
156 149 215 194 16
736 154 997 197 PROCOPII

153 260 276 304 αὐτὸν
306 260 441 316 ἴχθος.
512 259 559 316 ἦν
585 264 660 320 γὰρ
691 263 945 320 σκορπιώὸης
975 283 1016 307 τε
1045 267 1110 308 καὶ
1134 265 1254 320 ὀργὴν
1273 265 1464 320 σκοτεινή.
1537 267 1584 309 οὗ

151 333 286 386 πολλῷ
316 330 360 371 δὲ
390 329 558 385 ὕστερον
583 331 608 384 ἢ
631 331 983 386 μαγγανεύσασαῆ
1008 331 1255 375 θωπεύσασα
1274 335 1402 375 πείθει
1424 334 1494 376 τὸν
1513 333 1587 376 ἅν-

152 397 230 449 δρα
251 394 305 445 ὡς
321 396 395 450 οὐχ
410 395 514 452 ὑγιὲς
532 397 578 438 τὸ
597 397 857 453 κατηγόρημα
877 399 923 442 τὸ
941 397 1093 453 ταύτης
1114 399 1262 454 γένοιτο
1275 411 1284 421 ·
1321 402 1386 442 καὶ
1413 399 1457 449 ὃς
1482 402 1585 443 Θεο-

151 461 289 505 δόσιον
314 464 388 516 μὲν
415 462 601 518 μελλήσει
631 466 798 523 οὗὸεμιᾷ
830 467 1138 520 μετεπέμψατο,
1175 467 1437 509 Μακεδονίαν
1457 467 1586 508 δὲκαὶ

103 535 135 568 Ι)
159 530 210 571 τὰ
230 532 369 572 παιδία
389 535 439 587 τῇ
457 533 608 586 γυναικὶ
629 533 812 574 ἐκδοῦναι
828 531 994 587 ὑπέστη.
1065 532 1136 580 οὓς
1164 533 1214 587 δὴ
1244 531 1428 582 ἅπαντας
1445 538 1617 588 πρῶτα5

153 597 227 645 τὰς
252 595 454 652 γλώττας,
493 597 624 652 ὥσπερ
657 599 860 654 λέγουσιν,
897 600 1178 653 ἀποτεμοῦσα,
1209 598 1292 642 εἶτα
1324 600 1427 642 κατὰ
1454 599 1588 655 βραχὺ

152 662 455 719 κρεουργήσασα
478 666 543 706 καὶ
562 667 774 715 θυλακιόις
792 667 1065 721 ἐμβεβλημένῃ
1086 667 1126 715 ἒς
1144 665 1217 720 τὴν
1236 665 1449 708 θάλατταν
1469 665 1588 719 ὀκνή-

152 747 211 772 σει
245 730 412 788 οὐδεμιᾷ
444 730 607 787 ἔρριψε,
643 737 724 774 τῶν
751 750 858 781 τινος
883 736 1046 775 οῗκετῶν
1067 733 1258 787 Εὗγενιόυ
1287 732 1416 785 ὄνομα
1435 731 1588 788 ὑπουρ-

151 795 349 852 γήσαντός
381 798 421 838 οἶ
447 799 486 846 ἐς
515 797 622 839 ἅπαν
653 799 699 841 τὸ
727 799 845 855 ἄγος,
878 795 910 857 ᾧ
935 801 984 854 δὴ
1006 803 1071 842 καὶ
1091 800 1138 842 τὸ
1162 801 1203 849 ἒς
1224 800 1434 854 Σιλβὲριον
1455 800 1590 854 εἴργα-

153 881 245 905 σται
275 865 447 917 μίασμα.
515 867 579 906 καὶ
611 869 919 908 Κωνσταντΐνον
938 869 982 909 δὲ
1004 867 1051 908 οὗ
1074 870 1209 924 πολλῷ
1229 866 1399 922 ὕστερον
1415 864 1588 908 Βελισά-
1602 875 1644 908 10

156 948 241 987 ριος
259 936 310 987 τῇ
329 933 482 986 γυναικὶ
505 931 762 982 ἀναπεισθεὶς
785 935 934 978 κτείνει.
989 934 1040 975 τὰ
1065 933 1141 988 γὰρ
1163 933 1267 988 ἀμφὶ
1285 938 1342 990 τῷ
1360 934 1599 990 Πραισιδίῳ,

155 1000 219 1039 καὶ
236 1005 319 1046 τοῖς
337 999 521 1054 ξιφιδίοις
543 997 727 1053 τηνικάδε
749 1001 972 1054 ’ξυνηνέχθη
1000 1002 1186 1054 γενέσθαι
1218 1000 1318 1054 ἅπερ
1347 1017 1416 1052 μοι
1443 1002 1484 1042 ἐν
1505 1006 1591 1048 τοῖς

57 1071 87 1103 Α
111 1070 131 1104 5
156 1064 387 1119 ἔζιιπροσθεν
404 1063 535 1118 λόγοις
551 1065 786 1119 δεδήλωται.
819 1068 1033 1119 μέλλοντος
1052 1067 1127 1122 γὰρ
1145 1071 1217 1109 τοῦ
1234 1065 1458 1122 ἀνθρώπου
1474 1066 1590 1122 ἀφίε-

155 1136 279 1183 σθαι,
319 1131 365 1173 οὗ
399 1129 594 1187 πρότερον
623 1133 766 1186 ἀνῆκεν
791 1132 817 1188 ἦ
840 1134 1077 1186 Ἀντωνίνα,
1115 1134 1189 1182 ἕως
1219 1133 1342 1175 αὐτὸν
1374 1138 1448 1175 τοῦ
1469 1131 1589 1187 λόγου

58 1207 86 1240 Ρ
111 1209 131 1241 5
155 1199 339 1250 ε’τίσατο,
381 1192 502 1253 οἷπερ
531 1199 606 1254 ε’γὼ
634 1199 782 1253 ἀρτίως
814 1199 1035 1254 ἐμνήσθην.
1103 1201 1168 1242 καὶ
1199 1199 1277 1242 ἀπ’
1313 1199 1438 1242 αὐτοῦ
1469 1199 1592 1253 ἴχθος
1603 1210 1644 1244 15

152 1266 254 1320 μέγα
289 1263 567 1319 περιεβάλλετο
597 1264 617 1307 ὅ
649 1264 887 1323 Βελισάριος
913 1266 955 1308 ἔκ
973 1283 1014 1308 τε
1034 1267 1234 1319 βασιλέως
1251 1267 1317 1308 καὶ
1337 1270 1419 1309 τῶν
1437 1267 1479 1308 ἓν
1492 1264 1591 1308 Ῥω-

150 1334 285 1386 μαίοις
308 1332 482 1386 λογίμων
502 1330 702 1375 ἁπάντων.

291 1403 434 1440 Ταῦτα
463 1400 536 1451 μὲν
567 1395 638 1440 οὖν
661 1401 756 1456 τῇδε
775 1398 983 1454 κεχώρηκε.
1060 1397 1275 1449 Θεοδόσιος
1299 1401 1343 1442 δὲ
1362 1400 1435 1442 οὐκ
1453 1399 1530 1456 ἔφη
1551 1400 1591 1449 ἒς

148 1466 324 1508 Ἰταλίαν
342 1464 560 1520 ἀφίξεσθαι
581 1464 664 1515 οἷός
683 1484 724 1508 τε
742 1465 853 1519 εἶναι,
886 1469 954 1508 ἵνα
973 1467 1023 1520 δὴ
1044 1465 1134 1509 τότε
1155 1467 1364 1522 διατριβὴν
1387 1465 1490 1521 εἶχον
1511 1470 1590 1509 Βε-

154 1530 335 1587 λισάριός
357 1549 397 1574 τε
419 1535 484 1574 καὶ
504 1533 743 1584 Ἀντωνίνα,
778 1533 828 1588 ἢν
859 1534 915 1587 μὴ
945 1532 1103 1582 Φώτιος
1122 1534 1302 1576 ἐκποδῶν
1325 1533 1496 1589 γένηται.
1568 1531 1646 1576 ὃ20

152 1600 230 1656 γὰρ
259 1597 419 1647 Φώτιος
444 1599 653 1656 πρόχειρος
673 1602 746 1653 μὲν
767 1600 886 1656 φύσει
906 1602 945 1649 ἐς
962 1601 1008 1643 τὸ
1032 1599 1253 1643 δάκνεσθαι
1271 1597 1336 1655 ἦν,
1366 1599 1415 1655 ἦν
1434 1617 1495 1650 τις
1514 1600 1589 1642 αὖ·

243 1733 274 1763 1.
299 1727 408 1771 ἔχθος
431 1729 459 1761 Ρ
483 1732 518 1762 et
541 1729 614 1762 cod.
639 1729 776 1763 Mediol.
812 1726 931 1773 ἄχθος
954 1730 992 1762 Α.
1128 1729 1212 1762 ibid.
1235 1727 1485 1775 σκορπιαίδης]
1511 1728 1591 1763 Sui-

242 1774 304 1853 {353
324 1785 410 1863 Ξδέ.
421 1777 746 1853 Αοοκορπιαιίιεσθοιι,.
892 1776 947 1809 11.
971 1774 1143 1819 περσιδίῳ
1167 1778 1207 1808 Α.
1361 1776 1414 1811 19.
1438 1775 1500 1809 ἵνα
1517 1773 1590 1820 δὴ]

151 1931 410 1976 indignationem
443 1931 622 1976 tegendam
652 1935 687 1966 et
715 1931 817 1966 animi
847 1931 941 1965 virus
965 1932 1165 1966 exerendum
1187 1935 1392 1976 comparata.
1439 1931 1519 1965 Non
1540 1931 1591 1965 ita

154 1978 257 2011 multo
290 1982 366 2021 post
398 1982 457 2010 aut
489 1976 681 2018 veneficiis,
718 1982 778 2010 aut
809 1977 940 2010 blandis
971 1979 1148 2011 verborum
1178 1977 1346 2011 illecebris
1374 1977 1460 2010 falso
1490 1976 1526 2009 in
1552 1986 1591 2009 se

152 2021 331 2056 conflatam
354 2022 599 2055 accusationem
624 2022 804 2065 persuadet
826 2021 971 2064 coniugi.
1016 2022 1078 2055 Ille
1099 2021 1183 2055 nihil
1205 2026 1349 2056 moratus
1363 2020 1590 2055 Theodosium

153 2067 318 2107 accersit3
354 2067 582 2100 Macedoniam
606 2077 688 2100 vero
711 2066 882 2104 famulam.
918 2067 1101 2110 ambosque
1124 2077 1247 2111 pueros
1271 2066 1368 2100 uxori
1393 2077 1430 2099 se
1452 2065 1590 2099 deditu-

153 2123 226 2144 rum
256 2112 458 2155 pollicetur3
490 2122 576 2155 qnos
600 2111 766 2144 Antonina
795 2111 942 2154 linguis,
975 2116 1014 2144 ut
1040 2112 1169 2151 fertur,
1200 2111 1338 2156 primum
1362 2110 1523 2152 resectis,
1554 2115 1591 2144 et

154 2156 357 2189 membratim
394 2156 564 2196 concisos,
599 2156 742 2189 sacculis
769 2155 812 2188 ad
848 2163 1029 2189 extremum
1058 2156 1202 2190 inclusos
1223 2156 1265 2189 in,
1283 2156 1384 2189 altum
1418 2155 1506 2188 illico
1529 2155 1590 2188 de-

152 2201 286 2244 mergit.
334 2201 415 2234 Fuit
446 2201 493 2233 illi
527 2201 677 2234 minister
708 2200 845 2234 sceleris
875 2201 1010 2245 quidam
1039 2213 1079 2235 ex
1103 2201 1233 2234 famulis
1255 2200 1428 2244 Eugenius
1447 2199 1590 2241 nomine,

152 2246 209 2291 qui
234 2252 269 2279 et
293 2245 455 2279 commissi
480 2251 598 2279 contra
620 2246 816 2278 Summum
840 2245 965 2289 piaculi
989 2246 1124 2279 satelles
1152 2247 1274 2279 fuerat.
1322 2245 1476 2279 Tandem
1497 2245 1590 2278 Con·-

151 2291 335 2324 stantinum
368 2291 467 2323 etiam
500 2302 602 2324 suasu
634 2290 787 2334 coniugis
812 2302 831 2324 e
854 2291 963 2324 medio
995 2291 1131 2324 sustulit
1154 2290 1346 2324 Belisarius.
1391 2289 1589 2333 Numquae

151 2336 195 2369 de
226 2336 329 2376 sicis,
365 2335 608 2378 Praesidioque
639 2335 809 2379 prioribus
840 2335 934 2368 libris
964 2335 1190 2376 narravimus,
1227 2347 1267 2368 eo
1299 2336 1403 2368 ferme
1435 2340 1589 2379 tempore

151 2380 377 2424 contigerunt.
425 2381 493 2414 Ubi
517 2381 602 2413 enim
627 2380 867 2413 Constantinus
890 2381 1086 2414 iniuriarum
1110 2381 1144 2413 in
1168 2379 1366 2414 Belisarium
1394 2382 1430 2412 et
1451 2377 1588 2412 Praesi-

152 2426 242 2459 dium
273 2432 349 2459 erat
382 2425 622 2465 absolvendus,
658 2436 723 2458 non
757 2425 850 2469 prius
883 2425 1016 2458 destitit
1044 2425 1213 2459 Antonino.
1243 2435 1340 2469 quam
1375 2423 1445 2457 eius
1476 2423 1588 2464 vocis,

151 2470 244 2504 cuius
269 2470 367 2515 paulo
392 2475 471 2504 ante
495 2470 646 2510 memini,
669 2471 712 2503 ab
736 2469 793 2503 illo
818 2481 941 2514 poenas
965 2469 1143 2514 exegisset.
1189 2469 1412 2510 Quamobrem
1435 2479 1588 2511 magnam

152 2515 337 2548 Belisarius
373 2525 445 2548 cum
477 2515 692 2559 Imperatoris
725 2519 795 2548 tum
829 2515 1055 2549 Romanorum
1083 2525 1256 2559 procerum
1278 2514 1314 2547 in
1345 2524 1383 2547 se
1405 2512 1590 2547 concitavit

147 2559 320 2593 invidiam.

243 2603 459 2638 Theodosius
489 2604 523 2637 in
558 2604 688 2637 Italiam
721 2603 806 2647 (ubi
836 2607 904 2637 tum
928 2603 1114 2637 Belisarius
1138 2607 1174 2637 et
1196 2602 1364 2637 Antonina
1392 2601 1588 2646 degebant)

152 2661 190 2683 se
225 2649 356 2683 minime
389 2653 566 2683 venturum
600 2649 796 2692 respondit,
828 2648 892 2681 nisi
922 2649 1063 2682 Photius
1086 2649 1164 2683 inde
1187 2648 1318 2691 longius
1341 2648 1589 2681 amandu-etur.

156 2695 244 2728 Nam
268 2706 309 2728 ea
332 2698 408 2728 erat
429 2699 548 2728 natura
571 2695 733 2734 Photius‚
757 2699 795 2726 ut
816 2693 917 2727 valde
939 2704 1042 2737 aegro
1066 2694 1174 2727 ferret
1196 2693 1326 2735 animo,
1348 2692 1379 2725 si
1401 2691 1477 2736 quis
1498 2689 1589 2736 apud

157 2739 300 2784 aliquem
329 2739 501 2774 videretur
531 2749 569 2772 se
600 2749 676 2773 esse
698 2739 823 2784 potior.
869 2738 977 2782 Igitur
997 2739 1154 2773 secundis
1176 2737 1363 2773 Theodosii
1384 2737 1487 2771 rebus
1507 2745 1589 2770 con-
