1858 3126
333 132 429 177 296
921 132 1183 176 PROCOPII

333 243 570 300 μετεωρίσας
591 243 691 300 μέγα
719 261 756 286 τι
776 246 914 298 χρῆμα
922 273 935 293 ,
963 242 1035 296 τὴν
1061 243 1182 298 ἐκείνῃ
1204 239 1388 296 διάβασιν
1411 242 1614 286 ἀκίνδυνον
1635 258 1750 286 κατε-

334 310 520 365 στήσατο.

468 382 511 418 Τ
508 381 554 419 οὗ
587 376 630 418 δὲ
656 374 810 429 Ῥηγίου
843 374 1014 417 ἐπέκεινα
1051 372 1163 424 πόλις
1197 374 1280 416 ἔστί
1310 392 1385 417 που
1409 375 1584 431 Ἀθῦρας
1612 375 1750 428 ὄνομα,

333 439 458 500 ἧσπερ
485 443 578 491 τοὺς
603 440 810 498 οἰκήτορας
835 443 935 497 δίψῃ
961 442 1161 497 δεινοτάτῃ
1186 441 1389 494 ἐχομένους
1412 441 1534 498 εὗρών
1559 443 1629 496 τὴν
1650 443 1751 483 ἄπο-

336 513 425 567 ριάν
456 511 607 552 διέλυσε
635 509 791 564 σφίσιν,
823 507 983 565 ἔλυτρον
1017 510 1190 550 ἐνταῦθα
1226 507 1473 560 δειμάμενος,
1501 511 1784 564 θησαυρίζωνὸ

336 580 408 631 μὲν
437 573 740 632 ἓπικαιριώτατα
773 575 844 628 τὴν
872 581 950 617 τῶν
980 574 1136 617 ὑδάτων
1167 575 1238 615 οὐκ
1269 575 1483 628 ἀναγκαίαν
1516 577 1754 631 περιουσίαν,

337 641 590 699 πρυτανεύων
618 642 660 682 δὲ
689 642 810 695 αὐτὴν
837 643 878 683 ἓν
905 644 1106 698 ἐπιτηδείῳ
1128 648 1209 691 τοῖς
1233 643 1324 696 τῇδε
1347 641 1585 697 ἀνθρώποις.
1651 642 1756 699 ἄνῳ-

287 719 319 753 D
341 709 590 762 κοδομήσατο
610 709 652 750 δὲ
672 710 736 750 καὶ
756 708 805 750 τὰ
823 709 1049 751 πεπονθότα
1071 713 1143 751 τοῦ
1162 707 1384 763 περιβόλου.

463 775 574 818 Ἔστι
605 775 649 816 δὲ
678 776 779 829 μετὰ
806 777 877 829 τὴν
898 775 1074 831 Ἀθύραν
1099 793 1158 824 τις
1182 780 1336 830 χῶρος,
1370 773 1486 831 ὅνπερ
1512 773 1760 816 Ἐπισκοπεῒα

339 846 525 885 καλοῦσιν
552 842 589 883 οἳ
615 841 824 898 ἐπιχώριοι.
893 842 938 884 ὃν
964 843 1012 896 δὴ
1038 842 1329 895 κατανενοηκὼς
1347 841 1617 890 Ἰουστινιανὸς
1641 845 1760 894 βασι-
1771 847 1813 882 10

340 910 429 958 λεύς
457 916 542 958 ταῖς
564 913 642 950 τῶν
662 912 856 962 πολεμίων
880 911 1110 965 ἐπιδρομαῖς
1131 907 1404 962 ὑποκείμενον,
1440 909 1680 950 ἔπιπλεῒστον
1705 908 1762 958 δὲ,

340 975 395 1025 ὡς
428 976 582 1029 οὐδαμῆ
612 974 869 1031 ὀχυρώματος
901 976 1031 1026 ὄντος,
1067 975 1276 1031 ἀφύλακτα
1309 973 1556 1017 παντάπασιν
1587 973 1682 1016 ι’)’ντα
1712 974 1763 1015 τὰ

341 1044 464 1098 ἐκείνῃ
489 1044 642 1097 χωρία,
678 1042 868 1098 φρούριον
895 1045 1070 1084 ἐνταῦθα
1098 1044 1300 1095 ἐδείματο·
1336 1037 1383 1084 οὗ
1406 1042 1455 1096 δὴ
1481 1041 1574 1090 τοὺς
1594 1040 1767 1097 πύργους
1812 1090 1815 1094 Δ

216 1114 251 1148 H
273 1113 318 1149 42
341 1110 547 1162 πεποίηται
570 1108 641 1161 οὐχ
662 1103 760 1164 ᾗπερ
785 1107 937 1160 εἷώθει,
973 1109 1074 1150 ἀλλὰ
1093 1107 1224 1165 τρόπῳ
1249 1112 1400 1166 τοιῷδε.
1466 1108 1626 1164 προῦχει
1645 1124 1704 1157 τις
1723 1109 1766 1149 ἔκ

339 1180 410 1218 τοῦ
438 1174 649 1231 περιβόλου
679 1177 884 1228 οἰκοδομία
891 1207 904 1226 ,
942 1173 1161 1229 στενωτάτη
1188 1177 1259 1228 μὲν
1282 1176 1370 1217 κατ’
1393 1175 1519 1231 ἀρχὰς
1545 1170 1665 1226 οὖσα,
1700 1191 1765 1217 τε-
1776 1179 1818 1216 15

342 1247 519 1284 λευτῶσα
542 1243 584 1283 δὲ
606 1242 646 1291 ἔς
673 1237 786 1299 εὖρος
812 1243 934 1297 μέγα·
971 1243 1037 1299 ἐφ’
1065 1236 1113 1283 οὗ
1138 1245 1188 1295 δὴ
1212 1243 1374 1290 ἕκαστος
1397 1243 1639 1297 ἐξείργασται
1667 1239 1769 1297 πύρ-

341 1326 423 1365 γος.
489 1307 613 1364 ταύτῃ
634 1325 674 1350 τε
693 1316 776 1358 τοῖς
798 1310 996 1363 πολεμίοις
1023 1307 1189 1363 ἄγχιστά
1216 1327 1268 1363 πη
1287 1313 1359 1350 τοῦ
1375 1309 1525 1361 τείχους
1546 1309 1640 1350 ἴέναι
1664 1306 1770 1362 ἀμή-

225 1384 252 1415 P
275 1383 321 1417 86
339 1375 444 1431 χανά
474 1376 598 1426 ἔστιν,
634 1376 714 1417 ἐπεὶ
736 1380 814 1418 τῶν
839 1375 997 1431 πύργων
1015 1375 1116 1417 κατὰ
1136 1376 1258 1429 μέσον
1275 1374 1468 1430 γενόμενοι
1494 1376 1535 1416 ἓν
1558 1373 1771 1431 ἀμφιβόλῳ

344 1443 444 1486 κατὰ
472 1443 650 1498 κορυφὴν
672 1443 772 1498 πρὸς
798 1448 876 1485 τῶν
904 1444 1026 1498 ἐκείνῃ
1051 1447 1236 1498 φρουρῶν
1267 1442 1394 1500 ῥᾷστα
1416 1440 1652 1495 βαλλόμενοι
1679 1444 1770 1483 δια-

345 1512 592 1567 φθείρονται.
658 1509 731 1559 τάς
747 1527 788 1551 τε
806 1509 932 1559 πύλας
952 1511 1128 1551 ἐνταῦθα
1147 1509 1192 1550 οὗ
1209 1510 1311 1550 κατὰ
1330 1508 1382 1550 τὰ
1400 1509 1674 1562 ’ξυνειθισμένα
1692 1512 1770 1550 τῶν
1779 1519 1824 1553 20

344 1577 504 1632 πύργων
523 1577 670 1629 μεταξὺ
689 1577 838 1627 ἔθεντο,
859 1577 950 1618 ἀλλ’
972 1577 1014 1617 ἐκ
1031 1577 1200 1630 πλαγίας
1217 1576 1317 1617 κατὰ
1335 1576 1379 1617 τὸ
1400 1577 1440 1617 ἔν
1457 1579 1579 1631 στενῷ
1599 1569 1772 1629 προῦχον

344 1648 415 1685 τοῦ
433 1645 605 1696 τείχους,
642 1643 715 1696 οὐχ
735 1643 937 1699 ὁρωμένας
952 1650 1034 1692 τοῖς
1054 1644 1272 1694 πολεμιόις,
1310 1642 1401 1682 ἀλλ’
1425 1642 1591 1683 ὄπισθεν
1609 1643 1771 1683 διαλαν-

346 1708 564 1758 θανούσας.
613 1710 788 1751 ἐνταῦθα
812 1709 1020 1764 Θεόδωρος
1041 1713 1201 1762 βασιλεῖ
1217 1709 1287 1761 τὴν
1305 1706 1521 1764 ὑπουργίαν
1543 1709 1772 1764 παρέσχετο,

349 1775 614 1831 Σιλεντιάριος
648 1777 719 1829 τὴν
756 1776 903 1832 ἀρχὴν,
938 1775 1097 1825 συνετὸς
1130 1773 1317 1829 μάλιστα.
1382 1779 1498 1818 τοῦτο
1530 1775 1603 1830 μὲν
1631 1769 1700 1818 οὖν
1727 1774 1773 1817 τὸ

436 1902 470 1938 3.
493 1900 661 1947 Ἀθῦρας]
682 1900 821 1947 ἐθύρας
842 1902 961 1938 Tolos.

349 2012 538 2048 interibant.
582 2014 627 2047 At
642 2024 728 2047 nunc
741 2013 943 2047 lastinianus
958 2014 1043 2056 Aug.
1062 2015 1163 2056 ponte
1188 2012 1222 2045 in
1244 2012 1419 2046 altissimos
1442 2021 1538 2045 arcus
1561 2011 1679 2046 educto
1695 2023 1774 2046 con·-

351 2058 447 2090 cinna
463 2057 604 2102 lapidum
619 2059 812 2092 selectorum
829 2063 1015 2100 structuri
1038 2062 1142 2090 tutum
1159 2057 1235 2090 illac
1249 2057 1423 2090 transitum
1438 2056 1540 2090 dedit.

443 2103 539 2135 Ultra
554 2102 717 2146 Rhegium
741 2104 820 2136 urbs
842 2108 894 2136 est
907 2103 1053 2145 Athyra=
1078 2103 1168 2134 cuius
1190 2102 1317 2135 incolas
1340 2102 1394 2134 siti
1409 2101 1614 2144 gravissima,
1636 2112 1702 2146 qua
1717 2111 1778 2135 ur-

351 2146 423 2189 geri
439 2146 528 2190 ipsos
547 2152 763 2190 compererat,
783 2148 917 2188 levavit,
941 2147 1099 2179 extructis
1115 2146 1161 2179 ibi
1177 2146 1344 2187 cisternis,
1367 2146 1400 2179 in
1416 2145 1535 2189 quibus
1549 2156 1658 2199 aquae
1675 2147 1779 2180 maior

353 2191 450 2234 copia
473 2202 567 2235 quam
584 2192 769 2235 postularet
792 2192 970 2225 necessitas
993 2196 1218 2224 asservaretur
1242 2195 1276 2224 et
1290 2195 1477 2235 opportune
1495 2190 1622 2224 civibus
1637 2191 1789 2236 praebe-¹

352 2242 458 2269 retur.
503 2236 672 2269 Murorum
689 2236 786 2269 etiam
803 2237 913 2269 ruinas
928 2236 1133 2269 instauravit.

444 2281 527 2312 Post
540 2281 699 2324 Athyram
715 2281 806 2314 locus
822 2286 890 2322 est,
914 2292 1009 2324 quem
1026 2280 1206 2324 Episcopia
1221 2283 1342 2313 vocant
1354 2279 1536 2322 indigenae.
1581 2279 1709 2313 Hune
1691 2291 1778 2333 imp.

354 2324 554 2358 Iustinianus
570 2325 709 2358 bostium
723 2325 962 2358 incursionibus
978 2325 1162 2368 expositum
1179 2325 1454 2364 animadvertens,
1472 2325 1678 2376 tractumque
1690 2324 1780 2358 illum

355 2379 513 2412 nusquam
543 2370 699 2403 munitum
730 2382 769 2403 ac
801 2381 935 2414 prorsus
962 2370 1164 2403 indefensum
1192 2375 1327 2414 patere,
1357 2368 1523 2402 castellum
1549 2367 1596 2402 ibi
1621 2369 1779 2411 condidit,

358 2414 452 2448 cuius
477 2418 585 2446 turres
610 2415 671 2447 hoc
694 2415 810 2455 modo,
834 2426 898 2448 non
919 2415 1039 2456 solito,
1063 2420 1234 2447 extructae
1248 2419 1334 2447 sunt.
1383 2413 1433 2446 Ex
1449 2423 1541 2446 muro
1557 2413 1685 2447 fabrica
1699 2425 1780 2459 pro-

358 2458 478 2497 minet,
503 2459 732 2501 angustissima
757 2459 813 2492 illa
828 2459 958 2503 quidem
980 2459 1092 2501 initio,
1115 2459 1221 2491 sedin
1237 2458 1374 2502 amplam
1391 2457 1544 2490 desinens
1558 2457 1779 2492 latitudinem·

359 2503 516 2536 eiusmodi
534 2503 740 2546 proiecturae
754 2514 970 2548 unaquaeque
985 2509 1037 2536 est
1052 2503 1151 2536 turris
1156 2503 1330 2555 imposita.
1376 2502 1452 2541 Quo
1467 2502 1507 2535 fit
1522 2506 1559 2535 ut
1573 2502 1686 2535 hostes
1699 2514 1782 2547 pro-

358 2547 433 2599 pius
449 2547 488 2579 ad
505 2557 616 2580 muros
629 2548 788 2581 accedere
804 2553 987 2591 nequeant.
1012 2548 1134 2592 quippe
1155 2547 1240 2580 inter
1261 2553 1367 2580 turres
1386 2547 1459 2579 hinc
1480 2547 1556 2580 inde
1570 2545 1778 2580 defensorum

359 2591 436 2625 telis
461 2591 612 2625 facillime
637 2603 678 2625 ex
705 2592 794 2625 edito
822 2592 941 2625 confixi
965 2592 1095 2625 cadunt.
1142 2592 1216 2625 Nec
1235 2597 1353 2635 portae
1367 2597 1556 2624 consuetum
1570 2591 1676 2625 locum
1692 2592 1781 2625 obti-

359 2641 439 2671 nent
453 2636 541 2669 inter
553 2640 683 2670 turres:
710 2637 769 2670 sed
785 2636 916 2679 oblique
930 2642 1004 2669 sunt
1024 2637 1152 2680 positae
1170 2636 1213 2668 ad
1228 2640 1385 2679 angustas
1399 2635 1468 2669 illas
1483 2628 1674 2669 eminentias
1686 2635 1779 2676 muri,

360 2692 564 2725 aversaeque
579 2681 624 2714 ab
637 2681 777 2715 hostium
793 2681 895 2714 oculis
910 2692 996 2724 pone
1009 2681 1121 2714 latent.
1170 2681 1205 2713 In
1223 2681 1272 2713 his
1288 2679 1490 2725 imperatori
1495 2680 1632 2714 navavit
1644 2692 1664 2714 o
1688 2690 1776 2713 eram

360 2725 558 2761 Theodorus
571 2725 797 2770 silentiarius,
819 2725 976 2770 singulari
996 2725 1046 2759 vir
1067 2725 1290 2769 intelligentia.
1337 2726 1389 2759 Ita
1403 2725 1536 2770 quidem
1550 2725 1666 2760 locus'
1690 2736 1711 2758 e
1725 2730 1778 2758 est.
