1858 3126
353 151 449 197 276
932 148 1193 195 PROCOPII

353 266 517 312 λασσαν,
550 258 663 302 πόλιν
684 261 856 302 ἐνταῦθα
880 258 1094 311 ἒδείμαντο,
1127 256 1175 311 ἢν
1195 255 1316 300 πάλαι
1339 257 1409 311 μὲν
1429 257 1661 308 Ποτίδαιαν,
1691 273 1765 299 τα-

301 332 330 367 Β
353 333 421 370 νῦν
448 329 491 370 δὲ
513 328 767 382 Κασανδριάν
790 322 1058 378 ὀνομάζουσιν.
1128 323 1229 365 οὕτω
1252 325 1294 366 δὲ
1314 324 1384 374 τὰς
1411 325 1584 366 ἐνταῦθα
1611 325 1766 366 οἰκοδο-

350 396 444 448 μίας
473 392 492 435 ὃ
522 393 666 449 χρόνος
697 393 895 447 διέφθειρε
925 389 1056 440 πάσας
1089 390 1186 432 ὥστε
1216 390 1264 443 δὴ
1294 389 1477 432 Οὖννικόν
1504 407 1541 433 τι
1568 391 1684 439 ἔθνος
1718 389 1764 431 οὗ

350 465 484 517 πολλῷ
504 458 690 514 πρότερον
707 458 965 507 καταθέοντες
981 459 1032 499 τὰ
1054 458 1175 511 ἐκείνῃ
1198 457 1346 511 χωρία,
1372 457 1500 512 ὥσπερ
1521 475 1558 499 τι
1579 457 1765 511 διαχειρί-

351 530 477 579 ζοντες
512 524 594 566 οἷόν
620 542 658 566 τι
689 523 903 579 πάρεργον,
936 521 982 566 τό
1016 541 1056 566 τε
1091 522 1281 576 ξύμβαμα
1310 526 1424 564 τοῦτο
1456 528 1521 564 καὶ
1553 523 1623 577 τὴν
1653 521 1798 563 mvnvs

351 593 498 649 ἄφοβοι
526 594 693 642 ἐξεῖλον,
727 593 862 647 καίπερ
892 591 933 640 ἐξ
960 584 1007 631 οἷ·
1025 588 1225 645 γεγόνασιν
1245 588 1449 644 ἄνθρωποι
1469 589 1515 630 οὗ
1533 587 1768 642 τειχομαχῆ-

350 676 489 707 σαντες
505 657 671 699 πώποτε.
739 657 841 699 ἀλλὰ
866 659 930 698 καὶ
952 661 1066 699 τοῦτο
1081 658 1340 711 Ἰουστινιανῷ
1356 658 1515 707 βασιλεῖ
1524 656 1650 710 γέγονε
1667 653 1768 711 πρό-

352 741 473 781 φασις
513 723 654 780 ἀρετήν
682 741 723 765 τε
765 725 830 764 καὶ
866 722 1215 780 μεγαλοφροσύνην
1252 722 1511 771 ἐνδείξασθαι.
1576 727 1658 771 τοῖς
1691 721 1766 777 γὰρ

350 792 610 844 ξυμπίπτουσι
642 795 826 843 χαλεποῖς
862 790 1038 839 ἀντίξουν
1070 788 1299 842 ποιούμενος
1326 789 1385 829 ἀεὶ
1415 787 1487 841 τὴν
1518 785 1639 829 αὑτοῦ
1669 786 1768 842 πρό-

349 875 471 908 νοιαν,
506 862 583 898 τῶν
601 856 903 910 ξυμβεβηκότων
923 857 973 898 τὰ
998 854 1247 912 πονηρότατα
1266 861 1352 903 ταῖς
1372 853 1649 909 ἓπιγινομὲναις
1668 853 1766 908 ἀγα·
1779 861 1821 895 10

348 925 550 979 θοεργίαις
577 924 700 972 εὐθὺς
723 921 1023 976 μεταβιβάζεται
1043 924 1083 972 ἐς
1111 921 1230 976 τύχην
1252 922 1408 975 ἀμείνω.
1474 923 1539 962 καὶ
1557 917 1771 973 Παλλήνης

228 995 262 1029 Η
284 996 328 1031 37
352 991 482 1044 ἀμέλει
516 988 627 1031 πόλιν
656 1007 696 1031 τε
727 991 798 1043 τὴν
827 990 1146 1046 προβεβλημένην
1173 994 1242 1043 τῆς
1273 987 1410 1042 χώρας
1441 985 1598 1040 ἁπάσης
1628 987 1694 1028 καὶ
1725 985 1770 1028 τὸ

305 1067 334 1101 C
353 1058 452 1099 κατὰ
479 1057 549 1109 τὴν
577 1057 726 1098 εἷ’σοὸον
748 1058 1027 1109 κατατείχισμα
1053 1063 1134 1104 τοῖς
1154 1054 1413 1108 ἐπιβουλεύειν
1433 1054 1636 1096 ἐθέλουσιν
1663 1051 1766 1106 ἅμα·

346 1122 419 1177 χόν
447 1139 488 1163 τε
526 1125 589 1162 καὶ
622 1121 934 1176 ἀκαταγώνιστον
967 1121 1200 1176 διεπράξατο
1242 1123 1443 1177 διαφανῶς
1474 1118 1580 1162 εἶναι.
1644 1123 1770 1161 ταῦτα
1813 1114 1816 1117 ³

349 1191 421 1243 μὲν
443 1183 510 1230 οὖν
532 1189 572 1228 ἓν
592 1187 775 1243 πράξεσιν
797 1188 904 1244 αὐτῷ
922 1194 1007 1236 ταῖς
1026 1189 1085 1229 ἐπὶ
1104 1189 1359 1230 Μακεδονίαν
1379 1185 1668 1240 διαπεπόνηται.
1781 1194 1823 1228 15

478 1253 561 1296 Ῥεῖ
594 1255 638 1295 δέ
674 1272 733 1304 τις
766 1255 943 1307 ποταμὸς
974 1255 1263 1307 Θεσσαλονίκης
1302 1254 1372 1295 οὖκ
1410 1253 1584 1303 ἄποθεν,
1618 1249 1772 1305 Ῥῆχιος

352 1321 476 1375 ὄνομα
490 1335 500 1346 ·
537 1320 579 1370 ὃς
598 1322 646 1374 δὴ
668 1319 803 1377 χώραν
823 1319 981 1375 ἀγαθήν
998 1338 1038 1363 τε
1065 1323 1130 1362 καὶ
1158 1320 1284 1375 γεώδη
1303 1318 1596 1376 περιερχόμενος
1616 1318 1688 1367 τὰς
1707 1319 1772 1359 ἕκ-

350 1388 474 1440 βολὰς
494 1390 547 1437 εἷς
566 1386 779 1430 θάλασσαν
796 1388 866 1440 τὴν
885 1389 1006 1443 ἐκείνῃ
1033 1393 1210 1428 ποιεῖται.
1274 1386 1473 1443 προσηνὴς
1493 1387 1535 1427 δὲ
1555 1383 1575 1426 ὂ
1596 1381 1773 1438 ποταμός

351 1457 457 1505 ἔστι,
490 1453 659 1510 γαληνόν
686 1472 726 1496 τε
755 1453 865 1510 ὕδωρ
904 1456 969 1495 καὶ
997 1452 1187 1507 πότιμον·
1221 1454 1261 1494 ἓν
1290 1457 1341 1508 γῇ
1366 1456 1564 1507 χθαμαλῇ
1589 1450 1772 1507 ἂρόματα

351 1522 491 1571 πολλὰ,
527 1522 613 1570 ἕλος
632 1520 806 1573 εὔνομον.
855 1523 919 1562 καὶ
938 1518 1061 1575 ταύτῃ
1082 1521 1152 1573 μὲν
1174 1519 1422 1572 εὐδαιμονίας
1440 1517 1464 1572 ἦ
1478 1517 1593 1574 χώρα
1616 1513 1658 1559 εὖ
1678 1516 1824 1570 ἴχει,20

349 1587 570 1643 βαρβάροις
603 1588 646 1628 δὲ
675 1589 761 1629 λίαν
793 1587 978 1642 εὗέφοδος
1010 1582 1109 1628 οὖσα
1137 1586 1364 1640 ἐτύγχανεν,
1399 1584 1486 1626 οὕτε
1513 1582 1703 1640 φρούριον
1731 1585 1771 1625 ἓν

295 1667 327 1702 1)
352 1657 525 1707 σημείοις
548 1652 839 1709 τεσσαράκοντα
856 1653 942 1694 οἷ”τε
963 1653 1058 1694 ἄλλο
1075 1670 1112 1694 τι
1131 1652 1255 1708 ἔρυμα
1277 1652 1434 1704 ἔχουσα.
1501 1649 1562 1691 διὸ
1583 1649 1632 1704 δὴ
1653 1648 1674 1691 ὃ
1693 1653 1773 1702 βα-

351 1721 480 1770 σιλεὺς
495 1718 603 1775 παρά
623 1737 662 1761 τε
686 1721 756 1769 τὰς
779 1725 848 1762 τοῦ
866 1718 1019 1773 Ῥηχίου
1038 1723 1218 1773 ποταμοῦ
1235 1719 1400 1772 ἐκβολὰς
1421 1718 1485 1759 καὶ
1505 1716 1576 1771 τὴν
1595 1721 1665 1770 τῆς
1688 1720 1772 1758 θα-

442 1879 476 1914 5.
508 1877 702 1934 {papalia}
733 1877 928 1923 ξύμβαμμα
959 1879 1003 1914 Η.
1061 1879 1227 1925 Scriptum
1258 1878 1397 1914 coniicio
1433 1875 1609 1921 ξύναμμα.
1652 1875 1771 1911 Mur.

444 1925 498 1959 16.
531 1925 683 1969 Ρηχιος]
708 1924 821 1968 ῥίχιος
843 1925 959 1960 Tolos.

352 2076 416 2111 que
438 2066 548 2100 iuncto
572 2067 726 2111 utrinque
741 2067 840 2108 mari,
863 2068 976 2100 urbem
991 2066 1035 2100 ibi
1061 2067 1292 2107 condiderant,
1315 2065 1504 2099 Potidaeam
1529 2064 1621 2109 oiim,
1645 2064 1772 2098 Casan-

351 2111 453 2144 driam
476 2111 573 2144 hodie
589 2112 722 2146 dictam.
769 2112 936 2155 Quidquid
959 2113 1066 2145 fuerat
1089 2123 1128 2144 eo
1155 2112 1218 2145 loci
1240 2116 1444 2151 extructum,
1470 2110 1503 2143 id
1526 2110 1624 2153 longa
1641 2109 1710 2143 dies
1725 2110 1772 2143 ita

351 2160 566 2199 corruperat,
596 2160 635 2188 ut
657 2156 785 2199 quidam
809 2157 943 2196 Hunni,
973 2156 1048 2188 dum
1074 2167 1162 2189 oram
1186 2157 1270 2189 illam
1295 2156 1448 2188 infestam
1474 2155 1652 2197 haberent,
1676 2153 1772 2198 quasi

350 2199 440 2232 aliud
455 2200 596 2243 agendo,
618 2203 653 2233 et
666 2205 795 2243 septum
815 2205 849 2233 et
864 2201 976 2233 urbem
993 2201 1124 2244 impune
1140 2200 1420 2245 expugnaverint3
1444 2199 1593 2244 quamvis
1609 2209 1772 2242 nunquam

350 2248 427 2288 post
440 2244 584 2276 homines
599 2247 694 2277 natos
710 2245 943 2278 munitionibus
959 2246 1183 2289 oppugnandis
1199 2255 1330 2288 operam
1346 2244 1522 2277 dedissent.
1569 2243 1656 2277 Hinc
1672 2243 1773 2276 lusti-

351 2288 467 2322 nianus
484 2290 568 2331 Aug.
586 2289 788 2321 occasionem
805 2289 943 2333 arripuit
959 2290 1091 2322 virtutis
1109 2290 1270 2334 animique
1285 2287 1514 2332 magnitudinis
1529 2287 1771 2321 ostendendae:

351 2333 474 2377 quippe
488 2333 604 2366 solitus
620 2333 855 2377 providentiam
871 2344 962 2367 suam
979 2334 1217 2368 calamitatibus
1233 2345 1411 2379 opponere,
1435 2343 1528 2366 casus
1545 2331 1772 2366 acerbissimos

350 2378 563 2420 subsequenti
582 2378 803 2410 munificentia
824 2379 856 2411 in
881 2379 993 2411 melius
1014 2379 1126 2412 vertit.
1172 2379 1323 2412 Pailenes
1344 2389 1424 2411 sane
1438 2377 1568 2420 urbem,
1591 2387 1656 2420 qua
1677 2376 1771 2419 regio

353 2425 427 2455 tota
453 2422 657 2465 protegitur,
680 2422 923 2466 claustrumque
948 2423 1056 2456 aditus
1081 2423 1128 2456 ita
1153 2423 1286 2466 muniit,
1310 2427 1346 2456 ut
1368 2421 1433 2455 vim
1459 2431 1584 2454 omnem
1610 2420 1772 2454 inimicam

353 2470 471 2511 aperte
485 2477 523 2499 su
548 2470 650 2499 erent.
699 2467 793 2499 Haec
807 2467 888 2500 fecit
903 2467 958 2500 ille
971 2468 1002 2500 in
1020 2468 1226 2502 Macedonia.

442 2510 519 2543 Hau
571 2511 688 2555 procul
718 2512 957 2544 Thessalonica
987 2511 1107 2545 flumen
1138 2511 1303 2546 Rhechius
1332 2509 1473 2543 labitur=
1510 2508 1567 2554 qui
1597 2512 1771 2554 postquam

354 2565 468 2598 agrum
482 2554 619 2588 fertilem
636 2565 674 2587 ac
691 2555 817 2588 minime
830 2555 1011 2599 lapidosum
1030 2557 1232 2600 pererravit,
1254 2555 1286 2587 in
1303 2554 1440 2587 vicinum
1455 2564 1545 2587 mare
1558 2564 1632 2587 sese
1647 2565 1771 2587 exone-

353 2606 420 2634 rat.
464 2599 564 2632 Lenis
579 2604 629 2632 est
643 2599 737 2632 fluvii
752 2610 884 2640 cursus3
910 2611 993 2642 aqua
1008 2601 1183 2645 tranquilla
1197 2604 1341 2644 aptaque
1355 2599 1467 2642 potui;
1489 2609 1571 2632 arva
1585 2598 1618 2631 in
1635 2597 1770 2642 planitie

354 2643 493 2688 plurima
506 2649 645 2684 ;-terrae
667 2648 792 2678 tractus
818 2644 904 2677 dulci
929 2643 1051 2687 uligine
1072 2650 1105 2678 et
1128 2645 1259 2690 pascuis
1275 2644 1389 2677 laetus.
1436 2643 1533 2683 Quae
1545 2642 1674 2687 quidem
1690 2643 1770 2676 bea-

354 2692 421 2722 tam
445 2689 610 2732 regionem
633 2689 799 2722 efficiunt:
834 2689 892 2722 sed
915 2688 1029 2722 eadem
1051 2690 1200 2723 barbaris
1221 2687 1381 2734 patebat3
1410 2699 1482 2722 cum
1505 2698 1566 2722 nec
1589 2686 1768 2728 castellum,

354 2743 416 2767 nec
429 2733 639 2768 munitionem
656 2733 750 2768 aliam
766 2733 947 2779 quampiam
965 2733 1103 2768 haberet
1125 2746 1186 2779 per
1204 2733 1352 2769 milliaria
1372 2743 1429 2767 xn.
1476 2731 1695 2774 Quamobrem
1707 2729 1770 2764 im-

1364 2789 1388 2802 Ἦ
