1800 3126
591 136 781 180 NOTAE
815 134 1107 180 ALEMANNI.
1487 133 1586 181 407

129 254 223 289 runt
249 250 294 286 in
325 245 583 286 Christianos
611 245 787 285 eiusdem
817 248 1017 296 civitatis,
1049 252 1086 284 et
1113 244 1263 283 multos
1291 244 1584 294 interfecerunt,

128 313 168 344 et
205 305 391 342 ecclesias
434 304 748 343 combusserunt.
805 304 1131 356 Steplzanumque
1163 300 1413 354 praefectum
1455 303 1585 351 ipsiu-s·

128 361 240 400 urbis
269 362 312 398 in
334 363 543 411 praetorio
566 368 838 413 peremerunt,
881 368 918 398 et
955 360 1224 398 substantiam
1259 360 1344 396 eius
1374 360 1584 408 surripue-

126 425 236 457 rzmt.
301 417 407 454 Uxor
436 431 523 455 vero
553 418 670 456 illius
698 416 916 456 ascendens
947 415 1007 454 ad
1032 416 1190 466 urbem,
1228 413 1335 453 adiit
1362 416 1582 479 imperato-

125 488 226 525 rem,
266 476 338 526 qui
378 475 500 512 ius-sit
527 473 788 512 Adamantio
828 476 1026 526 magistro
1063 473 1244 511 militum
1271 470 1501 509 descendere
1538 473 1582 508 in

122 531 406 570 Palaestinam
445 538 482 568 et
520 532 756 569 occisionem
794 533 997 582 exquirere
1034 530 1250 582 Stephani,
1290 536 1365 566 etc.
1420 530 1466 564 In
1504 525 1582 564 hac

125 586 378 639 expeditione
406 588 620 639 imperator
649 589 724 626 fuit
741 587 1022 635 Adamantius3
1052 589 1095 624 iu
1124 588 1253 638 priore
1282 586 1351 623 illa
1370 586 1580 622 Irenaeum

122 643 340 682 Pentadiae
360 642 628 696 Theophanes
645 652 852 692 memorat,
882 645 1054 696 Cyrillus
1069 642 1420 695 Scythopolitanus
1439 639 1578 679 Theo-

123 698 267 738 dorum
295 707 334 738 et
361 703 566 739 Ioannem.
626 700 707 740 Sed
735 700 877 750 huius,
914 708 1050 752 utpote
1091 700 1272 738 eiusdem
1313 699 1451 736 aetatis
1481 699 1580 736 scri-

122 759 260 808 ptoris,
289 759 487 809 integram
515 757 652 795 audire
681 760 947 795 narrationem
975 764 1168 809 praestat,
1209 769 1330 808 quam
1366 770 1388 793 e
1426 755 1581 806 scriptis

121 815 321 852 Vaticanis
349 815 462 852 libris
487 813 768 866 decerpsimus.
829 814 882 854 Οἱ
908 830 1008 854 κατα
1037 814 1309 864 Παλαιστίνην
1338 815 1583 880 Σαμαρεῖται

122 867 166 910 τὸ
195 869 373 918 ἕθνος”
345 886 455 911 απαν
476 868 574 911 navo?
605 886 686 911 των
709 873 962 923 Χριστιανων
991 882 1297 923 στρατευσαντες
1324 865 1450 909 πολλα
1480 863 1580 907 das?-

121 941 215 978 μιτα
243 922 543 979 διαπράξαντες,
570 942 641 975 τας
667 925 740 979 μὲν
759 924 1028 980 ἒμπιπτουσας
1049 926 1256 978 ἐκκλησίας
1282 921 1578 993 πραιδεύοντες,

120 980 218 1031 τους
245 981 288 1023 δὲ
316 984 613 1035 συμπίπτοντας
634 982 900 1051 Χριστιανους
928 980 1138 1036 διαφόροις
1166 979 1375 1023 κολάσεσιν
1401 977 1581 1031 οἷφειδως

119 1035 438 1090 ἀποκτείνοντες,
478 1039 545 1080 καὶ
583 1042 707 1106 χωρία
735 1037 932 1092 ὁλόκληρα
959 1043 1013 1095 τῷ
1049 1039 1147 1093 πυρὶ
1183 1034 1491 1105 παραδιδόντες,
1533 1036 1579 1077 ἐν

119 1099 204 1144 τοῖς
238 1092 407 1148 μαλιστα
444 1096 536 1150 περὶ
565 1094 771 1137 Νεάπολιν
797 1093 955 1146 τόποις,
995 1096 1098 1137 ἔνθα
1126 1091 1458 1163 τυραννήσαντες
1478 1093 1580 1134 ἕστε-

118 1161 208 1204 ψαν
235 1151 393 1202 ἑαυτοῖς
419 1152 581 1206 βασιλέα
605 1149 818 1195 Ἰουλιανόν
846 1168 935 1193 τινα
965 1150 1167 1193 συνεθνον
1195 1167 1341 1192 αυτων.
1404 1147 1497 1191 Τοτε
1528 1146 1580 1200 δη

119 1224 190 1249 τον
226 1207 298 1260 μὲν
326 1209 544 1250 ἐπίσκοπον
574 1207 814 1258 Νεαπόλεως
843 1212 1052 1277 Σαμμωνοῖ
1077 1207 1350 1258 κατέσφαξαν,
1393 1222 1506 1255 τινας
1536 1203 1582 1272 δὲ

120 1261 408 1317 συλλαβόμενοι
434 1265 737 1338 πρεσβυτέρους,
765 1266 833 1306 καὶ
861 1262 1028 1314 τούτους
1054 1261 1355 1314 κατακόψαντες
1382 1258 1576 1315 οἷπετηγα-
1601 1268 1631 1303 V
1652 1270 1719 1304 361

119 1334 238 1362 νισαν
265 1337 360 1373 μετα
388 1319 593 1372 λειψανων
614 1321 748 1391 αγίων
777 1319 999 1375 μαρτύρων,
1028 1322 1097 1362 και
1125 1319 1251 1362 πολλα
1275 1322 1439 1360 τοιαῦτα
1469 1317 1582 1360 δεινα

118 1377 405 1428 πεποιήκασιν,
442 1376 540 1419 ω’στε
575 1394 647 1426 τας
677 1376 883 1445 βασιλικοῖς
911 1378 1158 1428 καλουμένας
1186 1375 1306 1425 ὁδούς
1335 1373 1581 1445 οἷδιαβοὲτους

117 1437 202 1482 τοῖς
240 1437 493 1500 Χριστιανοῖς
533 1434 735 1504 γενέσθαι
799 1431 959 1476 Τούτων
998 1438 1075 1475 οὐν
1118 1431 1309 1475 απάντων
1353 1433 1410 1481 εἰς
1454 1429 1581 1481 α’κοας

115 1487 378 1532 εἰσελθόντων
406 1493 478 1532 τοῦ
508 1488 793 1563 ευσεβεστᾶτου
823 1491 941 1544 ἡμῶν
971 1491 1163 1544 βασιλέως
1188 1487 1473 1532 Ἰουστινιανοῦ
1500 1490 1580 1530 ἐκε-

115 1543 323 1599 λεύθησαν
354 1543 558 1602 Θεόδωρος
586 1547 654 1588 καὶ
681 1544 867 1599 Ἰωάννης
906 1548 948 1589 οι
977 1545 1228 1596 ἐνδοξότατοι
1266 1544 1430 1599 στρατόν
1459 1558 1579 1586 συνα-
1599 1554 1629 1589 Ρ
1653 1555 1719 1591 132

115 1608 265 1658 γεῖραι,
304 1620 373 1645 και
399 1607 480 1644 τῶν
509 1608 770 1658 Σαμαρειτῶν
798 1617 1157 1658 καταστρατευσαι,
1187 1601 1256 1644 καὶ
1286 1604 1488 1655 συμβολῆς
1517 1617 1579 1656 γε-

115 1658 288 1713 νομὲνης
315 1657 500 1716 οἷνηρέθη
527 1657 735 1710 Ἰουλιανὸς
762 1661 830 1701 καὶ
857 1665 1017 1713 πληθος
1045 1659 1148 1702 woh)
1178 1662 1450 1712 Σαμαρειτῶν.

228 1717 369 1766 P·‚75
402 1720 468 1758 10.
525 1719 833 1770 Designatoque
859 1718 938 1756 aibr}
968 1720 1207 1784 imperatore
1233 1716 1416 1767 Iuliano]
1454 1717 1581 1755 Sicuti

115 1774 336 1812 multarum
364 1775 544 1825 gentium
581 1787 605 1812 a
642 1789 684 1813 se
713 1775 1012 1826 profligatarum
1040 1776 1204 1812 nomina
1233 1774 1309 1812 sibi
1337 1775 1579 1811 lastinianus

115 1832 268 1880 ascivit,
298 1832 353 1868 ita
382 1837 422 1868 et
451 1832 534 1868 eius
560 1833 732 1883 tyranni,
763 1839 807 1869 ut
835 1830 959 1869 habes
987 1833 1029 1868 in
1060 1831 1188 1869 edicto
1217 1832 1411 1882 septimo,
1442 1831 1578 1880 imper.

119 1888 233 1929 Caes.
265 1887 380 1926 Flav.
408 1887 693 1939 lastinianus,
725 1888 912 1928 Aleman.
956 1887 1094 1928 Gottlz.
1127 1888 1276 1925 Franc.
1310 1887 1442 1924 Germ.
1476 1886 1579 1926 Ant.

114 1943 242 1984 Alan.
274 1941 406 1983 Vand.
436 1944 548 1996 Affr.
603 1946 732 1995 Pius,
755 1945 873 1994 felix,
904 1945 1093 1995 inclytus,
1122 1946 1264 1994 victor,
1291 1942 1582 1994 triumphator,

114 2014 268 2052 semper
293 1999 537 2052 Augustus,
580 2001 783 2041 Iulianus.
841 2002 989 2038 Parum
1018 1999 1094 2038 hoc
1124 1999 1403 2037 animadvertit
1432 2000 1580 2036 Henri-

115 2070 185 2095 cus
211 2057 436 2108 Agylaeus,
473 2057 539 2094 vel
570 2059 749 2109 quisquis
780 2058 881 2095 alius
912 2057 963 2095 ad
991 2058 1106 2095 illam
1133 2057 1433 2107 inscriptionem
1460 2062 1578 2093 nota-

110 2115 198 2152 vit:
244 2111 365 2164 Quod
400 2112 590 2151 Iulianus
633 2114 700 2151 his
738 2112 959 2163 adiicitur,
1001 2116 1193 2151 vitiosum
1231 2111 1402 2152 iudicio.
1471 2114 1578 2149 Num

108 2168 243 2223 (qnod
269 2169 391 2207 modo
421 2169 629 2222 succurrit)
668 2170 724 2208 ibi
752 2172 994 2209 Iustinianus
1026 2170 1202 2208 rescribit
1234 2170 1389 2207 Iuliano
1419 2168 1579 2219 praefe-

115 2233 177 2265 cto
205 2225 434 2278 praetorio?
475 2225 525 2264 de
564 2241 644 2279 quo
671 2241 744 2265 nos
783 2227 887 2264 infra
920 2225 971 2264 ad
1010 2241 1050 2278 p.
1081 2229 1149 2268 92.
1208 2227 1393 2264 Octavius
1423 2237 1446 2261 a
1474 2226 1578 2262 Ros-

114 2284 213 2334 berg
240 2284 388 2334 profert
414 2282 533 2321 huius
562 2284 706 2321 Iuliani
729 2285 939 2336 antiquum
963 2285 1183 2331 nomisma3
1215 2282 1287 2321 sed
1316 2282 1579 2328 allucinaturr,

113 2352 208 2377 nam
235 2341 380 2377 Iuliani
409 2342 622 2391 Apostatae
659 2339 703 2377 id
742 2354 827 2378 esse
866 2354 958 2378 cum
998 2341 1151 2392 reliqua
1184 2340 1322 2378 omnia
1362 2338 1578 2385 declarant,

115 2403 204 2433 tum
242 2409 380 2434 aversa
415 2398 667 2435 nomismatis
704 2397 825 2435 facies
866 2397 1077 2447 gentilium
1114 2397 1336 2435 simulacriS
1375 2395 1576 2445 insignita,
1600 2402 1631 2436 A
1655 2401 1700 2436 59

115 2459 157 2490 et
183 2459 321 2490 votum
351 2450 525 2504 Gybalae
558 2455 748 2491 Turritae
777 2467 821 2491 ac
849 2452 1023 2491 Palladi
1050 2460 1339 2505 nuncupatum.

227 2509 362 2558 P.75,
398 2512 463 2552 17.
520 2511 740 2548 Exactione
767 2510 880 2547 nullo
910 2510 1186 2548 humanitatis
1213 2507 1331 2547 modo
1362 2505 1576 2557 imperata]

117 2565 206 2602 Non
233 2563 438 2604 dissimulo
460 2567 600 2619 Cyrilli
617 2566 950 2619 scythopolitani,
982 2568 1053 2619 qui
1081 2565 1180 2604 baec
1207 2579 1311 2618 pene
1340 2562 1453 2610 vidit,
1482 2575 1577 2598 nar-

119 2622 313 2658 rationem
339 2623 457 2674 plane
487 2626 739 2662 contrariam.
797 2626 835 2661 Is
866 2624 986 2662 refert
1014 2626 1166 2676 primae
1195 2622 1466 2666 Palaestinae,
1505 2618 1574 2655 ubi

122 2678 372 2728 potissimum
400 2679 684 2718 Samaritarum
711 2682 882 2718 incursio
913 2680 1171 2728 desaevierat,
1200 2675 1356 2720 δώδεκα
1384 2690 1575 2725 κεντηνα-

121 2733 220 2784 eim
248 2731 492 2787 θυγχωρησιν
517 2733 756 2790 ἐποιήσαντο
779 2738 1001 2803 δημοσίων,
1031 2735 1244 2775 duodecim
1261 2733 1578 2771 centenariorum

121 2803 167 2827 ex
187 2789 367 2842 publicio
395 2794 660 2846 vectigalibuo
687 2795 958 2833 remissionem
979 2795 1142 2846 factam
1157 2793 1316 2844 sui-sse.-
1345 2786 1578 2841 Scythopoli
