1858 3126
582 137 659 181 DE
691 135 980 180 AEmFIons
1026 135 1062 179 Ι.
1134 135 1176 182 1.
1468 127 1472 131 ’
1510 137 1605 183 175

159 261 234 302 τοῦ
267 252 566 309 ξυνειθισμένου
595 253 908 310 κομπωδεστέρα
942 253 1009 295 καὶ
1038 255 1111 294 τοῦ
1145 250 1321 308 ἀμέτρου
1354 253 1608 309 κοσμιωτέρα

156 328 334 374 ἐπιεικῶς
363 323 469 375 ἔστι,
506 324 611 381 φωτὶ
646 323 778 365 δὲκαὶ
805 320 920 378 ἡλίου
940 329 1227 379 μαρμαρυγαῖς
1255 319 1472 378 ὑπερφυῶς
1502 321 1609 376 πλή-

156 398 238 437 θει.
314 393 438 449 φαίης
475 391 525 434 ἂν
560 392 632 434 οὐκ
669 391 822 443 ἔξωθεν
848 389 1187 445 καταλάμπεσθαι
1216 388 1317 448 ἡλίῳ
1351 390 1421 432 τὸν
1456 395 1609 447 χῶρον,

156 461 261 505 ἀλλὰ
279 460 351 516 τὴν
371 461 510 516 αἴγλην
532 461 573 503 ἓν
592 460 702 519 αὐτῷ
723 459 923 518 φύεσθαι,
951 458 1128 515 τοσαύτη
1154 477 1215 510 τις
1239 460 1375 517 φωτὸς
1398 461 1608 516 περιουσία

122 533 214 582 ⁵224-
241 533 359 572 τοῦτο
392 529 443 585 δὴ
476 530 523 573 τὸ
550 529 656 586 ἱερὸν
674 530 938 586 περικέχυται.
1007 531 1075 571 καὶ
1094 529 1139 572 τὸ
1166 530 1239 583 μὲν
1258 533 1332 572 τοῦ
1351 528 1426 571 νειὺ
1444 527 1608 586 πρόσω·
1633 536 1663 570 Β

153 616 230 642 πον
251 598 331 654 (εἴη
360 598 401 640 δ’
439 598 489 642 ἂν
515 599 641 642 αὐτοῦ
666 599 719 642 τὰ
747 597 849 655 πρὸς
871 598 1086 652 ἀνίσχοντα
1117 596 1244 653 ἥλιον,
1275 599 1345 641 ἵνα
1367 598 1418 654 δὴ
1442 602 1500 657 τῷ
1520 602 1609 656 θεῷ

154 668 404 725 ἱερουργοῦσι
430 667 481 710 τὰ
517 667 694 726 ἄρρητα)
725 665 862 725 τρόπῳ
891 669 1033 725 τοιῷδε
1071 665 1419 725 δεδημιούργηται.
1499 670 1610 710 oino-

153 738 277 791 δομία
309 754 371 787 τις
394 738 437 779 ἐκ
469 741 543 793 γῆς
573 738 713 791 ἀνέχει,
749 736 823 778 οὐκ
857 735 924 778 ἐπ’
960 735 1122 786 εὐθείας
1141 737 1398 792 πεποιημένη,
1433 736 1527 778 ἀλλ’
1565 738 1609 779 ἐκ

153 810 233 849 τῶν
261 807 439 862 πλαγίων
468 804 744 860 ὗπεσταλμένη
776 805 880 847 κατὰ
904 805 1055 862 βραχὺ,
1090 807 1157 847 καὶ
1186 806 1288 847 κατὰ
1317 805 1367 847 τὰ
1385 806 1490 859 μέσα
1506 803 1610 847 ὕπο·
1630 815 1663 849 V
1684 816 1754 851 396

99 886 146 921 10
151 879 343 932 χωροῦσα
351 907 365 927 ,
399 875 462 917 ini
484 873 622 930 σχῆμά
643 892 685 918 τε
711 874 816 917 κατὰ
845 873 970 929 ἥμισυ
998 874 1044 917 τὸ
1069 873 1312 931 στρογγύλον
1337 877 1454 917 ἰοῦσα
1463 906 1477 925 ,
1511 874 1610 931 ὅπερ

154 944 193 986 οἱ
221 945 310 1001 περὶ
345 944 396 987 τὰ
421 948 590 986 τοιαῦτα
625 946 747 1002 σοφοὶ
781 942 1067 1001 ἧμικύλινδρον
1102 941 1387 996 ὀνομάζουσιν,
1432 944 1473 993 ἐς
1501 942 1612 997 ὕψος

152 1010 358 1067 ἀπότομον
394 1013 668 1068 ἐπανέστηκεν.
756 1010 783 1068 ἡ
823 1013 869 1055 δὲ
902 1017 976 1055 τοῦ
1006 1012 1123 1070 ἔργον
1160 1012 1305 1055 τούτου
1333 1010 1538 1068 ’ὑπερβολὴ
1571 1013 1613 1062 ἐς

118 1080 122 1084 ’
152 1082 332 1139 σφαίρας
357 1081 671 1139 τεταρτημόριον
703 1081 959 1139 ἀποκέκριται
968 1114 982 1133 ,
1049 1080 1225 1138 ὕπερθέν
1262 1098 1304 1123 τε
1334 1082 1543 1136 μηνοειδές
1571 1098 1611 1122 τι

153 1150 258 1208 αὐτῇ
285 1151 418 1208 ἕτερον
448 1157 532 1201 τοῖς
564 1151 778 1209 προσεχέσι
804 1155 876 1205 τῆς
907 1152 1139 1205 οἰκοδομίας
1159 1151 1342 1206 ἐπῇρται,
1378 1154 1428 1206 τῇ
1447 1150 1520 1203 μὲν
1541 1150 1610 1191 εὐ-

99 1220 322 1279 15πρεπείᾳ
355 1218 614 1272 θαυμάσιον,
661 1224 719 1278 τῷ
759 1220 802 1269 δὲ
838 1224 1029 1277 σφαλερῷ
1061 1224 1133 1274 τῆς
1166 1220 1395 1268 συνθέσεως
1427 1221 1611 1261 δοκοῦντι

154 1285 254 1330 εἶναι
282 1288 458 1345 φοβερὸν
490 1288 607 1339 ὅλως.
677 1291 792 1331 δοκεῖ
807 1287 885 1345 γάρ
914 1307 967 1343 πη
994 1287 1066 1330 οὐκ
1088 1289 1129 1330 ἐν
1148 1289 1302 1345 βεβαίῳ
1326 1290 1609 1343 ἐπῃωρῆσθαι,

154 1356 248 1400 ἀλλ’
277 1355 532 1407 ἐπικινδύνως
557 1363 641 1407 τοῖς
670 1355 818 1399 ἐνθάδε
854 1351 943 1399 οὖσι
971 1359 1298 1414 μετεωρίζεσθαι.
1366 1358 1495 1398 καίτοι
1516 1358 1608 1398 δια-
1634 1365 1665 1399 C

153 1422 357 1482 φερόντως
384 1425 425 1468 ἓν
453 1429 513 1483 τῷ
531 1427 687 1483 βεβαίῳ
718 1430 791 1480 τῆς
817 1425 1041 1482 ἀσφαλείας
1069 1425 1311 1482 ἐστήρικται.
1377 1423 1532 1468 τούτων
1563 1427 1610 1468 δὲ

154 1494 205 1549 δὴ
224 1494 295 1551 ἐφ’
321 1492 489 1551 ἑκάτερα
512 1495 639 1544 κίονες
664 1494 730 1535 ἐπ’
758 1492 939 1551 ἐδάφους
969 1496 1066 1537 εἰσὶν
1074 1526 1086 1545 ,
1118 1495 1212 1536 οὐδὲ
1243 1495 1357 1536 αὐτοὶ
1383 1494 1478 1537 κατ’
1505 1494 1609 1536 εὐθὺ

99 1560 345 1615 Ξθὲστῶτες,
383 1562 479 1604 ἀλλ’
508 1562 603 1606 εἶ’σω
630 1563 736 1605 κατὰ
767 1568 905 1618 σχῆμα
938 1563 983 1606 τὸ
1012 1561 1230 1618 ἧμίκυκλον
1261 1562 1394 1619 ὥσπερ
1428 1564 1470 1604 ἐν
1494 1567 1611 1620 χορῷ

154 1630 343 1687 ἀλλήλοις
372 1629 750 1687 ὗπεξανιστᾶμενοι,
793 1634 860 1674 καὶ
895 1632 1027 1675 αὐτῶν
1054 1631 1317 1689 ὗπεράνωθεν
1355 1630 1612 1687 οἰκοδόμημα

152 1701 358 1756 μηνοειδὲς
379 1701 670 1758 ἄποκρέμαται.
716 1705 791 1744 τοῦ
815 1702 858 1744 δὲ
879 1702 930 1756 δὴ
949 1699 1051 1759 ἑῴου
1072 1701 1311 1758 καταντικρὺ
1333 1701 1406 1751 τὰς
1428 1700 1610 1751 εἰσόδους

154 1768 255 1824 ἔχων
274 1768 478 1827 ἐγήγερται
506 1777 661 1824 τοῖχος,
691 1772 759 1812 καὶ
787 1770 911 1813 αὐτοῦ
934 1769 1184 1828 ἑκατέρωθεν
1207 1774 1249 1813 οἵ
1265 1788 1304 1814 τε
1326 1771 1454 1820 κίονες
1475 1770 1610 1812 καὶτὰ

155 1838 290 1881 αὐτῶν
313 1837 490 1895 ὕπερθεν
510 1837 730 1893 ὁμοιότατα
755 1845 839 1889 τοῖς
867 1841 1157 1894 δεδηλωμένοις
1191 1841 1232 1882 ἓν
1260 1837 1468 1896 ἧμικύκλῳ
1491 1837 1611 1893 ἑστή-

99 1917 263 1954 25κασι.
331 1907 436 1949 κατὰ
465 1907 510 1949 δὲ
542 1908 595 1950 τὰ
621 1912 695 1950 τοῦ
724 1908 800 1950 νεὼ
822 1908 928 1962 μέσα
958 1907 1078 1966 λόφοι
1097 1910 1368 1966 χειροποίητοι
1393 1907 1610 1961 ἐπανεστή-

246 2002 282 2039 5.
303 1999 551 2048 περικέχυται]
576 2002 790 2048 διακέχυται
810 2003 888 2038 CH.
1025 2006 1081 2040 21.
1103 2001 1383 2048 ὑπεξιστάμενοι
1403 2003 1452 2040 Η.

154 2085 228 2119 tato
243 2094 336 2117 more
350 2081 631 2127 magnificentior,
655 2093 696 2116 ac
719 2082 828 2116 nimiis
850 2083 993 2117 molibus
1007 2082 1202 2117 concinnior
1218 2083 1348 2117 omnino
1365 2083 1422 2118 sit.
1468 2082 1612 2118 Lumine

154 2133 191 2164 et
205 2129 308 2164 solari
321 2128 502 2175 splendore
523 2128 724 2162 mirabiliter
739 2128 871 2163 affluit:
892 2141 958 2163 non
981 2129 1188 2164 extrinsecus
1214 2129 1404 2163 collustrari
1420 2140 1440 2162 a
1464 2129 1535 2163 sole
1559 2130 1614 2162 lo-

156 2186 244 2220 cum,
261 2174 324 2210 sed
348 2174 430 2208 inibi
453 2174 546 2208 nasci
567 2174 732 2218 fulgorem
759 2175 907 2210 diceres:
931 2181 1025 2210 tanta
1053 2180 1106 2209 est
1130 2175 1262 2209 affusae
1283 2176 1409 2220 templo
1434 2175 1512 2209 huic
1527 2175 1613 2210 lucis

155 2221 266 2267 eopia.
313 2224 366 2256 Ac
385 2221 481 2255 frons
503 2219 647 2265 quidem,
671 2220 821 2255 nimirum
838 2233 919 2266 pars
934 2223 1081 2256 obversa
1100 2221 1237 2263 orienti,
1260 2222 1316 2255 ubi
1338 2223 1403 2255 deo
1420 2221 1538 2266 peragi
1553 2233 1613 2255 sa-

155 2278 216 2302 cra
229 2267 339 2302 solent
348 2265 544 2308 ineffabilia,
567 2266 632 2300 hoc
647 2267 744 2300 modo
762 2273 955 2302 constructa
975 2273 1040 2303 est.
1087 2268 1139 2301 Ab
1157 2268 1256 2302 humo
1274 2273 1387 2302 exstat
1406 2267 1611 2311 aedificium,

155 2324 224 2349 uon
243 2318 339 2348 recta
359 2311 559 2359 productum
580 2312 682 2356 linea,
705 2312 765 2346 sed
786 2313 867 2348 laxa
886 2314 1009 2348 sensim
1031 2313 1232 2359 obliquitate
1247 2314 1392 2355 flexu-m
1413 2313 1611 2358 receditque

155 2358 191 2393 in
213 2359 347 2400 medio,
368 2370 409 2392 ac
426 2358 538 2403 figura
552 2358 755 2403 semitereti‚
780 2371 879 2404 quam
904 2360 987 2394 artis
1004 2359 1105 2406 periti
1118 2360 1387 2404 semicylindrum
1406 2364 1544 2402 vocant,
1567 2359 1612 2394 ad

155 2405 428 2451 perpendiculum
443 2405 563 2450 surgit.
607 2404 647 2439 In
673 2409 828 2449 quartam
851 2406 1016 2451 sphaerae
1040 2413 1168 2451 partem
1192 2406 1314 2439 desinit
1339 2406 1450 2451 operis
1472 2406 1613 2439 huiusce

157 2451 304 2485 culmen:
337 2451 392 2485 cui
417 2461 507 2497 quae
540 2455 620 2485 sunt
645 2450 800 2485 adiuncta
821 2452 941 2486 celsius
966 2452 1122 2497 quiddam
1142 2452 1233 2486 aliud
1257 2452 1439 2493 sustinent,
1463 2451 1613 2485 bicornis

156 2495 255 2531 lunae
271 2497 377 2531 instar
391 2496 574 2532 sinuatum:
598 2498 689 2542 quod
712 2496 810 2531 simul
826 2499 1050 2532 concinnitate
1075 2498 1341 2541 admirationem,
1365 2498 1461 2532 simul
1488 2497 1612 2531 dubiae

159 2543 330 2587 compagis
357 2544 471 2588 specie
496 2543 650 2577 timorem
681 2543 778 2589 parit.
827 2543 950 2589 Neque
982 2545 1069 2578 enim
1101 2544 1238 2579 videtur
1269 2544 1417 2589 pendere
1449 2549 1536 2585 tuto,
1574 2547 1611 2575 et

158 2589 308 2632 quamvis
321 2588 511 2623 firmissime
525 2589 664 2633 nitatur,
679 2589 864 2635 periculum
880 2595 990 2625 tamen
1006 2595 1154 2625 ostentat
1166 2591 1212 2624 ibi
1228 2591 1451 2627 versantibus.
1486 2588 1610 2621 Utrin-

160 2643 227 2678 que
249 2633 474 2679 pavimentum
495 2634 655 2669 columnis
676 2636 852 2681 premitur,
877 2648 944 2670 non
963 2642 1057 2671 recto
1074 2642 1108 2671 et
1128 2636 1210 2682 ipsis
1223 2637 1351 2677 ordine,
1373 2636 1432 2670 sed
1447 2636 1536 2668 intus
1552 2646 1608 2666 se—

158 2678 356 2714 micirculari
375 2681 481 2715 forma
502 2680 694 2727 dispositi83
718 2682 767 2716 ita
793 2687 831 2716 ut
844 2682 909 2717 sibi
922 2683 1067 2718 invicem
1082 2687 1241 2728 tanquam
1259 2684 1293 2716 in
1310 2683 1413 2716 choro
1429 2690 1609 2723 assurgen-

158 2728 225 2768 tes,
246 2724 362 2760 lunato
385 2726 540 2762 aedificio
563 2727 706 2763 subsint.
752 2727 930 2764 Orientem
954 2735 1070 2764 contra
1092 2731 1262 2763 excitatus
1278 2733 1330 2762 est
1345 2727 1466 2773 paries,
1490 2725 1608 2770 inquo

159 2773 239 2804 sunt
253 2770 368 2816 templi
381 2771 521 2807 ianuaez
541 2773 710 2807 hincinde
728 2774 918 2817 columnae,
947 2781 982 2809 et
997 2776 1048 2810 his
1070 2775 1247 2821 superiora
1272 2778 1440 2807 structura
1463 2771 1527 2804 iam
1555 2772 1610 2804 di-

159 2816 222 2851 ctis
237 2815 337 2862 plane
352 2816 451 2852 simili
463 2818 703 2854 semicirculum
716 2819 889 2855 exhibent.
935 2820 1049 2855 Medio
1068 2821 1103 2855 in
1117 2821 1240 2866 templo
1256 2830 1400 2864 aggeres
1416 2817 1610 2860 manufacti,
