1754 3132
371 661 756 711 CLAUDII
823 658 1306 710 MALTRETI

161 783 216 850 P
318 782 384 852 R
483 784 548 852 A
650 784 706 853 E
809 784 867 854 F
973 784 1038 852 A
1145 781 1211 852 T
1316 781 1347 850 Ι
1453 779 1517 850 Ο

493 932 563 974 AD
592 931 769 975 Lufflos
797 933 866 974 DE
894 932 1170 976 AEDIFICllS.

94 1182 294 1251 Animum
332 1211 492 1267 expedi,
533 1213 669 1255 Amet
708 1213 916 1264 Laeron,
965 1220 1002 1254 et
1035 1213 1084 1254 ad
1125 1212 1275 1269 longum
1305 1209 1376 1251 iter
1403 1209 1573 1267 accinge.

97 1279 210 1320 Orbis
230 1280 434 1330 Romanus,
465 1296 571 1336 quam
600 1281 673 1321 late
706 1280 821 1336 patuit
851 1280 917 1320 sub
937 1280 1135 1321 Iustiniano
1155 1284 1345 1336 Augusto,
1385 1277 1576 1319 obeundus

97 1354 155 1388 est
185 1356 303 1397 totuS,
335 1358 492 1404 excepta
529 1349 625 1390 sorte
649 1348 767 1389 Italia.
828 1348 881 1388 Se
913 1348 1041 1399 ducem
1074 1348 1184 1388 oss'ert
1212 1347 1452 1389 Pnocorms
1480 1348 1577 1388 Cae-

97 1415 296 1465 sariensis,
346 1415 480 1472 ubique
520 1426 638 1458 notuS.
718 1415 805 1456 Tibi
843 1415 961 1470 ipsum
1001 1415 1166 1471 sequenti
1206 1415 1368 1471 hospitia
1407 1431 1582 1471 nusquam

98 1485 264 1525 deerunt.
324 1483 453 1525 Ubivis
476 1484 652 1539 patebunt
668 1483 906 1539 Imperatoris
937 1483 1032 1524 illius
1052 1482 1258 1525 Aedilicia:
1297 1499 1392 1538 quae
1413 1483 1582 1539 Scriptor

97 1551 160 1593 hie
195 1553 292 1593 adeo
325 1552 470 1601 muniit,
514 1560 552 1593 ut
582 1566 628 1592 ea
657 1567 725 1592 non
753 1554 861 1591 imber
892 1553 985 1591 edax
1013 1558 1079 1591 aut
1106 1554 1246 1605 Aquilo
1275 1555 1444 1604 impotens
1472 1555 1584 1605 possit

97 1622 260 1672 diruere,
303 1626 369 1661 aut
415 1621 682 1660 innumerabilis
718 1635 890 1660 annorum
926 1624 1030 1659 series
1060 1625 1093 1659 et
1121 1621 1223 1672 suga
1252 1626 1441 1673 temporum
1478 1620 1581 1660 labe-

99 1687 253 1730 factare.
314 1687 414 1730 Vide
441 1695 479 1728 et
504 1687 642 1730 mirare
663 1696 832 1744 quantum
853 1687 1029 1728 adversus
1050 1695 1268 1728 vetustatem
1293 1688 1417 1729 bonae
1437 1688 1585 1729 litterae

100 1755 261 1797 valeant.
322 1755 545 1805 Columnae,
598 1756 783 1803 Porticus,
836 1757 978 1797 Sacrae
1028 1755 1178 1805 Aedes,
1226 1756 1390 1806 Palatia,
1433 1757 1582 1805 Pontes,

99 1824 291 1872 Balneae‚
333 1823 518 1873 Castella,
570 1823 719 1879 Oppida
748 1823 786 1864 in
820 1823 920 1864 foliis
958 1824 1110 1864 eruditis
1147 1824 1277 1866 melius
1318 1833 1434 1875 stant,
1476 1840 1585 1881 quam

101 1892 164 1934 ubi
185 1900 349 1934 extructa
369 1892 550 1948 quondam
572 1891 678 1933 suere
700 1906 818 1947 opere
847 1892 1081 1934 solidissimo.
1140 1893 1243 1934 Alibi
1273 1893 1334 1934 vel
1362 1893 1474 1934 foede
1507 1909 1583 1935 mu-

102 1960 167 2001 tila
187 1968 288 2008 sunt,
328 1959 389 2001 vel
410 1959 557 2000 omnino
589 1960 709 2001 nulla:
745 1959 807 2000 hie
838 1974 993 2009 nomen,
1030 1960 1136 2001 situm
1163 1961 1390 2016 formamque
1410 1962 1579 2004 retinent.

104 2029 319 2084 Quanquam
339 2028 458 2073 visum>
474 2036 530 2068 est
555 2027 751 2083 aliquando
782 2042 913 2068 aevum
933 2029 1068 2083 scripta
1089 2028 1231 2070 isthaec
1251 2029 1473 2072 abolevisse.
1533 2032 1583 2072 At

104 2111 183 2137 cum
214 2096 274 2137 diu
293 2095 479 2137 latuissent
501 2095 538 2135 in
557 2096 731 2151 pulvere,
767 2096 924 2137 extitere
951 2097 1107 2146 sensim,
1145 2113 1292 2139 arcuum
1322 2098 1434 2139 instar
1463 2099 1583 2140 trium-

103 2163 284 2220 phalium:
326 2163 387 2219 qui
417 2171 516 2204 terra
544 2163 617 2205 iam
648 2165 792 2221 pridem
821 2164 959 2213 obruti,
998 2164 1171 2220 paulatim
1201 2174 1427 2222 reteguntur.
1490 2167 1581 2209 Cum

103 2231 260 2288 primum
278 2246 415 2272 summa
435 2240 625 2273 curvatura
644 2241 818 2288 apparet,
854 2247 897 2274 os
914 2232 1062 2288 aliquod
1082 2232 1209 2274 effossi
1239 2234 1432 2275 cadaveris
1452 2235 1582 2276 videro

103 2306 143 2340 te
172 2298 315 2340 credas.
373 2299 492 2340 Humo
522 2310 642 2342 autem
670 2310 802 2357 egesta
830 2315 875 2341 ac
906 2300 987 2341 solo
1016 2309 1195 2357 purgato,
1229 2302 1341 2342 decus
1372 2303 1582 2358 molemque

104 2381 233 2407 omnes
268 2365 485 2421 suspiciunt,
534 2376 571 2410 et
606 2385 690 2410 suus
728 2369 848 2410 honor
875 2378 1108 2410 monumento
1146 2369 1366 2425 antiquitatis
1403 2371 1578 2413 redditur.

105 2435 248 2475 Eodem
287 2434 399 2489 plane
438 2436 549 2476 modo
589 2436 629 2477 hi
662 2439 754 2492 περὶ
780 2438 1008 2491 κτισμάτων
1035 2437 1143 2486 libri,
1200 2437 1354 2493 primum
1392 2439 1580 2489 Basilo-ae,

106 2502 260 2543 subinde
278 2501 428 2544 Parisiis
457 2504 547 2545 editi
577 2513 662 2546 ante
692 2521 807 2548 annos
829 2510 922 2552 120.
939 2507 981 2560 ²¹²)
1015 2521 1154 2548 summa
1177 2506 1358 2562 quaedam
1387 2507 1500 2549 veluti
1529 2508 1582 2547 sa-

203 2693 254 2739 Γ)
277 2695 429 2730 Videtur
455 2684 640 2732 Francieci
672 2697 880 2733 Cranveldii
903 2697 1230 2744 interpretationem
1269 2699 1429 2733 Latinam
1454 2698 1585 2743 dicere,

109 2762 201 2797 quae
223 2751 371 2787 Parisiis
394 2753 527 2799 prodiit
550 2767 582 2789 a.
607 2757 708 2791 1537.
733 2768 777 2790 ex
801 2757 946 2792 officina
968 2755 1164 2793 Christiani
1178 2756 1354 2791 wecheli.
1378 2755 1422 2790 V.
1438 2755 1583 2791 Fabric.

109 2809 153 2847 B.
179 2809 242 2843 Gr.
275 2810 350 2848 vol.
373 2812 408 2846 7.
437 2823 473 2858 p.
498 2811 579 2848 659.
605 2812 661 2849 ed.
684 2813 805 2858 ΗΠΒ]
