1754 3132
572 108 844 153 HISTORIA
875 108 1087 151 ARCANA
1123 108 1171 153 5.
1545 111 1610 157 39

136 224 199 267 ἐπὶ
230 220 414 278 θατέρου
459 220 628 272 σκέλους
670 220 831 266 ἑστῶτα
865 222 1123 279 προσουδίζει
1159 221 1305 277 χαμαί.
1374 224 1607 284 Βελισαρίῳ

132 291 207 345 μὲν
226 286 300 335 οὖν
318 288 340 335 ὅ
360 294 403 333 Γ
398 290 568 341 οτθικὸς
586 288 764 346 πόλεμος
787 292 883 348 τῇδε
907 288 1124 347 ἐχώρησεν.
1195 289 1400 346 ἇπογνοῦς
1419 291 1465 333 δὲ
1480 296 1606 345 βασι-

133 359 234 409 λέως
254 359 382 402 ἐδεῖτο
402 357 515 409 ὅπως
539 360 578 402 οἳ
599 361 668 417 ἐξῇ
689 359 853 403 ἐνθένδε
878 357 940 402 ὅτι
961 357 1136 414 τάχιστα
1164 358 1463 415 ἀπαλλαγῆναι.
1536 363 1605 403 καὶ

133 428 214 471 ἐπεὶ
233 425 491 483 ἐνδεχόμενον
511 429 686 483 βασιλέα
707 428 782 482 τὴν
807 428 943 483 δέησιν
960 427 1083 484 ἴγνω,
1119 427 1294 482 ἅσμενος
1323 427 1452 478 εὐθὺς
1473 427 1605 472 ἀπιών

99 495 282 554 5ᾤχετο,
314 497 471 553 χαίρειν
501 497 636 540 πολλὰ
662 502 721 556 τῷ
743 513 785 539 τε
800 494 1013 548 Ῥωμαίων
1032 501 1197 554 στρατῷ
1218 498 1284 539 καὶ
1302 495 1474 546 Ἰταλοῖς
1492 494 1604 553 φρά-
1627 507 1659 541 Α
1682 508 1728 543 24

131 581 233 618 σας,
283 567 350 608 καὶ
390 565 443 608 τὰ
477 567 552 620 μὲν
582 569 751 608 πλεῖστα
782 563 992 621 ὑποχείρια
1021 572 1108 615 τοῖς
1136 565 1342 620 πολεμίοις
1375 564 1602 619 ἀπολιπὼν,

128 634 342 689 Περυσίαν
377 635 422 676 δὲ
458 632 686 691 πικρότατα
717 635 931 693 πολιορκίᾳ
963 633 1226 689 πιεζομένην,
1261 632 1367 690 ἥπερ
1392 633 1448 677 ἔτι
1473 634 1604 678 αὐτοῦ

129 701 213 761 ὁδῷ
231 699 366 752 ι’όντος
389 702 486 745 κατ’
510 702 640 759 ἄκρας
658 700 817 745 ἁλοῦσα
835 703 876 752 ἔς
896 707 1034 745 πᾶσαν
1054 707 1182 745 κακοῦ
1203 702 1314 747 ἰδέαν
1328 698 1473 756 ἦλθεν,
1500 697 1604 760 ᾗπέρ

125 788 198 824 μοι
215 768 415 828 πρότερον
433 769 679 827 δεδιήγηται.
752 770 981 826 ξυνηνέχθη
1002 771 1046 813 δὲ
1069 773 1135 813 καὶ
1158 771 1263 813 κατὰ
1285 771 1361 825 τὴν
1381 773 1511 814 οἰκίαν
1529 770 1605 814 τύ-

72 849 117 883 10
124 856 203 894 χης
229 840 460 894 ἐναντίωμα
491 843 704 894 ξυμπεσεΐν
731 837 903 882 τοιόνδε.
980 837 1179 895 Θεοδώρα
1198 837 1223 894 ἦ
1244 842 1409 893 βασιλὶς
1427 845 1500 895 τῆς
1520 843 1603 883 Βε-

124 909 313 964 λισαρίου
344 908 492 958 παιδὸς
521 907 807 965 ἐξεργάζεσθαι
839 907 914 963 τὴν
939 906 1084 963 ἐγγύην
1111 907 1346 963 ἐπειγομένη
1375 913 1433 967 τῷ
1463 913 1601 965 θυγα-
1623 921 1653 955 Β

123 978 275 1035 τριδῷ,
322 976 454 1032 συχνοὶ
480 975 702 1034 γράφουσα
737 976 835 1026 τοὺς
863 976 1124 1032 γειναμένους
1152 976 1228 1032 τὴν
1263 973 1388 1033 κόρην
1419 975 1604 1032 ἠνώχλει.

70 1069 74 1073 ·
124 1045 164 1087 οἳ
191 1046 238 1088 δὲ
266 1044 313 1089 τὸ
339 1047 465 1100 κῆδος
493 1044 764 1102 ἀναδυόμενοι
806 1045 1052 1088 ἀπετίθεντο
1091 1046 1166 1100 μὲν
1197 1046 1238 1094 ἐς
1269 1047 1502 1101 παρουσίαν
1527 1046 1603 1101 τὴν

123 1114 328 1171 σφετέραν
361 1113 434 1158 τὸν
464 1112 596 1171 γάμον
607 1147 620 1168 ,
658 1114 1028 1169 μεταπεμπομένης
1057 1115 1102 1156 δὲ
1134 1113 1288 1163 αὐτοὺς
1314 1114 1355 1163 ἒς
1372 1112 1603 1166 Βυζάντιον

68 1191 110 1228 15
124 1186 198 1237 τῆς
222 1183 462 1236 βασιλίδος,
499 1181 699 1226 ἀδύνατοι
723 1181 824 1225 εἶναι
847 1181 1193 1225 ἀπαλλάσσεσθαι
1215 1187 1342 1225 τανῦν
1364 1183 1407 1234 ἐξ
1426 1183 1604 1233 Ἰταλιάς

121 1249 386 1306 ἐσκήπτοντο.
424 1291 426 1293 ,
459 1249 485 1305 ἦ
519 1253 564 1294 δὲ
594 1252 810 1308 γλιχομένη
843 1252 918 1305 μὲν
946 1249 1086 1307 κύριον
1119 1251 1193 1293 τὸν
1220 1253 1503 1307 θυγατριδοῦν
1527 1256 1602 1294 τοῦ

118 1320 369 1375 Βελισαρίου
400 1319 740 1374 καταστήσεσθαι
769 1318 951 1362 πλούτου
964 1352 977 1371 ,
1015 1320 1102 1376 ᾔδει
1121 1319 1200 1374 γὰρ
1220 1319 1437 1375 ἐπίκληρον
1458 1319 1603 1374 ἐσομέ-

119 1405 193 1443 νην
224 1388 300 1444 τὴν
329 1390 484 1441 παῖδα,
532 1389 607 1432 οὐκ
643 1388 764 1438 ὄντος
794 1389 1028 1445 Βελισαρίῳ
1059 1386 1199 1443 ἑτέρου
1241 1404 1317 1430 του
1345 1387 1493 1443 γόνου,
1537 1390 1601 1431 ἐπὶ

118 1457 258 1511 μέντοι
277 1460 328 1513 τῇ
346 1456 590 1511 Ἀντωνίνης
607 1454 750 1514 γνώμῃ
771 1461 945 1513 θαρσεῖν
965 1456 1129 1511 οὐδαμῆ
1150 1455 1301 1510 ἔχουσα
1312 1488 1325 1508 ,
1365 1458 1603 1510 δειμαίνου-

63 1523 175 1571 ἓοσά
203 1542 247 1568 τε
275 1525 335 1580 μὴ
365 1525 469 1579 μετὰ
500 1525 575 1581 τὴν
601 1530 676 1568 τοῦ
705 1527 801 1580 βίου
830 1524 1127 1581 καταστροφὴν
1149 1524 1198 1567 οὐ
1221 1530 1398 1581 φανεῖσα
1418 1525 1540 1580 πιστὴ
1560 1526 1601 1575 ἒς

117 1594 190 1638 τὸν
209 1593 338 1648 αὐτῆς
357 1592 469 1637 οἷκον
479 1627 493 1647 ,
532 1595 676 1650 καίπερ
695 1594 826 1649 αὐτῆς
846 1592 955 1637 οὕτω
976 1590 1279 1651 φιλανθρώπου
1301 1594 1341 1635 ἓν
1362 1600 1447 1643 τοῖς
1469 1593 1597 1649 ἇναγ-
1621 1604 1652 1640 c

116 1660 352 1712 καιοτάτοις
373 1667 572 1717 τυχοῦσα,
604 1661 886 1718 διασπάσηται
908 1663 961 1705 τὰ
987 1662 1238 1718 ξυγκείμενα,
1266 1660 1474 1718 ἐργάζεται
1499 1660 1599 1705 ἀνό-

116 1747 207 1776 σιον
247 1730 378 1789 ἔργον.
448 1736 507 1791 τῷ
537 1731 616 1789 γὰρ
646 1733 843 1791 μειρακίῳ
875 1731 950 1786 τὴν
980 1732 1199 1786 παιδίσκην
1226 1733 1434 1783 ’ξυνοικίζει
1465 1729 1600 1774 οὐδενὶ

209 1842 244 1876 6.
285 1837 334 1875 τοὶ
378 1837 446 1884 μὲν
489 1840 597 1875 Alem.
638 1841 679 1875 P.
739 1841 791 1886 τῷ
827 1838 895 1885 μὲν
938 1841 978 1874 Α.
1121 1842 1155 1875 7.
1191 1838 1245 1874 ἔτι
1277 1839 1385 1873 Alem.
1434 1837 1494 1875 ἐπὶ
1525 1839 1599 1876 ΑΡ.

207 1890 246 1923 8.
288 1885 440 1928 ἰόντος]
485 1887 598 1931 Vulgo
634 1886 767 1927 ἱέντος.
911 1889 967 1922 11.
1005 1886 1251 1931 θυγατριδῷ]
1283 1887 1517 1932 θυγατριδίῳ
1552 1886 1593 1920 Α.

211 1934 268 1970 16.
293 1932 487 1979 γλιχομένη
513 1933 621 1967 Alem.
669 1931 862 1978 γλιχομένη
886 1933 927 1966 Α.
973 1932 1176 1978 γληχομένη
1201 1933 1243 1966 P.

116 2025 227 2061 altero
250 2024 363 2060 veluti
385 2024 527 2059 innixae
550 2024 661 2069 pede,
686 2024 730 2059 ad
757 2028 887 2058 terram
910 2022 1050 2069 penitus
1074 2023 1248 2069 collapsae
1273 2021 1375 2056 ruina
1398 2026 1490 2056 sunt.
1535 2020 1596 2055 Sic

115 2071 206 2106 bello
240 2071 410 2107 Gotthico
444 2071 675 2115 procedente,
708 2069 901 2104 Belisarius
933 2081 972 2103 re
1006 2071 1210 2115 desperata,
1244 2073 1284 2102 ut
1307 2068 1375 2102 sibi
1400 2079 1499 2112 quam
1523 2067 1597 2112 pri-

115 2129 203 2153 mum
228 2129 272 2152 ex
296 2117 398 2152 Italia
422 2116 611 2151 decedendi
636 2117 784 2151 facultas
808 2116 895 2159 fiat,
920 2115 1117 2162 Principem
1142 2121 1266 2160 rogat3
1290 2126 1359 2159 quo
1385 2124 1507 2159 preces
1532 2113 1595 2147 ad-

115 2163 293 2206 mittente,
327 2163 444 2198 alacer
473 2175 493 2196 e
527 2163 679 2208 vestigio
714 2163 807 2203 abit,
842 2162 1028 2196 Romanum
1054 2163 1216 2203 militem,
1250 2160 1452 2205 Italiamque
1477 2159 1594 2193 valere

114 2209 257 2251 iubens3
289 2221 392 2256 quam
414 2209 546 2243 maiore
570 2221 612 2243 ex
639 2213 739 2255 parte
763 2209 828 2243 sub
852 2208 998 2242 hostium
1023 2214 1220 2253 potestate,
1254 2213 1290 2240 et
1314 2206 1493 2240 Perusiam
1516 2205 1595 2239 dira

115 2256 296 2291 obsidione
328 2254 472 2300 reliquit
503 2266 725 2301 oppressam3
758 2265 869 2299 quae,
902 2254 981 2288 dum
1013 2255 1090 2300 ipse
1122 2255 1157 2288 in
1189 2257 1352 2298 suscepto
1374 2252 1502 2287 itinere
1527 2256 1593 2292 est,

115 2305 336 2348 expugnata,
369 2300 405 2334 in
430 2300 567 2342 omnia,
601 2306 640 2334 ut
669 2312 775 2346 supra
807 2300 1044 2342 narravimus,
1079 2300 1166 2335 mala
1202 2299 1355 2333 devenit.
1403 2298 1474 2331 Sed
1499 2295 1594 2331 domi

116 2359 200 2382 suae
234 2348 300 2382 hoc
328 2346 467 2381 interim
500 2347 690 2381 Belisarius
719 2347 802 2380 tulit
821 2346 1054 2380 infortunium.
1103 2345 1292 2381 Theodora
1315 2346 1474 2388 Augusta
1497 2342 1594 2377 Beli-

115 2393 200 2428 sarii
222 2393 317 2428 filiae
342 2393 483 2438 nuptias
507 2393 690 2427 Anastasio
714 2391 834 2437 nepoti
858 2392 1029 2436 perficere
1052 2393 1266 2432 maturabat,
1297 2395 1336 2425 ut
1366 2395 1403 2424 et
1426 2391 1592 2433 frequen-

115 2445 172 2475 ter
194 2439 286 2474 datis
309 2439 466 2485 epistolis
490 2439 690 2485 parentibus
714 2442 806 2472 esset
827 2438 1016 2472 molestiae.
1066 2438 1121 2472 Illi
1145 2437 1280 2471 vitandi
1303 2435 1467 2470 connubii
1487 2444 1593 2468 causa.

116 2485 152 2518 in
184 2485 332 2520 reditum
364 2484 504 2530 nuptias
535 2485 720 2526 reiiciunt;
755 2483 916 2518 accersiti
949 2495 1032 2519 vero
1057 2484 1284 2529 Byzantium,
1315 2488 1400 2516 tunc
1424 2493 1466 2515 ex
1491 2479 1593 2513 Italia

116 2530 289 2574 proficisci
310 2541 378 2565 non
401 2541 503 2576 posse
526 2535 743 2576 praetexunt.
770 2530 893 2564 Verum
919 2530 1004 2564 haec
1023 2531 1222 2575 intelligens
1246 2528 1336 2563 haud
1360 2527 1466 2561 dubio
1492 2525 1591 2571 puel-

117 2577 185 2610 lam
208 2577 339 2620 (nullis
363 2583 546 2622 praeterea
570 2576 740 2611 Belisario
759 2576 908 2619 liberis)
934 2576 1104 2610 adituram
1129 2575 1398 2614 haereditatem,
1423 2573 1589 2605 bonorum

119 2621 280 2657 Belimii
310 2623 560 2668 possessionem
593 2625 759 2669 peroptat
792 2622 986 2656 Anastasio.
1031 2621 1224 2657 Antoninae
1256 2625 1371 2654 tamen
1403 2617 1490 2651 nihil
1511 2615 1591 2650 fidit

118 2667 282 2712 ingenio3
303 2668 388 2713 quin
409 2669 514 2703 etiam
537 2674 698 2710 veretur,
719 2679 764 2702 ne
787 2668 845 2702 ubi
868 2672 993 2703 natura
1014 2669 1082 2703 sibi
1106 2668 1202 2702 vitae
1226 2667 1327 2700 finem
1351 2663 1500 2704 fecerit,
1526 2663 1588 2696 be-

120 2712 373 2755 nevolentiam,
395 2725 497 2760 quam
519 2714 656 2749 summis
677 2714 713 2748 in
735 2715 842 2748 rebus
865 2719 1011 2759 experta
1033 2718 1147 2755 esset,
1172 2718 1208 2747 et
1232 2723 1316 2755 erga
1339 2720 1434 2745 suam
1452 2708 1589 2742 domum

118 2758 222 2797 fidem
256 2757 419 2803 obiiciat,
447 2760 691 2806 rescindatque
725 2760 915 2805 pactiones.
962 2760 1017 2795 Ea
1041 2772 1079 2795 re
1100 2760 1229 2794 sactum
1253 2756 1391 2802 impium
1424 2752 1590 2799 aggredi-
