1800 3126
286 187 381 234 418
735 187 791 230 IN
825 186 966 228 HIST.
1000 175 1253 227 ARCANAM

287 299 324 336 1.
354 298 402 333 N.
422 297 468 332 N.
491 303 668 346 parentes
689 295 825 331 Iustini
847 293 1089 342 imperatoris
1118 293 1158 328 in
1178 290 1336 330 historia
1358 305 1510 342 prorsus
1540 290 1707 328 obscuri.

286 354 326 391 2.
346 354 384 392 3.
416 350 598 388 Iustinus
626 353 858 400 imperator,
895 347 1120 398 Euplzemia
1148 348 1323 397 Augusta
1356 350 1552 396 coniuges.
1608 347 1707 382 Pro-

397 407 529 456 copius
557 404 623 442 hic
649 419 690 455 p.
715 407 783 445 29.
838 404 968 442 Victor
995 404 1217 440 Tunnensis
1246 404 1287 438 in
1315 400 1447 440 chron.
1475 400 1708 439 Theodorus

396 463 547 497 Lector.
890 470 899 476 ⁴

289 515 330 556 4.
360 516 604 553 Eutharicus
630 513 766 550 cillica
784 513 1060 550 Amalasumae
1083 513 1258 559 maritus,
1288 511 1389 548 filius
1419 509 1620 562 adoptivus
1640 512 1709 547 Iu-

398 572 490 608 stini
517 570 772 619 imperatoris.
829 567 1078 606 Cassiodorus
1106 569 1135 604 l.
1164 569 1203 607 8.
1259 568 1347 604 Var.
1379 568 1489 616 epist.
1522 569 1556 606 1.
1589 567 1709 602 Desi-

399 624 506 662 derio
527 637 682 674 quoque
700 622 931 660 concordiae
939 625 1088 673 factu-s·
1108 629 1163 658 est
1177 636 1248 672 per
1275 635 1390 658 arma
1405 622 1542 671 filiu-5²,
1568 633 1710 672 quam-

397 682 458 716 vis
487 679 598 717 vobis
616 693 716 730 pene
742 678 949 716 videbatur
977 691 1213 729 aequaevus.

289 737 330 776 5.
358 734 624 772 Atlzalaricue
658 747 730 771 rex
758 732 1003 771 Gotthorum.
1069 734 1179 769 Tunc
1217 731 1317 768 mila·
1344 729 1510 768 dedistis
1533 730 1713 780 gratiam

399 792 567 840 nepotis,
597 789 759 840 quando
783 803 865 826 meo
887 790 1049 839 parenti
1076 787 1302 838 adoptionis
1327 785 1487 837 gaudia
1508 786 1714 835 praestiti-

401 847 487 883 ctis.
544 844 717 881 Cassiod.
741 843 900 881 ibidem.
956 847 1056 881 Nam
1084 856 1130 880 ea
1158 842 1320 893 epistola
1348 848 1405 879 est
1431 840 1482 878 ad
1509 842 1713 887 Iustinum,

400 908 444 937 ut
471 900 722 950 probavimus
749 899 798 936 ad
827 914 866 950 p.
892 899 962 939 28.

292 958 331 997 6.
362 954 575 1006 Bigleniza
603 968 711 992 soror
729 957 881 1002 Iustiui,
910 961 1034 991 mater
1051 953 1255 991 Iustiniani
1276 951 1532 1002 imperatoris,
1562 947 1609 986 de
1640 961 1716 1000 qua

172 1017 203 1051 A
226 1017 270 1051 68
401 1009 467 1047 hio
493 1011 705 1060 Procopius
734 1012 891 1047 nomine
921 1009 1182 1055 dissimulato,
1222 1006 1431 1044 lornandes
1455 1006 1524 1042 lib.
1555 1003 1602 1041 de
1627 1017 1717 1041 suc-

401 1079 499 1102 cess.
538 1066 788 1102 Marcellinus
826 1064 877 1101 ad
915 1078 1019 1102 cons.
1059 1065 1251 1100 Mavortii.
1308 1065 1459 1100 Nomen
1486 1061 1718 1111 Biglenizae

400 1118 648 1170 Theophilus
676 1121 718 1155 in
746 1120 824 1156 vita
852 1120 1057 1157 Iustiniani
1084 1117 1267 1170 prodidit.

291 1178 333 1216 7.
364 1175 555 1213 sabatius
582 1176 788 1211 Iustiniani
816 1181 946 1225 pater,
979 1176 1085 1212 cuius
1114 1187 1258 1210 nomeu
1283 1173 1344 1209 bis
1372 1171 1560 1220 legimus,
1595 1168 1718 1206 semel

401 1229 466 1267 hic
505 1228 610 1282 apud
642 1230 896 1279 Procopium:
936 1231 1079 1266 iterum
1112 1228 1219 1279 apud
1252 1225 1559 1276 Theophanem,
1599 1237 1719 1275 quem

400 1286 518 1336 paulo
567 1292 654 1321 ante
695 1286 912 1322 citavimus.
969 1285 1124 1321 Istolms
1163 1286 1279 1320 etlam
1319 1281 1537 1332 appellatus
1577 1285 1635 1316 est
1671 1279 1718 1315 ab

401 1341 685 1391 Illyriensibus.
741 1339 988 1391 Theophilus
1016 1341 1058 1376 in
1085 1341 1165 1376 vita
1192 1338 1408 1375 Iustiniani.

295 1399 336 1439 8.
365 1396 620 1435 lastinianus
663 1397 874 1445 imperator
905 1397 1044 1432 Iustini
1087 1408 1140 1431 ex
1180 1407 1308 1431 sorore
1345 1394 1494 1442 Nepos,
1540 1396 1578 1426 et
1619 1387 1721 1424 filius

403 1450 634 1501 adoptivus3
665 1463 783 1501 quare
806 1452 848 1486 iu
866 1451 1038 1487 Novellis
1060 1457 1210 1500 patrem
1238 1449 1391 1499 saepius
1417 1459 1508 1483 eum
1537 1445 1722 1495 appellat.

414 1505 608 1557 Upraada
643 1517 665 1541 a
693 1507 773 1543 suis
802 1506 1020 1555 gentilibus·
1044 1504 1167 1541 dictus
1197 1511 1268 1541 est.
1323 1502 1432 1539 Idem
1460 1497 1722 1550 Theophilus.

292 1563 335 1603 9.
373 1561 579 1599 Theodora
608 1562 811 1597 Iustiniani
838 1562 1081 1611 imperatoris
1110 1573 1223 1596 uxor.
1278 1559 1487 1607 Procopius
1516 1556 1544 1592 l.
1577 1558 1596 1595 1
1626 1555 1722 1591 bell.

403 1619 512 1654 Pers.
574 1619 594 1655 1
618 1614 743 1653 Vand.
799 1616 826 1655 3
856 1614 989 1653 Gotth.
1045 1617 1187 1664 Evagr.
1215 1615 1244 1650 1.
1267 1612 1307 1653 4.
1362 1615 1492 1651 Victor
1520 1612 1652 1648 Tunn.
1680 1611 1723 1645 in

403 1670 539 1708 chron.
595 1672 805 1721 Pei-peram
839 1672 1044 1709 Aimoinus
1081 1671 1109 1707 1.
1139 1671 1167 1708 2
1203 1668 1251 1706 de
1291 1675 1390 1718 gest.
1423 1669 1560 1703 Frauc.
1589 1665 1724 1702 Anto-

406 1729 517 1764 niam
546 1732 673 1762 vocat.

298 1783 362 1822 10.
399 1780 620 1820 Theodorus
646 1781 768 1818 Zirus
793 1780 997 1818 Iustiniani
1026 1779 1127 1816 filius
1156 1778 1362 1824 naturalis,
1407 1789 1524 1828 quem
1554 1776 1725 1812 extincta

405 1835 629 1884 Theodora,
659 1837 848 1886 suscepit3
878 1833 1141 1885 Theophanes
1160 1835 1370 1884 Byzantius
1397 1831 1504 1883 apud
1526 1829 1726 1867 Photium.

404 1891 504 1930 Vide
532 1890 603 1928 has
629 1898 740 1928 notas
770 1890 820 1927 acl
853 1904 893 1941 p.
922 1894 990 1930 20.

249 1953 251 1955 '
299 1951 366 1990 11.
395 1948 566 2012 Ioannes:-
602 1945 835 1983 Theodorae
863 1946 965 1982 filius
994 1944 1180 1981 naturalis
1210 1955 1262 1980 ex
1291 1948 1401 1994 patre
1429 1941 1570 1979 Arabe.
1626 1940 1726 1976 Pro-

302 2062 366 2101 12.
394 2001 791 2095 §opffiilsschfS-fiffgni
806 2084 816 2102 ‚
854 2061 892 2091 et
929 2053 1160 2092 Theodorae
1191 2054 1411 2102 Anonyma.
1468 2052 1631 2099 Procop.
1659 2047 1724 2085 hic

406 2127 446 2163 p.
471 2115 525 2153 20
553 2118 591 2148 et
619 2114 645 2151 2
673 2112 766 2148 bell.
795 2109 920 2149 Vaud.

301 2169 367 2209 13.
395 2168 639 2204 Anastasius
675 2166 880 2202 Iustiniani
918 2170 956 2200 et
983 2160 1215 2200 Theodorae
1250 2173 1298 2199 ex
1325 2161 1406 2198 filia
1433 2173 1570 2211 nepos.
1625 2160 1725 2196 Pro-

298 2277 366 2320 14.
395 2220 592 2316 ἑῗιῒηὲιηῗιῖ
615 2223 805 2312 Ιέεῗίξέτίὶ
841 2279 880 2310 et
906 2273 1127 2310 Antoninae
1164 2271 1243 2308 filia
1278 2249 1483 2308 Anastasio
1520 2268 1722 2319 desponsa,

408 2338 448 2369 et
476 2344 566 2368 cum
600 2331 669 2367 illo
699 2330 921 2366 clanculum
949 2341 972 2364 a
1000 2326 1211 2364 Theodora
1239 2328 1466 2372 coniuncta;
1507 2323 1648 2361 deinde
1677 2324 1724 2360 ab
1780 2332 1788 2341 ’

407 2387 605 2425 Antonina
638 2392 726 2436 post
764 2385 916 2422 obitum
942 2385 1142 2434 Augustae
1171 2382 1218 2419 ab
1249 2383 1332 2419 eius
1362 2381 1550 2431 amplexu
1575 2380 1726 2416 abstra-

409 2449 484 2480 ota.
540 2443 701 2491 Procop.
730 2439 892 2477 ibidem.

154 2512 184 2546 P
210 2509 276 2547 139
303 2501 369 2544 15.
410 2496 637 2548 Vigilantia
682 2508 789 2532 soror
827 2493 1032 2532 Iustiniani
1077 2492 1343 2542 imperatoris,
1388 2490 1529 2527 Iustini
1565 2486 1727 2526 secundi

408 2559 546 2590 mater.
601 2553 763 2601 Procop.
794 2551 822 2586 l.
851 2553 878 2590 2
906 2550 999 2586 bell.
1021 2547 1147 2586 Vaud.
1205 2547 1335 2584 Victor
1361 2547 1495 2583 Tunn.
1524 2546 1567 2580 in
1594 2542 1726 2581 chron.

410 2609 574 2646 fortasse
603 2619 655 2643 ex
681 2606 836 2656 Illyrico
863 2606 1021 2641 nomine
1050 2603 1272 2653 Bigleniza.

305 2668 370 2707 16.
398 2663 673 2701 Dulcis-simus
700 2661 931 2711 vigilantiae
959 2660 1135 2695 maritus.
1190 2658 1321 2695 Victor
1351 2653 1514 2699 ibidem.

304 2723 371 2762 17.
401 2719 582 2758 Iustinus
616 2717 744 2754 iunior
770 2718 969 2766 Augustus
999 2713 1201 2751 Iustiniani
1238 2711 1481 2762 imperatoris
1515 2722 1636 2760 nepos
1673 2721 1724 2744 ex

411 2787 541 2813 sorore
570 2773 791 2824 Vigilantia.
847 2772 978 2809 Victor
1004 2768 1164 2807 ibidem.
1221 2768 1431 2819 Corippus,
1459 2766 1600 2816 Evagr.
1629 2765 1657 2801 l.
1683 2763 1720 2804 5.
