1858 3126
334 155 432 200 3‘20
917 156 1176 202 PROCOPII

333 263 555 309 πεπονθότα
587 266 771 323 περιελών
800 265 1131 323 ἄνῳκοδομήσατο
1171 268 1334 327 οὐδεμιᾷ
1363 269 1565 325 μελλήσει,
1599 269 1666 314 τόν
1699 258 1742 314 τε

332 335 508 388 ποταμὸν
533 328 652 383 αὖθις
681 335 720 383 ἐς
750 334 822 386 τὴν
840 332 1015 388 πρόσθεν
1041 334 1132 376 ὁδὸν
1152 334 1406 391 ἐπανήγαγεν,
1439 338 1487 392 ἣν
1511 340 1642 392 κοίτην
1667 355 1743 380 κα-

332 405 456 444 λοῦσι.
522 405 646 442 ταῦτα
665 401 735 453 μὲν
759 395 828 440 οὖν
848 403 940 455 τῇδε
962 399 1168 456 κεχώρηκε.

465 466 621 516 Κύδνος
656 468 699 508 δὲ
734 467 909 519 ποταμὸς
943 468 1042 508 κατὰ
1076 467 1187 508 πόλιν
1225 467 1346 521 μέσην
1377 467 1535 525 Τάρσον
1571 469 1741 525 φέρεται.

334 535 398 575 καὶ
421 532 564 590 χρόνον
591 534 661 586 μὲν
684 533 752 575 τὸν
784 533 903 575 ἄλλον
926 534 1038 575 οὐδὲν
1065 534 1183 589 ἄχαρι
1211 535 1541 589 διαπεπραγμένος
1565 537 1774 592 φα-ίνεται5

209 610 246 646 Η
267 609 313 646 49
335 600 512 650 πώποτε,
547 600 652 650 ἅπαξ
674 601 717 641 δὲ
744 601 850 656 αὐτῷ
878 602 1093 654 ξυνηνέχθη
1124 601 1215 642 ποτὲ
1239 600 1287 641 τὰ
1316 600 1504 654 ἀνήκεστα
1535 601 1744 657 διεργάσα-

280 667 312 701 Ῑ)
336 672 434 710 σθαι
462 669 502 716 ἐξ
535 669 662 716 αἴτιἀς
693 669 861 708 τοιοῖσδε.
927 673 996 709 τοῦ
1024 669 1095 721 μὲν
1125 671 1265 722 καιροῦ
1293 667 1393 723 ἀμφὶ
1421 667 1567 723 τροπὰς
1591 669 1747 724 ἐαρινάς

332 729 382 788 ἦν
406 732 431 788 ἡ
454 733 560 788 ὥρα·
590 733 701 783 νότος
720 734 762 774 δὲ
784 733 923 786 ἄνεμος
943 736 1171 784 ἐξαπιναίως
1189 733 1418 782 ἐπιπνεύσας
1436 735 1557 783 πολὺς
1573 735 1644 782 τὰς
1657 733 1747 787 χιό-

333 818 405 849 νας
433 802 581 842 διέλυσε
603 800 754 851 πάσας,
790 799 853 850 αἷς
875 802 923 853 δὴ
946 806 1138 854 χειμῶνος
1159 801 1243 858 ὥρᾳ
1262 799 1532 849 ἐπιπεσούσαις
1550 799 1595 841 τὸ
1615 799 1706 855 ὅρος
1725 798 1746 841 ὃ

335 872 495 923 Ταῦρος
516 867 747 909 ἐκαλύπτετο
773 866 910 920 σχεδόν
938 886 974 909 τι
1002 867 1103 909 ὅλον.
1170 866 1308 923 ρύακες
1330 862 1398 907 οὖν
1422 865 1578 908 ὑδάτων
1597 883 1726 908 παντα
1759 871 1801 906 10

330 933 455 988 χόθεν
473 935 674 990 ξυνέρρεον
693 939 769 975 τῶν
789 936 910 989 ἐκείνῃ
932 935 1142 984 σκοπέλων,
1170 936 1212 975 αἵ
1229 951 1268 977 τε
1289 933 1492 990 χαράδραι
1509 931 1750 988 χειμάρρους

335 1002 502 1058 ἀφίεσαν
523 1006 659 1051 πᾶσαι,
689 1003 754 1042 καὶ
774 1001 933 1055 κρήναις
953 1006 1115 1050 πολλαῖς
1139 1003 1181 1041 αἵ
1199 1018 1238 1042 τε
1257 999 1446 1056 ὑπώρειαι
1467 1002 1529 1042 καὶ
1549 1001 1585 1041 οἳ
1599 998 1751 1055 πρόπο-ἱ

335 1071 399 1118 δες
424 1069 526 1123 ὀρῶν
547 1072 625 1108 τῶν
639 1070 841 1122 Ταυρείων
857 1067 1094 1123 κατάρρυτοι
1117 1063 1229 1121 ἦσαν.
1296 1066 1448 1116 τούτοις
1467 1062 1535 1108 οὖν
1555 1065 1576 1108 ὃ
1597 1065 1753 1115 Κύδνος

332 1142 415 1184 τοῖς
434 1134 554 1175 ὕδασι
573 1135 764 1187 κυματιάς
781 1135 1047 1188 γεγενημένος,
1082 1135 1160 1175 ἐπεὶ
1186 1135 1224 1183 ἐς
1253 1134 1370 1176 αὐτὸν
1397 1136 1436 1175 ἐν
1457 1131 1634 1188 γειτόνων
1655 1132 1751 1175 ὄντα

334 1203 612 1254 ἐπεσέβαλλον,
647 1200 732 1253 ἅμα
762 1200 807 1240 ὁέ
833 1200 869 1241 οἳ
898 1202 962 1241 καὶ
994 1200 1154 1255 ὄμβρων
1187 1201 1460 1255 ἐπιγενομένων
1491 1203 1667 1250 πολλῶν,
1701 1199 1751 1240 τὰ
1764 1201 1804 1236 15

333 1269 405 1321 μὲν
425 1268 614 1324 Ταρσέων
630 1266 844 1324 προάστεια
861 1266 1001 1318 πάντα,
1036 1267 1111 1309 ὅσα
1127 1267 1224 1323 πρὸς
1243 1268 1492 1322 μεσημβρίαν
1509 1266 1754 1321 τετραμμένα

196 1343 226 1378 P
250 1344 317 1380 102
336 1335 542 1390 ἐτύγχανε,
576 1332 825 1383 κατακλύσας
843 1333 964 1383 εὐθὺς
987 1336 1140 1388 ἐξίτηλα
1166 1334 1209 1376 τὸ
1230 1333 1416 1390 παράπαν
1445 1334 1586 1375 ἐποίει·
1620 1333 1682 1374 ἐπὶ
1712 1332 1754 1374 δὲ

334 1403 405 1457 τὴν
428 1401 542 1444 πόλιν
562 1401 778 1458 μορμύρων
801 1401 860 1457 ᾔει
885 1403 950 1442 καὶ
976 1401 1047 1450 τὰς
1073 1399 1246 1457 γεφύρας
1269 1402 1459 1456 βραχείας
1483 1399 1604 1448 οἷίσας
1626 1415 1755 1456 περιε-

333 1469 413 1512 λών
428 1468 499 1519 τάς
521 1487 561 1511 τε
582 1470 728 1524 ἀγορὰς
748 1475 916 1522 συνεῖχεν
937 1466 1094 1517 ἁπάσας
1111 1467 1182 1517 τάς
1202 1485 1241 1509 τε
1264 1467 1403 1522 ἀγυιὰς
1429 1465 1660 1523 ὗπερέβλυζε
1690 1467 1756 1506 καὶ

332 1544 415 1586 τοῖς
437 1537 555 1586 οἴκοις
575 1538 640 1577 καὶ
664 1533 855 1592 ὕπερῴοις
876 1534 1116 1585 ἐπιπολάζων
1142 1536 1202 1575 ἐπὶ
1231 1535 1332 1588 μέγα
1356 1533 1503 1588 ἐχώρει.
1570 1530 1692 1575 νύκτα
1712 1535 1810 1574 τεὲθ
1849 1554 1852 1560 ’

335 1605 400 1646 καὶ
422 1603 572 1659 ἡμέραν
594 1601 619 1656 ἡ
645 1601 757 1651 πόλις
785 1603 824 1643 ἐν
846 1601 1009 1662 κινδύνῳ
1036 1602 1228 1655 ὁίαγέγονε
1250 1603 1314 1642 καὶ
1337 1599 1446 1655 σάλῳ
1473 1597 1657 1655 τοιούτῳ,
1691 1600 1766 1646 καὶ,

333 1669 449 1724 μόλις
469 1671 508 1710 ἐν
528 1668 684 1726 ὑστάτῳ
703 1667 723 1710 ὅ
744 1669 920 1722 ποταμὸς
936 1663 1049 1717 οὗτος
1067 1668 1167 1708 κατὰ
1183 1666 1314 1722 βραχὺ
1335 1663 1603 1721 ἀπολωφῆσας
1621 1666 1662 1707 ἐν
1677 1671 1758 1715 τοῖς

337 1735 500 1778 εἲωθόσι
515 1737 665 1790 γέγονεν
687 1730 819 1783 αὖθις.
887 1735 986 1790 ἅπερ
1004 1735 1083 1775 ἐπεὶ
1099 1732 1565 1786 βασιλεὺςἿουστινιανὸς
1581 1730 1758 1785 ἤκουσεν,

339 1802 483 1845 ἐπενόει
503 1801 649 1844 τοιάδε.
716 1806 853 1857 πρῶτα
875 1802 947 1853 μὲν
970 1799 1104 1855 ἑτέραν
1126 1800 1202 1855 πρὸ
1225 1804 1295 1853 τῆς
1314 1798 1462 1848 πόλεως
1483 1797 1757 1840 διεσκευάσατο

336 1875 393 1929 τῷ
424 1874 590 1927 ποταμῷ
622 1868 775 1922 κοίτην,
809 1867 916 1917 ὅπως
944 1869 1118 1909 ἐνταῦθα
1148 1864 1440 1921 διασχιζόμενος
1467 1863 1688 1922 ἐκατέρωθί
1717 1870 1811 1908 nes

427 1986 482 2020 10,
506 1981 737 2027 ἐκαλύπτετο]
761 1979 974 2018 §uznoimam
998 1982 1117 2018 Tolos.

337 2083 406 2118 ulla
429 2083 636 2116 cunctatione
660 2082 822 2123 restituit,
847 2082 1053 2127 pristinoque
1069 2082 1165 2115 alveo
1191 2091 1250 2114 seu
1274 2082 1380 2123 lecto,
1402 2082 1440 2113 ut
1461 2081 1602 2122 vocant,
1625 2077 1760 2114 fluvium

337 2127 492 2163 reddidit.
537 2131 631 2161 Haec
645 2127 691 2160 ibi
706 2131 852 2171 peracta.

427 2173 554 2206 Urbem
569 2173 709 2205 Tarsum
725 2171 844 2204 flumen
860 2171 995 2215 Cydnus
1019 2169 1177 2204 interluit.
1223 2169 1257 2203 Is
1271 2169 1353 2203 alias
1367 2180 1497 2214 semper
1513 2168 1683 2210 innoxius,
1707 2179 1762 2203 se-

337 2217 402 2252 mel
416 2227 552 2260 gravem
567 2216 743 2261 perniciem
759 2215 888 2257 attulit,
912 2217 975 2248 hac
989 2215 1030 2248 de
1045 2225 1155 2249 causa.
1203 2214 1344 2247 Cin-citet
1358 2213 1598 2258 aequinoctium
1612 2224 1761 2255 vernum,

340 2267 474 2296 coortus
496 2266 634 2306 repente
658 2267 770 2293 auster
786 2261 959 2293 vehemens
974 2259 1082 2293 nivem
1100 2258 1231 2304 penitus
1246 2259 1417 2299 dissolvit,
1439 2269 1524 2302 quae
1545 2269 1605 2302 per
1625 2257 1762 2292 hiemem

339 2307 430 2340 caelo
446 2306 606 2348 demissa,
631 2309 772 2338 montem
787 2305 933 2338 Taurum
950 2316 1034 2349 pene
1048 2309 1153 2337 totum
1169 2305 1316 2347 tegebat.
1361 2303 1449 2336 ‘rum
1466 2314 1508 2336 ex
1522 2302 1670 2336 omnibus
1686 2313 1764 2336 sco·-

365 2351 425 2384 ulis
450 2361 606 2394 aquarum
629 2350 692 2383 rivi
716 2349 906 2391 coufluere3
930 2349 1056 2382 cunctis
1071 2360 1169 2382 ruere
1184 2353 1347 2381 torrentes
1361 2347 1485 2387 alveis;
1509 2347 1626 2391 passim
1642 2358 1684 2380 ex
1697 2347 1762 2380 imo

375 2406 455 2429 auro
473 2395 607 2438 eiusque
622 2394 787 2427 radicibus
803 2395 913 2427 fontes
928 2405 1073 2427 manare.
1119 2393 1183 2427 His
1199 2393 1335 2436 Cydnus
1353 2392 1446 2435 aquis
1460 2391 1618 2434 turgidus,
1642 2391 1765 2436 quippe

342 2450 431 2486 quae
446 2440 508 2484 ipsi
525 2451 564 2472 ex
581 2439 763 2484 propinquo
778 2439 979 2479 influebant,
1000 2438 1094 2472 simul
1109 2443 1223 2471 auctus
1239 2436 1386 2470 imbrium
1405 2435 1456 2476 vi;
1479 2435 1580 2468 Tarsi
1597 2435 1765 2476 suburbia,

341 2485 385 2519 ad
401 2484 564 2518 meridiem
581 2485 734 2525 obversa,
755 2484 863 2517 subita
880 2483 1101 2517 exundatione
1114 2482 1264 2515 funditus
1277 2481 1385 2514 delet:
1407 2481 1521 2513 urbem
1536 2479 1662 2514 invadit
1676 2492 1766 2514 mur-

342 2540 494 2564 murans:
519 2534 636 2572 pontes
659 2528 823 2572 impendio
844 2529 984 2561 minores
1002 2527 1183 2561 disturbat:
1207 2526 1274 2559 late
1287 2527 1360 2558 sora
1374 2530 1514 2568 occupat
1529 2525 1654 2566 omnia,
1678 2536 1766 2558 com-

342 2573 416 2620 pita
441 2573 575 2616 mergit:
600 2573 768 2606 domorum
793 2573 950 2606 cubiculis
975 2583 1015 2606 ac
1032 2570 1216 2604 coenaculis
1232 2570 1402 2610 innatans,
1425 2570 1530 2612 magis
1548 2573 1648 2613 atque
1663 2569 1768 2612 magis

345 2618 519 2653 attollitur.
562 2617 704 2651 Noctem
719 2627 758 2650 ac
773 2617 857 2649 diem
872 2627 969 2650 unum
992 2616 1109 2651 civitas
1126 2615 1159 2648 in
1177 2614 1333 2648 eiusmodi
1355 2613 1502 2658 periculo
1518 2625 1559 2648 ac
1574 2613 1678 2647 veluti
1693 2614 1766 2647 salo

344 2663 528 2709 procelloso
553 2666 686 2695 versata
713 2666 773 2695 est.
821 2661 952 2694 Sensim
977 2659 1150 2695 subsidens
1175 2659 1295 2692 fluvius
1321 2658 1379 2691 vix
1405 2657 1537 2691 tandem
1563 2668 1602 2692 se
1627 2657 1764 2702 recepit.

346 2709 444 2748 Quae
461 2719 532 2741 cum
547 2706 692 2740 audisset
709 2707 786 2750 imp.
804 2705 1020 2747 Iustinianus,
1042 2705 1106 2738 hoc
1120 2704 1287 2737 inventum
1303 2702 1462 2736 adhibuit.
1508 2702 1615 2736 Princi
1639 2703 1693 2744 ἰο,Ι
1716 2701 1766 2734 al-

345 2756 453 2786 terum
474 2753 603 2788 alveum
626 2751 749 2786 flumini
772 2755 850 2785 ante
871 2750 986 2785 urbem
1009 2749 1138 2784 molitus
1162 2753 1233 2789 est3
1255 2754 1292 2782 ut
1314 2747 1360 2783 ibi
1377 2746 1520 2783 divortio
1535 2746 1649 2784 divisis
1660 2745 1767 2790 aquis,
