1800 3126
281 111 376 157 360
731 110 790 154 IN
823 108 964 151 HIST.
996 108 1245 152 ARCANAM

281 219 457 256 cellinus.
514 218 587 255 Hic
615 223 770 254 senator
787 216 862 252 fuit
889 215 1031 252 illustri
1058 216 1144 253 loco
1171 222 1297 265 natus,
1326 217 1472 255 coniux
1489 216 1698 266 Preiectae,

282 288 352 311 seu
378 274 576 310 Proiectae
606 272 836 321 vigilantiae
865 271 1068 307 Iustiniani
1097 272 1237 308 sororis
1264 273 1390 320 filiae,
1421 286 1540 324 quae,
1571 275 1698 310 occiso

280 330 323 366 in
359 330 489 366 Africa
527 325 781 376 Areobyndo,
821 338 911 362 cum
944 326 1088 363 Ioanne
1119 327 1282 376 Pompei
1317 327 1512 365 Anastasii
1546 330 1701 379 nepotis

279 384 359 422 filio
407 383 700 420 matrimonium
752 380 958 417 contraxit.
1033 382 1237 417 Praeterea
1281 383 1400 430 gessit
1444 382 1701 435 Areobyndus

279 446 484 530 utrampque
512 437 818 488 praefecturam,
845 435 1033 472 urbanam
1062 442 1100 472 et
1126 437 1424 485 praetorianam.

390 493 517 539 P.,43
535 496 572 532 1.
629 489 677 527 In
693 490 833 540 Illyria
860 491 960 540 nati]
989 492 1074 527 Hoc
1100 490 1208 526 idem
1229 488 1459 528 Theodorus
1484 493 1634 539 Lector,
1664 498 1703 528 et

282 546 558 598 Theophanes,
593 547 725 583 Victor
753 545 871 582 etiam
897 546 1120 582 Tunnensis
1147 546 1326 595 Procopii
1354 546 1537 596 aequalis,
1565 546 1704 596 Illyri-

282 605 442 640 cianam
470 602 664 638 lustinum
692 599 786 636 dicit
812 601 854 636 in
884 598 1098 648 Chronico;
1137 599 1208 638 sed
1235 598 1442 638 Zacharias
1470 600 1574 652 apud
1598 603 1704 639 Eva-

285 660 413 708 grium
441 657 468 692 l.
500 655 525 695 4
555 669 588 691 c.
621 659 664 703 1,
708 662 747 691 et
772 655 939 692 Basilius
968 656 1072 691 Cilix
1109 654 1212 705 apud
1239 654 1425 692 Photium
1450 657 1491 692 in
1518 656 1705 694 Biblioth.

283 720 321 749 et
351 713 418 762 qui
446 717 534 761 post
555 711 789 759 Procopium
817 711 1051 760 scripserunt
1078 709 1264 759 historici,
1302 711 1488 747 Thracem
1514 713 1706 748 Iustinum

283 773 437 804 vocant.
494 766 600 801 Bene
630 772 710 812 est3
740 777 832 802 uam
859 764 1071 812 Bederina,
1106 778 1223 816 quae,
1253 772 1296 802 ut
1320 766 1454 803 statim
1482 766 1536 802 ait
1558 767 1706 810 ¹Proco-

283 823 392 872 pius,
437 821 585 857 Iustino
613 821 737 870 patria
766 820 865 867 fuit,
905 820 947 856 in
982 821 1192 858 limitaneis
1220 821 1402 870 Illyriae,
1439 819 1708 872 Thraciaeque

284 879 387 926 agris
415 876 487 912 sita
519 882 613 912 erat.
669 877 790 912 Porro
818 876 1044 925 saepissime
1079 876 1141 923 fit,
1181 882 1225 912 ut
1261 888 1358 926 quae
1394 875 1508 914 urbes
1547 874 1710 914 duarum

283 931 584 982 provinciarum,
613 931 678 966 vel
704 930 799 967 fines
828 931 1060 978 terminant,
1088 931 1153 967 vel
1181 932 1280 967 circa
1307 931 1402 967 fines
1431 937 1532 978 sunt,
1559 932 1602 967 iu
1625 944 1712 968 am-

284 987 424 1023 barum
453 992 582 1036 partes
618 984 828 1036 aliquando
868 985 915 1022 ab
953 986 1148 1023 autoribus
1176 986 1286 1022 nullo
1317 985 1538 1023 discrimine
1567 985 1712 1023 admit-

286 1048 439 1087 tantur3
478 1041 707 1090 praesertim
742 1053 832 1076 cum
863 1042 1150 1090 provinciarum
1182 1042 1408 1090 partitiones
1444 1054 1523 1078 non
1551 1041 1712 1078 eaedem
1767 1081 1769 1084 ,

286 1094 393 1146 apud
431 1108 566 1132 omnes
604 1093 846 1144 geographos
888 1102 926 1131 et
968 1094 1170 1132 historicos
1206 1097 1295 1132 sint.
1359 1097 1490 1132 Etiam
1523 1096 1712 1146 Agathias

286 1151 316 1187 l.
345 1151 370 1190 5
408 1148 642 1186 Bederinam
677 1151 718 1185 in
746 1150 879 1199 Illyria
918 1150 1104 1187 collocat:
1146 1151 1380 1188 Iustinianus
1409 1151 1564 1188 novella
1595 1155 1640 1192 11
1671 1153 1714 1188 in

285 1204 458 1242 secunda
485 1205 710 1251 Pannonia3
739 1217 877 1241 verum
904 1202 1002 1242 haec
1030 1203 1131 1244 nihil
1159 1204 1391 1256 discrepant,
1419 1213 1463 1243 ut
1491 1207 1624 1244 statim
1650 1205 1715 1244 di-

289 1273 421 1297 cemus
450 1261 521 1296 lin.
554 1261 618 1299 18.

400 1315 524 1362 P.43‚
542 1317 576 1354 1.
610 1312 924 1380 Exercendisque
940 1315 1054 1381 agri?
1074 1315 1235 1366 assueta]
1264 1315 1384 1353 Addit
1403 1317 1573 1353 Zonaras
1596 1315 1717 1354 Iusti-

287 1383 386 1407 num
413 1371 532 1407 fuisse
563 1366 756 1421 βουκόλον
781 1372 847 1410 καὶ
873 1367 1089 1421 συφορβὸν,
1116 1373 1398 1407 armentarium
1427 1377 1463 1407 et
1491 1370 1715 1418 subulcum,

289 1439 313 1462 a
342 1438 418 1477 quo
441 1427 682 1476 Pomponius
701 1427 844 1463 Laetus
870 1427 912 1463 in
938 1427 1099 1473 Iustino,
1125 1425 1300 1463 Andreas
1319 1427 1492 1463 Alciatus
1521 1402 1717 1491 dispunct}

288 1480 316 1520 4
347 1494 379 1517 c.
409 1484 435 1522 7
464 1488 501 1518 et
531 1482 598 1517 alii
626 1488 869 1532 acceperunt.
925 1480 1033 1518 Nihil
1059 1481 1198 1518 fuisset
1225 1483 1350 1531 magis
1378 1481 1425 1517 ab
1454 1494 1508 1529 re,
1538 1494 1655 1532 quam
1683 1482 1718 1519 si

287 1537 483 1573 Iustinum
512 1537 598 1573 loco
620 1549 701 1573 non
729 1536 871 1573 humili
901 1537 1043 1584 solum,
1072 1535 1143 1573 sed
1169 1537 1287 1572 etiam
1314 1534 1470 1573 sordido
1496 1543 1632 1572 natum
1654 1535 1719 1573 hic

289 1592 463 1628 siluisset
493 1593 719 1641 Procopius.
776 1593 896 1629 Secus
926 1592 1014 1638 alii,
1044 1592 1236 1628 Anicium
1261 1591 1458 1638 fecerunt,
1487 1604 1629 1642 nempe
1657 1592 1721 1628 fa-

177 1651 203 1683 A
227 1651 270 1685 14
293 1647 440 1693 miliae,
472 1648 738 1683 Romanorum
767 1649 955 1694 omnium,
987 1646 1054 1697 qui
1081 1645 1232 1684 Christo
1260 1647 1420 1683 nomina
1449 1645 1650 1694 dederuut,
1677 1653 1723 1684 ut

171 1695 201 1729 P
225 1697 269 1730 99
291 1700 527 1738 Prudentius
557 1703 611 1737 ait
636 1702 721 1743 1.1
749 1709 881 1739 contra
910 1700 1215 1752 Symmachum,
1256 1702 1484 1752 antiquitate
1513 1708 1553 1738 et
1578 1702 1724 1739 nobili-

289 1763 368 1793 tate
397 1758 766 1806 praestantissnnae.
825 1759 969 1793 Parum
996 1758 1124 1804 refert,
1156 1755 1261 1808 quod
1287 1757 1329 1793 in
1356 1757 1523 1807 antiquis
1549 1757 1723 1795 nummis

289 1813 354 1850 vel
383 1812 575 1848 fastorum
601 1812 797 1849 laterculis
826 1813 1009 1859 Iustinus,
1039 1811 1211 1849 Anicius
1237 1810 1449 1859 habeatur3
1478 1824 1572 1848 nam
1593 1813 1722 1860 illum,

288 1874 333 1903 ut
364 1879 414 1903 ex
441 1868 568 1903 milite
597 1869 774 1916 gregario
802 1869 938 1918 palatii
967 1880 1101 1904 curam
1129 1868 1297 1917 accepit,
1326 1874 1364 1903 et
1390 1865 1724 1918 quemadmodum

289 1920 526 1959 Theodorus
555 1923 695 1958 Lector
721 1924 786 1969 ait,
816 1923 970 1972 patricii
997 1921 1188 1960 honorem
1215 1929 1466 1968 consecutus,
1497 1929 1536 1959 et
1563 1924 1606 1959 in
1635 1923 1723 1960 albo

290 1984 517 2014 senatorum
546 1978 785 2027 conscriptus
814 1979 900 2025 fuit,
929 1991 1021 2015 vero
1049 1979 1178 2014 simile
1206 1983 1264 2015 est
1292 1978 1339 2013 ab
1369 1978 1567 2014 Anicianis
1594 1979 1635 2014 in
1661 1978 1725 2014 fa-

289 2033 443 2068 miliam
470 2033 591 2069 fuisse
620 2039 858 2082 cooptatum,
887 2033 952 2069 vel
976 2031 1135 2070 tandem
1153 2033 1228 2070 sibi
1246 2030 1290 2068 id
1305 2032 1475 2069 nominis
1499 2030 1723 2080 adscivisse,

292 2100 382 2123 cum
417 2089 628 2137 imperator
662 2094 720 2124 est
748 2088 993 2138 appellatus·
984 2116 995 2134 ‚
1039 2089 1138 2125 sicut
1167 2089 1286 2124 etiam
1313 2087 1354 2122 in
1382 2085 1525 2124 iisdem
1550 2089 1724 2125 nummis

290 2142 482 2179 Flavium
521 2155 562 2179 se
597 2143 791 2189 inscribit,
828 2148 867 2179 et
893 2142 1128 2193 Lupicinam
1157 2144 1364 2192 coniugem
1400 2154 1454 2179 ex
1486 2155 1598 2180 serva
1625 2143 1727 2180 Fla-

291 2198 401 2236 viam
436 2204 647 2246 nuncupat.
705 2196 818 2242 Quod
851 2210 904 2234 ex
939 2198 1236 2248 imperatoribus
1265 2196 1493 2235 Christianis
1527 2198 1726 2236 factitasse

293 2252 612 2300 Constantinum,
643 2253 803 2303 eiusque
831 2260 984 2303 patrem
1012 2254 1304 2300 Constantium,
1335 2251 1476 2290 deinde
1502 2253 1622 2302 alios,
1650 2266 1728 2290 no-

295 2314 381 2344 tum
422 2314 491 2344 est.
550 2308 615 2344 Sic
655 2309 774 2344 etiam
813 2308 978 2358 accipias
1022 2309 1154 2346 locum
1188 2307 1391 2346 Iornandis
1432 2308 1501 2345 lib.
1531 2321 1606 2346 rer.
1637 2309 1726 2345 Get.

295 2369 494 2409 extremo,
533 2362 600 2399 ubi
629 2364 869 2400 Germanum
894 2364 1098 2401 Iustiniani
1126 2365 1254 2402 fratris
1281 2363 1406 2399 filium
1431 2363 1533 2400 inter
1559 2362 1729 2400 Anicius·

295 2419 426 2454 refert.
484 2416 563 2454 Sed
593 2417 837 2455 emendanda
864 2420 1023 2457 omnino
1044 2426 1102 2456 est
1122 2418 1240 2456 editio
1259 2419 1489 2455 Parisiensis
1509 2417 1728 2458 cassiodori

295 2473 326 2509 l.
357 2475 396 2513 8.
425 2473 514 2510 Var.
545 2473 656 2522 epist.
687 2476 828 2524 prima.
885 2475 985 2512 Non
1022 2487 1092 2511 νοε
1127 2476 1324 2511 maiorum
1348 2480 1602 2523 purpuratus·
1638 2481 1730 2510 tan-

297 2534 380 2564 tum
411 2526 506 2564 ordo
537 2529 748 2578 clarficat,
780 2536 851 2566 etc.
886 2536 1083 2579 quantum
1110 2529 1224 2580 longe
1250 2529 1405 2578 lateque
1425 2535 1568 2579 potens
1583 2530 1728 2579 gratia

297 2590 431 2620 vestra
457 2582 652 2623 nobilitat.
711 2585 831 2633 Lego,
860 2597 940 2620 non
967 2597 1053 2631 nos,
1081 2597 1174 2620 nam
1199 2581 1414 2620 Athalarici
1441 2590 1551 2634 pater
1577 2582 1728 2622 Eutha-

297 2639 398 2676 ricus
437 2639 682 2676 consulatum
722 2640 840 2689 gessit
870 2652 961 2676 cum
986 2639 1157 2688 Iustino,
1195 2637 1465 2679 Theudoricus
1493 2641 1601 2678 Avus
1638 2651 1727 2676 cum

298 2696 509 2744 venantio,
541 2693 828 2734 Theodemirus
857 2707 1023 2747 proavus
1055 2701 1093 2733 et
1121 2707 1215 2734 avus
1242 2695 1326 2747 ipse
1355 2693 1588 2734 Gotthorum
1611 2705 1725 2745 reges
