1754 3132
651 147 1052 191 ARGUMENTUM.
1076 113 1077 117 ยน
1290 157 1292 160 >
1562 150 1592 194 9

121 269 317 305 Alea-ander
331 267 508 312 Forficula
526 272 667 302 resecat.
699 268 840 303 Avertit
856 269 1077 314 Hephaestus
1094 269 1316 314 assignatam
1336 280 1359 302 a
1377 269 1597 305 Diocletiano

115 315 327 361 pauperibus
343 314 591 348 Alexandrinis
610 326 794 349 annonam.
830 315 923 359 (26.)
994 316 1120 349 Rhodo
1142 315 1377 349 Alexandriae
1395 315 1598 359 Praefectus

120 360 229 396 Pauli
246 360 396 395 eiusdem
413 360 510 393 urbis
531 361 711 394 Antistitis
728 361 883 405 impulsu
901 367 936 395 et
951 361 1139 395 Iustiniani
1154 361 1251 395 iussu
1267 361 1388 395 Psoem
1407 362 1599 396 Diaconum

119 412 232 442 necat.
277 407 460 440 Sententia
484 407 612 451 Vigilii
629 407 749 452 Papae
764 408 900 441 Paulus
928 409 1089 442 deiicitur
1116 408 1214 441 solio.
1261 408 1476 440 lastinianus
1500 408 1597 441 Rho-

119 453 258 494 donem,
287 453 469 486 Theodora
489 453 672 486 Arsenium
692 453 807 498 capite
825 455 993 497 plectunt.
1045 454 1172 499 Vigilii
1197 454 1407 487 constantia.
1454 453 1597 487 Fausti-

117 510 184 532 nus
201 499 384 532 Samarita
403 510 480 532 reus
503 499 547 531 ab
567 499 653 543 Imp.
676 499 875 533 absolvitur.
903 501 999 543 (27.)
1056 500 1196 533 Priscus
1212 499 1400 533 Emesenus
1410 500 1600 543 falsarius.

118 545 353 590 Praescriptio
382 545 583 578 centenaria
615 545 779 579 Ecclesiis
809 547 907 579 data.
954 547 1139 590 Longinus
1159 546 1273 580 Prisci
1287 546 1456 589 fraudem
1478 546 1601 590 depre-

118 591 253 625 uendit.
297 591 472 624 Hebraeos
489 596 593 624 vexat
611 591 839 625 lastinianus.
865 592 962 634 (28.)
1034 592 1221 626 Iustiniani
1238 592 1470 625 dissimulatio
1487 593 1602 626 rixam

118 637 369 682 gravissimam
383 637 495 681 parit.
546 637 779 671 Eudaemonis
796 642 831 671 et
851 637 1058 682 Euphratae
1078 639 1312 672 haereditates
1328 642 1481 682 occupat.
1531 638 1604 672 Les:

120 684 164 717 de
179 683 384 717 haeredibus
400 685 620 717 Senatorum.
668 684 795 728 Iniqua
815 684 1005 717 Iustiniani
1025 685 1208 718 sententia.
1255 685 1444 718 Praesente
1465 684 1602 718 illectus

115 730 266 774 pecunia
286 740 347 762 nec
373 730 508 763 Venetis
519 732 636 772 favet.
662 731 756 773 (29.)
809 730 905 772 Quae
921 731 1003 764 olim
1022 731 1116 764 ratio
1138 742 1255 764 cursus
1272 730 1414 775 publici.
1462 730 1602 764 Sublati

119 787 143 808 a
163 776 360 809 Iustiniana
381 776 564 809 Veredarii
577 776 741 820 plurimis
759 776 798 809 in
818 777 914 818 locis,
937 781 970 810 et
988 777 1246 821 Exploratores.
1294 777 1383 810 Eius
1402 776 1600 811 ridiculum.

118 821 311 855 Salutandi
329 822 555 866 Imperatoris
570 827 604 856 et
622 824 805 867 Augustae
821 834 903 856 mos.
952 823 1091 868 Regiae
1101 822 1316 868 frequentia.
1366 822 1462 867 (30.)
