<?xml version="1.0" encoding="UTF-8"?>
<!DOCTYPE html PUBLIC "-//W3C//DTD XHTML 1.0 Transitional//EN"
    "http://www.w3.org/TR/xhtml1/DTD/xhtml1-transitional.dtd">
<html xmlns="http://www.w3.org/1999/xhtml" xml:lang="en" lang="en">
 <head>
  <title>
</title>
<meta http-equiv="Content-Type" content="text/html;charset=utf-8" />
  <meta name='ocr-system' content='tesseract 3.04.00' />
  <meta name='ocr-capabilities' content='ocr_page ocr_carea ocr_par ocr_line ocrx_word'/>
</head>
<body>
  <div class='ocr_page' id='page_1' title='image "./corpusscriptorum45niebuoft_0035.png"; bbox 0 0 1754 3132; ppageno 0'>
   <div class='ocr_carea' id='block_1_1' title="bbox 551 139 1595 195">
    <p class='ocr_par' dir='ltr' id='par_1_1' title="bbox 551 139 1595 195">
     <span class='ocr_line' id='line_1_1' title="bbox 551 139 1595 195; baseline -0.002 -10"><span class='ocrx_word' id='word_1_1' title='bbox 551 140 823 185; x_wconf 82' lang='lat' dir='ltr'><strong>ALEMANNI</strong></span> <span class='ocrx_word' id='word_1_2' title='bbox 849 139 1148 183; x_wconf 67' lang='lat' dir='ltr'>PRAEFATlo,</span> <span class='ocrx_word' id='word_1_3' title='bbox 1295 193 1297 195; x_wconf 7' lang='lat' dir='ltr'>v</span> <span class='ocrx_word' id='word_1_4' title='bbox 1479 155 1595 183; x_wconf 70' lang='lat' dir='ltr'>xm</span> 
     </span>
    </p>
   </div>
   <div class='ocr_carea' id='block_1_2' title="bbox 71 250 1605 1248">
    <p class='ocr_par' dir='ltr' id='par_1_2' title="bbox 71 250 1605 1248">
     <span class='ocr_line' id='line_1_2' title="bbox 119 250 1597 314; baseline -0.003 -12"><span class='ocrx_word' id='word_1_5' title='bbox 119 273 193 310; x_wconf 83' lang='grc' dir='ltr'>σας</span> <span class='ocrx_word' id='word_1_6' title='bbox 208 257 458 314; x_wconf 38' lang='grc' dir='ltr'><strong><em>Βελισαρίουέ</em></strong></span> <span class='ocrx_word' id='word_1_7' title='bbox 486 255 556 298; x_wconf 79' lang='grc' dir='ltr'>καὶ</span> <span class='ocrx_word' id='word_1_8' title='bbox 577 251 806 305; x_wconf 82' lang='grc' dir='ltr'><strong><em>α’κόλουθος</em></strong></span> <span class='ocrx_word' id='word_1_9' title='bbox 824 252 928 297; x_wconf 66' lang='grc' dir='ltr'><strong><em>κατα</em></strong></span> <span class='ocrx_word' id='word_1_10' title='bbox 944 252 1101 304; x_wconf 72' lang='grc' dir='ltr'><strong><em>πάντας</em></strong></span> <span class='ocrx_word' id='word_1_11' title='bbox 1119 251 1214 303; x_wconf 67' lang='grc' dir='ltr'>τούς</span> <span class='ocrx_word' id='word_1_12' title='bbox 1234 250 1466 310; x_wconf 75' lang='grc' dir='ltr'><strong><em>συμβᾶντας</em></strong></span> <span class='ocrx_word' id='word_1_13' title='bbox 1483 254 1597 297; x_wconf 81' lang='grc' dir='ltr'><strong><em>πολέ-</em></strong></span> 
     </span>
     <span class='ocr_line' id='line_1_3' title="bbox 117 319 1597 383; baseline -0.003 -13"><span class='ocrx_word' id='word_1_14' title='bbox 117 345 220 383; x_wconf 83' lang='grc' dir='ltr'><em>μους</em></span> <span class='ocrx_word' id='word_1_15' title='bbox 246 343 290 369; x_wconf 82' lang='grc' dir='ltr'>τε</span> <span class='ocrx_word' id='word_1_16' title='bbox 328 327 398 369; x_wconf 88' lang='grc' dir='ltr'>καὶ</span> <span class='ocrx_word' id='word_1_17' title='bbox 433 322 598 380; x_wconf 67' lang='grc' dir='ltr'><strong><em>πράξεις</em></strong></span> <span class='ocrx_word' id='word_1_18' title='bbox 625 322 697 374; x_wconf 68' lang='grc' dir='ltr'>τᾶς</span> <span class='ocrx_word' id='word_1_19' title='bbox 725 320 796 366; x_wconf 69' lang='grc' dir='ltr'>ὕπ’</span> <span class='ocrx_word' id='word_1_20' title='bbox 824 319 953 365; x_wconf 66' lang='grc' dir='ltr'><strong><em>αὐτοῦ</em></strong></span> <span class='ocrx_word' id='word_1_21' title='bbox 981 322 1288 378; x_wconf 79' lang='grc' dir='ltr'><strong><em>συγγραφείσας.</em></strong></span> <span class='ocrx_word' id='word_1_22' title='bbox 1346 323 1497 378; x_wconf 72' lang='grc' dir='ltr'><strong><em>ἔγραψε</em></strong></span> <span class='ocrx_word' id='word_1_23' title='bbox 1526 324 1597 366; x_wconf 82' lang='grc' dir='ltr'>καὶ</span> 
     </span>
     <span class='ocr_line' id='line_1_4' title="bbox 117 387 1596 451; baseline -0.003 -13"><span class='ocrx_word' id='word_1_24' title='bbox 117 396 252 451; x_wconf 74' lang='grc' dir='ltr'><strong><em>ἕτερον</em></strong></span> <span class='ocrx_word' id='word_1_25' title='bbox 270 396 430 449; x_wconf 84' lang='grc' dir='ltr'><strong><em>βιβλίον</em></strong></span> <span class='ocrx_word' id='word_1_26' title='bbox 456 391 505 434; x_wconf 72' lang='grc' dir='ltr'>τὰ</span> <span class='ocrx_word' id='word_1_27' title='bbox 527 389 758 444; x_wconf 81' lang='grc' dir='ltr'>καλούμενα</span> <span class='ocrx_word' id='word_1_28' title='bbox 778 394 1093 433; x_wconf 85' lang='grc' dir='ltr'><em>ΑΝΕΚΔΟΤΛ</em></span> <span class='ocrx_word' id='word_1_29' title='bbox 1121 393 1204 431; x_wconf 73' lang='grc' dir='ltr'>τῶν</span> <span class='ocrx_word' id='word_1_30' title='bbox 1238 387 1366 433; x_wconf 63' lang='grc' dir='ltr'>αὐτοῦ</span> <span class='ocrx_word' id='word_1_31' title='bbox 1394 389 1596 446; x_wconf 71' lang='grc' dir='ltr'><em>πράξεων,</em></span> 
     </span>
     <span class='ocr_line' id='line_1_5' title="bbox 119 456 1596 516; baseline -0.003 -11"><span class='ocrx_word' id='word_1_32' title='bbox 119 463 181 513; x_wconf 73' lang='grc' dir='ltr'>οἷς</span> <span class='ocrx_word' id='word_1_33' title='bbox 201 461 305 504; x_wconf 81' lang='grc' dir='ltr'><strong><em>εἶναι</em></strong></span> <span class='ocrx_word' id='word_1_34' title='bbox 333 459 546 516; x_wconf 76' lang='grc' dir='ltr'>α’μφὸτερα</span> <span class='ocrx_word' id='word_1_35' title='bbox 580 457 628 501; x_wconf 73' lang='grc' dir='ltr'>τοὶ</span> <span class='ocrx_word' id='word_1_36' title='bbox 657 461 794 514; x_wconf 87' lang='grc' dir='ltr'><strong><em>βιβλία</em></strong></span> <span class='ocrx_word' id='word_1_37' title='bbox 823 459 953 502; x_wconf 79' lang='grc' dir='ltr'><strong><em>ἐννέα.</em></strong></span> <span class='ocrx_word' id='word_1_38' title='bbox 1019 456 1074 501; x_wconf 76' lang='grc' dir='ltr'>Τό</span> <span class='ocrx_word' id='word_1_39' title='bbox 1107 460 1267 512; x_wconf 85' lang='grc' dir='ltr'><strong><em>βιβλίον</em></strong></span> <span class='ocrx_word' id='word_1_40' title='bbox 1291 461 1532 512; x_wconf 82' lang='grc' dir='ltr'><strong><em>Προκοπίου</em></strong></span> <span class='ocrx_word' id='word_1_41' title='bbox 1550 458 1596 501; x_wconf 78' lang='grc' dir='ltr'>τὸ</span> 
     </span>
     <span class='ocr_line' id='line_1_6' title="bbox 117 523 1600 584; baseline -0.003 -11"><span class='ocrx_word' id='word_1_42' title='bbox 117 526 371 584; x_wconf 76' lang='grc' dir='ltr'><strong><em>καλούμενον</em></strong></span> <span class='ocrx_word' id='word_1_43' title='bbox 383 531 700 570; x_wconf 88' lang='grc' dir='ltr'><em>ΑΝΕΚΔΟΤΛ</em></span> <span class='ocrx_word' id='word_1_44' title='bbox 718 524 877 583; x_wconf 80' lang='grc' dir='ltr'>ψόγους</span> <span class='ocrx_word' id='word_1_45' title='bbox 896 526 964 568; x_wconf 82' lang='grc' dir='ltr'>καὶ</span> <span class='ocrx_word' id='word_1_46' title='bbox 987 528 1202 583; x_wconf 79' lang='grc' dir='ltr'><strong><em>κωμῳδίας</em></strong></span> <span class='ocrx_word' id='word_1_47' title='bbox 1220 523 1507 569; x_wconf 81' lang='grc' dir='ltr'><strong><em>Ἰουστινιανοῦ</em></strong></span> <span class='ocrx_word' id='word_1_48' title='bbox 1526 531 1600 570; x_wconf 83' lang='grc' dir='ltr'>τοῦ</span> 
     </span>
     <span class='ocr_line' id='line_1_7' title="bbox 115 591 1601 655; baseline -0.003 -14"><span class='ocrx_word' id='word_1_49' title='bbox 115 598 311 655; x_wconf 78' lang='grc' dir='ltr'><strong><em>βασιλέως</em></strong></span> <span class='ocrx_word' id='word_1_50' title='bbox 329 596 525 652; x_wconf 78' lang='grc' dir='ltr'><strong><em>περιέχει,</em></strong></span> <span class='ocrx_word' id='word_1_51' title='bbox 561 597 630 638; x_wconf 82' lang='grc' dir='ltr'>καὶ</span> <span class='ocrx_word' id='word_1_52' title='bbox 649 599 723 650; x_wconf 83' lang='grc' dir='ltr'>τῆς</span> <span class='ocrx_word' id='word_1_53' title='bbox 751 593 881 636; x_wconf 73' lang='grc' dir='ltr'><strong><em>αὐτοῦ</em></strong></span> <span class='ocrx_word' id='word_1_54' title='bbox 909 593 1103 650; x_wconf 76' lang='grc' dir='ltr'><strong><em>γυναικός</em></strong></span> <span class='ocrx_word' id='word_1_55' title='bbox 1134 591 1364 648; x_wconf 72' lang='grc' dir='ltr'>Θεοδῶρας,</span> <span class='ocrx_word' id='word_1_56' title='bbox 1396 593 1496 637; x_wconf 80' lang='grc' dir='ltr'>α’λλοῖ</span> <span class='ocrx_word' id='word_1_57' title='bbox 1517 595 1601 650; x_wconf 79' lang='grc' dir='ltr'>μήν</span> 
     </span>
     <span class='ocr_line' id='line_1_8' title="bbox 114 660 1603 719; baseline -0.004 -9"><span class='ocrx_word' id='word_1_58' title='bbox 114 667 185 710; x_wconf 78' lang='grc' dir='ltr'>καὶ</span> <span class='ocrx_word' id='word_1_59' title='bbox 205 662 332 709; x_wconf 65' lang='grc' dir='ltr'><strong><em>αὐτοῦ</em></strong></span> <span class='ocrx_word' id='word_1_60' title='bbox 352 666 592 719; x_wconf 83' lang='grc' dir='ltr'><strong><em>Βελισαρίου</em></strong></span> <span class='ocrx_word' id='word_1_61' title='bbox 619 663 687 705; x_wconf 82' lang='grc' dir='ltr'>καὶ</span> <span class='ocrx_word' id='word_1_62' title='bbox 714 666 788 717; x_wconf 83' lang='grc' dir='ltr'>τῆς</span> <span class='ocrx_word' id='word_1_63' title='bbox 815 666 989 718; x_wconf 81' lang='grc' dir='ltr'><em>γαμετῆς</em></span> <span class='ocrx_word' id='word_1_64' title='bbox 1016 660 1158 705; x_wconf 70' lang='grc' dir='ltr'>αὐτοῦ.</span> <span class='ocrx_word' id='word_1_65' title='bbox 1216 662 1418 719; x_wconf 79' lang='lat' dir='ltr'>Procopius</span> <span class='ocrx_word' id='word_1_66' title='bbox 1449 663 1603 704; x_wconf 82' lang='lat' dir='ltr'>Illustris</span> 
     </span>
     <span class='ocr_line' id='line_1_9' title="bbox 118 729 1602 786; baseline -0.003 -10"><span class='ocrx_word' id='word_1_67' title='bbox 118 731 375 776; x_wconf 82' lang='lat' dir='ltr'>Caesariensis</span> <span class='ocrx_word' id='word_1_68' title='bbox 394 731 643 780; x_wconf 86' lang='lat' dir='ltr'>Palaestinus,</span> <span class='ocrx_word' id='word_1_69' title='bbox 681 730 818 771; x_wconf 83' lang='lat' dir='ltr'><strong>Orator</strong></span> <span class='ocrx_word' id='word_1_70' title='bbox 838 737 874 771; x_wconf 86' lang='lat' dir='ltr'>et</span> <span class='ocrx_word' id='word_1_71' title='bbox 895 729 1092 784; x_wconf 87' lang='lat' dir='ltr'>Sophista,</span> <span class='ocrx_word' id='word_1_72' title='bbox 1134 729 1278 786; x_wconf 84' lang='lat' dir='ltr'>scripsit</span> <span class='ocrx_word' id='word_1_73' title='bbox 1305 730 1496 773; x_wconf 74' lang='lat' dir='ltr'>historiam</span> <span class='ocrx_word' id='word_1_74' title='bbox 1530 732 1602 774; x_wconf 90' lang='lat' dir='ltr'>Ro-</span> 
     </span>
     <span class='ocr_line' id='line_1_10' title="bbox 117 797 1602 856; baseline -0.001 -14"><span class='ocrx_word' id='word_1_75' title='bbox 117 815 286 851; x_wconf 86' lang='lat' dir='ltr'>manam,</span> <span class='ocrx_word' id='word_1_76' title='bbox 326 799 430 841; x_wconf 85' lang='lat' dir='ltr'>bella</span> <span class='ocrx_word' id='word_1_77' title='bbox 466 798 609 840; x_wconf 81' lang='lat' dir='ltr'>scilicet</span> <span class='ocrx_word' id='word_1_78' title='bbox 647 797 840 847; x_wconf 87' lang='lat' dir='ltr'>Belisarii‚</span> <span class='ocrx_word' id='word_1_79' title='bbox 878 811 940 839; x_wconf 88' lang='lat' dir='ltr'>res</span> <span class='ocrx_word' id='word_1_80' title='bbox 970 797 1112 840; x_wconf 88' lang='lat' dir='ltr'>Romae</span> <span class='ocrx_word' id='word_1_81' title='bbox 1145 806 1182 839; x_wconf 88' lang='lat' dir='ltr'>et</span> <span class='ocrx_word' id='word_1_82' title='bbox 1220 798 1256 839; x_wconf 93' lang='lat' dir='ltr'>in</span> <span class='ocrx_word' id='word_1_83' title='bbox 1297 798 1426 839; x_wconf 81' lang='lat' dir='ltr'>Africa</span> <span class='ocrx_word' id='word_1_84' title='bbox 1461 808 1602 856; x_wconf 79' lang='lat' dir='ltr'>gestas,</span> 
     </span>
     <span class='ocr_line' id='line_1_11' title="bbox 118 865 1605 923; baseline -0.001 -14"><span class='ocrx_word' id='word_1_85' title='bbox 118 868 203 911; x_wconf 87' lang='lat' dir='ltr'>Fuit</span> <span class='ocrx_word' id='word_1_86' title='bbox 222 867 448 923; x_wconf 72' lang='lat' dir='ltr'>temporibus</span> <span class='ocrx_word' id='word_1_87' title='bbox 468 865 656 908; x_wconf 85' lang='lat' dir='ltr'>Iustiniani</span> <span class='ocrx_word' id='word_1_88' title='bbox 682 865 942 920; x_wconf 81' lang='lat' dir='ltr'>ImperatoriS‚</span> <span class='ocrx_word' id='word_1_89' title='bbox 983 879 1005 905; x_wconf 86' lang='lat' dir='ltr'>a</span> <span class='ocrx_word' id='word_1_90' title='bbox 1029 866 1186 906; x_wconf 82' lang='lat' dir='ltr'>secretis</span> <span class='ocrx_word' id='word_1_91' title='bbox 1212 866 1386 907; x_wconf 79' lang='lat' dir='ltr'>Belisarii</span> <span class='ocrx_word' id='word_1_92' title='bbox 1416 867 1543 916; x_wconf 85' lang='lat' dir='ltr'>dictus,</span> <span class='ocrx_word' id='word_1_93' title='bbox 1568 874 1605 908; x_wconf 90' lang='lat' dir='ltr'>et</span> 
     </span>
     <span class='ocr_line' id='line_1_12' title="bbox 119 932 1602 989; baseline -0.002 -12"><span class='ocrx_word' id='word_1_94' title='bbox 119 949 246 977; x_wconf 82' lang='lat' dir='ltr'>comes</span> <span class='ocrx_word' id='word_1_95' title='bbox 267 935 304 976; x_wconf 89' lang='lat' dir='ltr'>in</span> <span class='ocrx_word' id='word_1_96' title='bbox 323 934 488 976; x_wconf 90' lang='lat' dir='ltr'>omnibus</span> <span class='ocrx_word' id='word_1_97' title='bbox 508 934 638 982; x_wconf 79' lang='lat' dir='ltr'>bellis,</span> <span class='ocrx_word' id='word_1_98' title='bbox 680 939 717 973; x_wconf 90' lang='lat' dir='ltr'>et</span> <span class='ocrx_word' id='word_1_99' title='bbox 739 932 850 973; x_wconf 86' lang='lat' dir='ltr'>rebus</span> <span class='ocrx_word' id='word_1_100' title='bbox 870 947 893 972; x_wconf 91' lang='lat' dir='ltr'>a</span> <span class='ocrx_word' id='word_1_101' title='bbox 918 945 960 972; x_wconf 89' lang='lat' dir='ltr'>se</span> <span class='ocrx_word' id='word_1_102' title='bbox 991 933 1185 988; x_wconf 79' lang='lat' dir='ltr'>descriptis</span> <span class='ocrx_word' id='word_1_103' title='bbox 1212 933 1384 976; x_wconf 80' lang='lat' dir='ltr'>interfuit.</span> <span class='ocrx_word' id='word_1_104' title='bbox 1445 934 1602 989; x_wconf 75' lang='lat' dir='ltr'>Scripsit</span> 
     </span>
     <span class='ocr_line' id='line_1_13' title="bbox 119 998 1602 1058; baseline 0 -15"><span class='ocrx_word' id='word_1_105' title='bbox 119 1010 157 1043; x_wconf 85' lang='lat' dir='ltr'>et</span> <span class='ocrx_word' id='word_1_106' title='bbox 177 1001 286 1043; x_wconf 85' lang='lat' dir='ltr'>alium</span> <span class='ocrx_word' id='word_1_107' title='bbox 312 1001 443 1043; x_wconf 82' lang='lat' dir='ltr'>librum</span> <span class='ocrx_word' id='word_1_108' title='bbox 474 1001 533 1058; x_wconf 89' lang='lat' dir='ltr'>qui</span> <span class='ocrx_word' id='word_1_109' title='bbox 554 1001 791 1042; x_wconf 46' lang='lat' dir='ltr'>Antenori</span> <span class='ocrx_word' id='word_1_110' title='bbox 820 998 970 1048; x_wconf 89' lang='lat' dir='ltr'>dicitur,</span> <span class='ocrx_word' id='word_1_111' title='bbox 1008 999 1057 1041; x_wconf 86' lang='lat' dir='ltr'>de</span> <span class='ocrx_word' id='word_1_112' title='bbox 1082 999 1194 1042; x_wconf 84' lang='lat' dir='ltr'>rebus</span> <span class='ocrx_word' id='word_1_113' title='bbox 1223 1001 1429 1044; x_wconf 86' lang='lat' dir='ltr'>Iustiniani:</span> <span class='ocrx_word' id='word_1_114' title='bbox 1459 1010 1495 1043; x_wconf 89' lang='lat' dir='ltr'>ut</span> <span class='ocrx_word' id='word_1_115' title='bbox 1522 1002 1602 1043; x_wconf 89' lang='lat' dir='ltr'>eius</span> 
     </span>
     <span class='ocr_line' id='line_1_14' title="bbox 118 1066 1603 1124; baseline 0 -14"><span class='ocrx_word' id='word_1_116' title='bbox 118 1068 205 1110; x_wconf 86' lang='lat' dir='ltr'>libri</span> <span class='ocrx_word' id='word_1_117' title='bbox 225 1082 355 1110; x_wconf 87' lang='lat' dir='ltr'>omnes</span> <span class='ocrx_word' id='word_1_118' title='bbox 370 1069 441 1110; x_wconf 88' lang='lat' dir='ltr'>sint</span> <span class='ocrx_word' id='word_1_119' title='bbox 463 1083 608 1110; x_wconf 80' lang='lat' dir='ltr'>novem,</span> <span class='ocrx_word' id='word_1_120' title='bbox 667 1067 709 1108; x_wconf 91' lang='lat' dir='ltr'>In</span> <span class='ocrx_word' id='word_1_121' title='bbox 729 1066 802 1107; x_wconf 88' lang='lat' dir='ltr'>hoc</span> <span class='ocrx_word' id='word_1_122' title='bbox 830 1081 948 1123; x_wconf 82' lang='lat' dir='ltr'>opere</span> <span class='ocrx_word' id='word_1_123' title='bbox 969 1066 1258 1124; x_wconf 85' lang='lat' dir='ltr'>vituperationes</span> <span class='ocrx_word' id='word_1_124' title='bbox 1286 1078 1321 1111; x_wconf 91' lang='lat' dir='ltr'>et</span> <span class='ocrx_word' id='word_1_125' title='bbox 1342 1069 1603 1111; x_wconf 86' lang='lat' dir='ltr'>insectationes</span> 
     </span>
     <span class='ocr_line' id='line_1_15' title="bbox 71 1133 1604 1192; baseline 0.001 -14"><span class='ocrx_word' id='word_1_126' title='bbox 71 1133 75 1136; x_wconf 73' lang='grc'><strong>’</strong></span> <span class='ocrx_word' id='word_1_127' title='bbox 117 1135 305 1178; x_wconf 85' lang='lat' dir='ltr'>Iustiniani</span> <span class='ocrx_word' id='word_1_128' title='bbox 326 1143 362 1177; x_wconf 85' lang='lat' dir='ltr'>et</span> <span class='ocrx_word' id='word_1_129' title='bbox 381 1135 607 1178; x_wconf 87' lang='lat' dir='ltr'>Theodorae</span> <span class='ocrx_word' id='word_1_130' title='bbox 630 1135 708 1177; x_wconf 85' lang='lat' dir='ltr'>eius</span> <span class='ocrx_word' id='word_1_131' title='bbox 729 1134 922 1192; x_wconf 84' lang='lat' dir='ltr'>coniugis,</span> <span class='ocrx_word' id='word_1_132' title='bbox 958 1143 1068 1192; x_wconf 85' lang='lat' dir='ltr'>atque</span> <span class='ocrx_word' id='word_1_133' title='bbox 1091 1135 1202 1177; x_wconf 86' lang='lat' dir='ltr'>etiam</span> <span class='ocrx_word' id='word_1_134' title='bbox 1221 1137 1394 1180; x_wconf 83' lang='lat' dir='ltr'>Belisarii</span> <span class='ocrx_word' id='word_1_135' title='bbox 1414 1147 1451 1180; x_wconf 87' lang='lat' dir='ltr'>et</span> <span class='ocrx_word' id='word_1_136' title='bbox 1479 1138 1604 1180; x_wconf 87' lang='lat' dir='ltr'>uxoris</span> 
     </span>
     <span class='ocr_line' id='line_1_16' title="bbox 118 1203 455 1248; baseline -0.006 0"><span class='ocrx_word' id='word_1_137' title='bbox 118 1203 198 1248; x_wconf 74' lang='lat' dir='ltr'>eius</span> <span class='ocrx_word' id='word_1_138' title='bbox 218 1203 455 1246; x_wconf 82' lang='lat' dir='ltr'>continentur.</span> 
     </span>
    </p>
   </div>
   <div class='ocr_carea' id='block_1_3' title="bbox 551 1327 1170 1370">
    <p class='ocr_par' dir='ltr' id='par_1_3' title="bbox 551 1327 1170 1370">
     <span class='ocr_line' id='line_1_17' title="bbox 551 1327 1170 1370; baseline 0.005 -3"><span class='ocrx_word' id='word_1_139' title='bbox 551 1327 735 1369; x_wconf 81' lang='lat' dir='ltr'>Ioannes</span> <span class='ocrx_word' id='word_1_140' title='bbox 763 1327 959 1368; x_wconf 72' lang='lat' dir='ltr'>Zonaras</span> <span class='ocrx_word' id='word_1_141' title='bbox 994 1328 1107 1370; x_wconf 81' lang='lat' dir='ltr'>Tom.</span> <span class='ocrx_word' id='word_1_142' title='bbox 1129 1328 1170 1370; x_wconf 87' lang='lat'>3.</span> 
     </span>
    </p>
   </div>
   <div class='ocr_carea' id='block_1_4' title="bbox 116 1415 1606 1677">
    <p class='ocr_par' dir='ltr' id='par_1_4' title="bbox 116 1415 1606 1677">
     <span class='ocr_line' id='line_1_18' title="bbox 237 1415 1606 1476; baseline 0.002 -15"><span class='ocrx_word' id='word_1_143' title='bbox 237 1421 306 1476; x_wconf 77' lang='grc' dir='ltr'>Τῷ</span> <span class='ocrx_word' id='word_1_144' title='bbox 329 1419 550 1475; x_wconf 78' lang='grc' dir='ltr'><strong><em>Βελίσαρίῳ</em></strong></span> <span class='ocrx_word' id='word_1_145' title='bbox 577 1417 646 1459; x_wconf 78' lang='grc' dir='ltr'>καὶ</span> <span class='ocrx_word' id='word_1_146' title='bbox 675 1417 702 1459; x_wconf 86' lang='lat' dir='ltr'>o‘</span> <span class='ocrx_word' id='word_1_147' title='bbox 730 1416 964 1473; x_wconf 69' lang='grc' dir='ltr'><strong><em>Καισαρεύς</em></strong></span> <span class='ocrx_word' id='word_1_148' title='bbox 990 1417 1242 1473; x_wconf 80' lang='grc' dir='ltr'><strong><em>συνωμοῖρτει</em></strong></span> <span class='ocrx_word' id='word_1_149' title='bbox 1271 1415 1529 1473; x_wconf 80' lang='grc' dir='ltr'><strong><em>Προκόπιος,</em></strong></span> <span class='ocrx_word' id='word_1_150' title='bbox 1561 1419 1606 1471; x_wconf 72' lang='grc' dir='ltr'>ὃς</span> 
     </span>
     <span class='ocr_line' id='line_1_19' title="bbox 116 1482 1602 1542; baseline -0.001 -12"><span class='ocrx_word' id='word_1_151' title='bbox 116 1486 167 1530; x_wconf 69' lang='lat' dir='ltr'>vo?</span> <span class='ocrx_word' id='word_1_152' title='bbox 185 1488 278 1542; x_wconf 81' lang='grc' dir='ltr'><em>περὶ</em></span> <span class='ocrx_word' id='word_1_153' title='bbox 297 1490 380 1529; x_wconf 75' lang='grc' dir='ltr'>τῶν</span> <span class='ocrx_word' id='word_1_154' title='bbox 397 1487 554 1529; x_wconf 74' lang='grc' dir='ltr'><strong><em>ἐκείνου</em></strong></span> <span class='ocrx_word' id='word_1_155' title='bbox 575 1483 762 1537; x_wconf 82' lang='grc' dir='ltr'><strong><em>πολέμων</em></strong></span> <span class='ocrx_word' id='word_1_156' title='bbox 783 1482 970 1540; x_wconf 75' lang='grc' dir='ltr'><strong><em>ἱστόρησε</em></strong></span> <span class='ocrx_word' id='word_1_157' title='bbox 985 1484 1245 1538; x_wconf 77' lang='grc' dir='ltr'><em>πλατύτερον.</em></span> <span class='ocrx_word' id='word_1_158' title='bbox 1300 1486 1519 1528; x_wconf 81' lang='lat' dir='ltr'>Belisarium</span> <span class='ocrx_word' id='word_1_159' title='bbox 1544 1502 1602 1529; x_wconf 89' lang='lat' dir='ltr'>sc-</span> 
     </span>
     <span class='ocr_line' id='line_1_20' title="bbox 119 1551 1602 1611; baseline 0 -15"><span class='ocrx_word' id='word_1_160' title='bbox 119 1562 220 1596; x_wconf 86' lang='lat' dir='ltr'>cutus</span> <span class='ocrx_word' id='word_1_161' title='bbox 241 1562 296 1595; x_wconf 85' lang='lat' dir='ltr'>est</span> <span class='ocrx_word' id='word_1_162' title='bbox 317 1553 518 1609; x_wconf 86' lang='lat' dir='ltr'>Procopius</span> <span class='ocrx_word' id='word_1_163' title='bbox 550 1551 825 1602; x_wconf 80' lang='lat' dir='ltr'>Caesariensis,</span> <span class='ocrx_word' id='word_1_164' title='bbox 869 1552 929 1609; x_wconf 87' lang='lat' dir='ltr'>qui</span> <span class='ocrx_word' id='word_1_165' title='bbox 951 1553 1030 1596; x_wconf 89' lang='lat' dir='ltr'>eius</span> <span class='ocrx_word' id='word_1_166' title='bbox 1050 1553 1087 1595; x_wconf 86' lang='lat' dir='ltr'>in</span> <span class='ocrx_word' id='word_1_167' title='bbox 1105 1553 1209 1596; x_wconf 84' lang='lat' dir='ltr'>bello</span> <span class='ocrx_word' id='word_1_168' title='bbox 1235 1568 1298 1596; x_wconf 88' lang='lat' dir='ltr'>res</span> <span class='ocrx_word' id='word_1_169' title='bbox 1319 1563 1448 1611; x_wconf 83' lang='lat' dir='ltr'>gestas</span> <span class='ocrx_word' id='word_1_170' title='bbox 1469 1555 1602 1611; x_wconf 86' lang='lat' dir='ltr'>plenis-</span> 
     </span>
     <span class='ocr_line' id='line_1_21' title="bbox 117 1620 735 1677; baseline -0.003 -13"><span class='ocrx_word' id='word_1_171' title='bbox 117 1621 211 1664; x_wconf 87' lang='lat' dir='ltr'>sima</span> <span class='ocrx_word' id='word_1_172' title='bbox 237 1621 392 1663; x_wconf 87' lang='lat' dir='ltr'>historia</span> <span class='ocrx_word' id='word_1_173' title='bbox 426 1620 639 1677; x_wconf 83' lang='lat' dir='ltr'>complexus</span> <span class='ocrx_word' id='word_1_174' title='bbox 666 1627 735 1662; x_wconf 79' lang='lat' dir='ltr'>est.</span> 
     </span>
    </p>
   </div>
   <div class='ocr_carea' id='block_1_5' title="bbox 498 1743 1223 1800">
    <p class='ocr_par' dir='ltr' id='par_1_5' title="bbox 498 1743 1223 1800">
     <span class='ocr_line' id='line_1_22' title="bbox 498 1743 1223 1800; baseline 0.004 -14"><span class='ocrx_word' id='word_1_175' title='bbox 498 1745 708 1800; x_wconf 69' lang='lat' dir='ltr'>Georgius</span> <span class='ocrx_word' id='word_1_176' title='bbox 740 1743 956 1787; x_wconf 79' lang='lat' dir='ltr'>Cedrenus</span> <span class='ocrx_word' id='word_1_177' title='bbox 986 1747 1033 1786; x_wconf 71' lang='lat' dir='ltr'>in</span> <span class='ocrx_word' id='word_1_178' title='bbox 1059 1746 1223 1790; x_wconf 85' lang='lat' dir='ltr'>Annul.</span> 
     </span>
    </p>
   </div>
   <div class='ocr_carea' id='block_1_6' title="bbox 121 1833 1612 2017">
    <p class='ocr_par' dir='ltr' id='par_1_6' title="bbox 121 1833 1612 2017">
     <span class='ocr_line' id='line_1_23' title="bbox 240 1833 1611 1892; baseline -0.003 -11"><span class='ocrx_word' id='word_1_179' title='bbox 240 1836 300 1881; x_wconf 76' lang='grc' dir='ltr'><em>Τοῖ</em></span> <span class='ocrx_word' id='word_1_180' title='bbox 326 1841 403 1881; x_wconf 77' lang='grc' dir='ltr'>τοῦ</span> <span class='ocrx_word' id='word_1_181' title='bbox 434 1836 672 1890; x_wconf 83' lang='grc' dir='ltr'><strong><em>Βελισαρίου</em></strong></span> <span class='ocrx_word' id='word_1_182' title='bbox 704 1833 1010 1892; x_wconf 76' lang='grc' dir='ltr'><strong><em>στρατηγήματα</em></strong></span> <span class='ocrx_word' id='word_1_183' title='bbox 1042 1834 1280 1892; x_wconf 84' lang='grc' dir='ltr'><strong><em>Προκόπιος</em></strong></span> <span class='ocrx_word' id='word_1_184' title='bbox 1318 1835 1344 1879; x_wconf 81' lang='lat' dir='ltr'>o‘</span> <span class='ocrx_word' id='word_1_185' title='bbox 1378 1834 1611 1891; x_wconf 80' lang='grc' dir='ltr'>Καισαρεῦς</span> 
     </span>
     <span class='ocr_line' id='line_1_24' title="bbox 121 1902 1612 1962; baseline -0.003 -12"><span class='ocrx_word' id='word_1_186' title='bbox 121 1906 168 1950; x_wconf 76' lang='grc' dir='ltr'>ἓν</span> <span class='ocrx_word' id='word_1_187' title='bbox 185 1903 289 1949; x_wconf 75' lang='lat' dir='ltr'>o’nm&#39;</span> <span class='ocrx_word' id='word_1_188' title='bbox 309 1907 484 1960; x_wconf 78' lang='grc' dir='ltr'><strong><em>βιβλίοις</em></strong></span> <span class='ocrx_word' id='word_1_189' title='bbox 505 1902 797 1958; x_wconf 74' lang='grc' dir='ltr'>σννεγρᾶψατο.</span> <span class='ocrx_word' id='word_1_190' title='bbox 855 1903 1028 1945; x_wconf 86' lang='lat' dir='ltr'>Belisarii</span> <span class='ocrx_word' id='word_1_191' title='bbox 1048 1905 1188 1948; x_wconf 86' lang='lat' dir='ltr'>bellica</span> <span class='ocrx_word' id='word_1_192' title='bbox 1210 1904 1377 1947; x_wconf 76' lang='lat' dir='ltr'>facinora</span> <span class='ocrx_word' id='word_1_193' title='bbox 1408 1904 1612 1962; x_wconf 83' lang='lat' dir='ltr'>Procopius</span> 
     </span>
     <span class='ocr_line' id='line_1_25' title="bbox 124 1971 812 2017; baseline -0.003 0"><span class='ocrx_word' id='word_1_194' title='bbox 124 1973 382 2017; x_wconf 83' lang='lat' dir='ltr'>Caesariensis</span> <span class='ocrx_word' id='word_1_195' title='bbox 403 1979 488 2015; x_wconf 91' lang='lat' dir='ltr'>octo</span> <span class='ocrx_word' id='word_1_196' title='bbox 514 1971 618 2013; x_wconf 81' lang='lat' dir='ltr'>libris</span> <span class='ocrx_word' id='word_1_197' title='bbox 638 1972 812 2016; x_wconf 85' lang='lat' dir='ltr'>narravit.</span> 
     </span>
    </p>
   </div>
   <div class='ocr_carea' id='block_1_7' title="bbox 523 2096 1204 2152">
    <p class='ocr_par' dir='ltr' id='par_1_7' title="bbox 523 2096 1204 2152">
     <span class='ocr_line' id='line_1_26' title="bbox 523 2096 1204 2152; baseline 0.001 -14"><span class='ocrx_word' id='word_1_198' title='bbox 523 2096 776 2152; x_wconf 75' lang='lat' dir='ltr'>Anonymus</span> <span class='ocrx_word' id='word_1_199' title='bbox 809 2099 854 2140; x_wconf 84' lang='lat' dir='ltr'>in</span> <span class='ocrx_word' id='word_1_200' title='bbox 888 2097 1040 2140; x_wconf 78' lang='lat' dir='ltr'>C&#39;Izron.</span> <span class='ocrx_word' id='word_1_201' title='bbox 1070 2097 1204 2140; x_wconf 82' lang='lat' dir='ltr'>Vatie.</span> 
     </span>
    </p>
   </div>
   <div class='ocr_carea' id='block_1_8' title="bbox 123 2183 1614 2435">
    <p class='ocr_par' dir='ltr' id='par_1_8' title="bbox 123 2183 1614 2435">
     <span class='ocr_line' id='line_1_27' title="bbox 238 2183 1611 2245; baseline -0.001 -14"><span class='ocrx_word' id='word_1_202' title='bbox 238 2183 474 2243; x_wconf 79' lang='grc' dir='ltr'><strong><em>Προκὸπιος</em></strong></span> <span class='ocrx_word' id='word_1_203' title='bbox 496 2183 760 2243; x_wconf 74' lang='grc' dir='ltr'><strong><em>Ἰλλοῦστριος</em></strong></span> <span class='ocrx_word' id='word_1_204' title='bbox 778 2188 1009 2244; x_wconf 65' lang='grc' dir='ltr'><strong><em>Καισαρεύς</em></strong></span> <span class='ocrx_word' id='word_1_205' title='bbox 1031 2189 1262 2245; x_wconf 78' lang='grc' dir='ltr'><strong><em>συνέγραψε</em></strong></span> <span class='ocrx_word' id='word_1_206' title='bbox 1289 2185 1389 2238; x_wconf 73' lang='grc' dir='ltr'>τούς</span> <span class='ocrx_word' id='word_1_207' title='bbox 1408 2187 1611 2242; x_wconf 76' lang='grc' dir='ltr'><em>πολέμους</em></span> 
     </span>
     <span class='ocr_line' id='line_1_28' title="bbox 123 2255 1611 2312; baseline -0.003 -12"><span class='ocrx_word' id='word_1_208' title='bbox 123 2258 361 2311; x_wconf 83' lang='grc' dir='ltr'><strong><em>Βελισαρίου</em></strong></span> <span class='ocrx_word' id='word_1_209' title='bbox 380 2259 454 2298; x_wconf 82' lang='grc' dir='ltr'>τοῦ</span> <span class='ocrx_word' id='word_1_210' title='bbox 474 2257 687 2310; x_wconf 82' lang='grc' dir='ltr'><strong><em>πατρικίου</em></strong></span> <span class='ocrx_word' id='word_1_211' title='bbox 701 2257 747 2299; x_wconf 82' lang='grc' dir='ltr'>ἐν</span> <span class='ocrx_word' id='word_1_212' title='bbox 768 2259 941 2311; x_wconf 80' lang='grc' dir='ltr'><strong><em>βιβλίοις</em></strong></span> <span class='ocrx_word' id='word_1_213' title='bbox 961 2255 1080 2300; x_wconf 67' lang='lat' dir='ltr'>‹im-ni.</span> <span class='ocrx_word' id='word_1_214' title='bbox 1137 2257 1340 2312; x_wconf 90' lang='lat' dir='ltr'>Procopius</span> <span class='ocrx_word' id='word_1_215' title='bbox 1356 2255 1611 2298; x_wconf 79' lang='lat' dir='ltr'>Caesariensis</span> 
     </span>
     <span class='ocr_line' id='line_1_29' title="bbox 123 2323 1614 2381; baseline -0.001 -14"><span class='ocrx_word' id='word_1_216' title='bbox 123 2325 193 2368; x_wconf 89' lang='lat' dir='ltr'>Vir</span> <span class='ocrx_word' id='word_1_217' title='bbox 221 2324 377 2366; x_wconf 78' lang='lat' dir='ltr'>Illustris</span> <span class='ocrx_word' id='word_1_218' title='bbox 406 2323 612 2379; x_wconf 82' lang='lat' dir='ltr'>composuit</span> <span class='ocrx_word' id='word_1_219' title='bbox 640 2323 832 2366; x_wconf 82' lang='lat' dir='ltr'>historiam</span> <span class='ocrx_word' id='word_1_220' title='bbox 863 2326 910 2367; x_wconf 86' lang='lat' dir='ltr'>de</span> <span class='ocrx_word' id='word_1_221' title='bbox 928 2325 1040 2367; x_wconf 84' lang='lat' dir='ltr'>bellis</span> <span class='ocrx_word' id='word_1_222' title='bbox 1062 2341 1084 2368; x_wconf 87' lang='lat' dir='ltr'>a</span> <span class='ocrx_word' id='word_1_223' title='bbox 1106 2324 1290 2367; x_wconf 85' lang='lat' dir='ltr'>Belisario</span> <span class='ocrx_word' id='word_1_224' title='bbox 1310 2323 1470 2367; x_wconf 89' lang='lat' dir='ltr'>Patricio</span> <span class='ocrx_word' id='word_1_225' title='bbox 1496 2324 1614 2381; x_wconf 83' lang='lat' dir='ltr'>gestis</span> 
     </span>
     <span class='ocr_line' id='line_1_30' title="bbox 125 2392 358 2435; baseline -0.009 0"><span class='ocrx_word' id='word_1_226' title='bbox 125 2401 210 2435; x_wconf 89' lang='lat' dir='ltr'>octo</span> <span class='ocrx_word' id='word_1_227' title='bbox 240 2392 358 2434; x_wconf 86' lang='lat' dir='ltr'>libris.</span> 
     </span>
    </p>
   </div>
   <div class='ocr_carea' id='block_1_9' title="bbox 473 2504 1730 2562">
    <p class='ocr_par' dir='ltr' id='par_1_9' title="bbox 473 2504 1730 2562">
     <span class='ocr_line' id='line_1_31' title="bbox 473 2504 1730 2562; baseline 0.003 -16"><span class='ocrx_word' id='word_1_228' title='bbox 473 2504 657 2561; x_wconf 73' lang='lat' dir='ltr'>Nic-eph.</span> <span class='ocrx_word' id='word_1_229' title='bbox 688 2505 842 2548; x_wconf 77' lang='lat' dir='ltr'>Callist.</span> <span class='ocrx_word' id='word_1_230' title='bbox 872 2507 940 2548; x_wconf 76' lang='lat' dir='ltr'>lib.</span> <span class='ocrx_word' id='word_1_231' title='bbox 970 2506 1035 2550; x_wconf 89' lang='grc'>17.</span> <span class='ocrx_word' id='word_1_232' title='bbox 1065 2521 1158 2562; x_wconf 82' lang='lat' dir='ltr'>cap.</span> <span class='ocrx_word' id='word_1_233' title='bbox 1184 2505 1250 2549; x_wconf 91' lang='lat'>10.</span> <span class='ocrx_word' id='word_1_234' title='bbox 1628 2511 1660 2547; x_wconf 84' lang='grc' dir='ltr'><strong>Α</strong></span> <span class='ocrx_word' id='word_1_235' title='bbox 1686 2513 1730 2550; x_wconf 83' lang='grc'>19</span> 
     </span>
    </p>
   </div>
   <div class='ocr_carea' id='block_1_10' title="bbox 123 2593 1615 2859">
    <p class='ocr_par' dir='ltr' id='par_1_10' title="bbox 123 2593 1615 2859">
     <span class='ocr_line' id='line_1_32' title="bbox 237 2593 1614 2654; baseline -0.003 -16"><span class='ocrx_word' id='word_1_236' title='bbox 237 2596 356 2638; x_wconf 85' lang='lat' dir='ltr'>Facta</span> <span class='ocrx_word' id='word_1_237' title='bbox 382 2593 572 2636; x_wconf 89' lang='lat' dir='ltr'>Iustiniani</span> <span class='ocrx_word' id='word_1_238' title='bbox 601 2611 625 2636; x_wconf 90' lang='lat' dir='ltr'>a</span> <span class='ocrx_word' id='word_1_239' title='bbox 651 2596 836 2653; x_wconf 87' lang='lat' dir='ltr'>Procopio</span> <span class='ocrx_word' id='word_1_240' title='bbox 866 2597 1103 2639; x_wconf 80' lang='lat' dir='ltr'>Caesariensi</span> <span class='ocrx_word' id='word_1_241' title='bbox 1137 2597 1334 2654; x_wconf 79' lang='lat' dir='ltr'>eleganter</span> <span class='ocrx_word' id='word_1_242' title='bbox 1362 2594 1556 2636; x_wconf 85' lang='lat' dir='ltr'>admodum</span> <span class='ocrx_word' id='word_1_243' title='bbox 1577 2601 1614 2635; x_wconf 81' lang='lat' dir='ltr'>et</span> 
     </span>
     <span class='ocr_line' id='line_1_33' title="bbox 126 2662 1614 2721; baseline -0.001 -17"><span class='ocrx_word' id='word_1_244' title='bbox 126 2662 235 2704; x_wconf 77' lang='lat' dir='ltr'>docte</span> <span class='ocrx_word' id='word_1_245' title='bbox 255 2662 292 2704; x_wconf 85' lang='lat' dir='ltr'>in</span> <span class='ocrx_word' id='word_1_246' title='bbox 318 2671 523 2718; x_wconf 81' lang='lat' dir='ltr'>temporum</span> <span class='ocrx_word' id='word_1_247' title='bbox 555 2679 701 2705; x_wconf 93' lang='lat' dir='ltr'>suorum</span> <span class='ocrx_word' id='word_1_248' title='bbox 736 2664 892 2707; x_wconf 87' lang='lat' dir='ltr'>historia</span> <span class='ocrx_word' id='word_1_249' title='bbox 913 2675 993 2707; x_wconf 92' lang='lat' dir='ltr'>sunt</span> <span class='ocrx_word' id='word_1_250' title='bbox 1016 2665 1237 2721; x_wconf 85' lang='lat' dir='ltr'>conscripta.</span> <span class='ocrx_word' id='word_1_251' title='bbox 1299 2665 1465 2715; x_wconf 86' lang='lat' dir='ltr'>Quatuor</span> <span class='ocrx_word' id='word_1_252' title='bbox 1493 2671 1614 2704; x_wconf 89' lang='lat' dir='ltr'>autem</span> 
     </span>
     <span class='ocr_line' id='line_1_34' title="bbox 124 2730 1612 2789; baseline -0.001 -18"><span class='ocrx_word' id='word_1_253' title='bbox 124 2730 310 2772; x_wconf 88' lang='lat' dir='ltr'>volumina</span> <span class='ocrx_word' id='word_1_254' title='bbox 327 2731 359 2772; x_wconf 84' lang='lat' dir='ltr'>is</span> <span class='ocrx_word' id='word_1_255' title='bbox 380 2732 427 2772; x_wconf 88' lang='lat' dir='ltr'>ad</span> <span class='ocrx_word' id='word_1_256' title='bbox 444 2731 667 2787; x_wconf 86' lang='lat' dir='ltr'>antiquitatis</span> <span class='ocrx_word' id='word_1_257' title='bbox 687 2733 818 2789; x_wconf 64' lang='lat' dir='ltr'>stylum</span> <span class='ocrx_word' id='word_1_258' title='bbox 834 2733 1050 2775; x_wconf 81' lang='lat' dir='ltr'>accedentia</span> <span class='ocrx_word' id='word_1_259' title='bbox 1076 2732 1300 2789; x_wconf 88' lang='lat' dir='ltr'>composuit:</span> <span class='ocrx_word' id='word_1_260' title='bbox 1333 2745 1483 2786; x_wconf 91' lang='lat' dir='ltr'>quorum</span> <span class='ocrx_word' id='word_1_261' title='bbox 1504 2744 1612 2770; x_wconf 92' lang='lat' dir='ltr'>unum</span> 
     </span>
     <span class='ocr_line' id='line_1_35' title="bbox 123 2796 1615 2859; baseline -0.001 -20"><span class='ocrx_word' id='word_1_262' title='bbox 123 2797 276 2840; x_wconf 84' lang='lat' dir='ltr'>Persica</span> <span class='ocrx_word' id='word_1_263' title='bbox 306 2799 524 2852; x_wconf 78' lang='lat' dir='ltr'>nominavit,</span> <span class='ocrx_word' id='word_1_264' title='bbox 559 2802 598 2844; x_wconf 86' lang='lat' dir='ltr'>in</span> <span class='ocrx_word' id='word_1_265' title='bbox 628 2811 783 2858; x_wconf 86' lang='lat' dir='ltr'>quatuor</span> <span class='ocrx_word' id='word_1_266' title='bbox 812 2810 938 2859; x_wconf 87' lang='lat' dir='ltr'>partes</span> <span class='ocrx_word' id='word_1_267' title='bbox 968 2802 1125 2844; x_wconf 86' lang='lat' dir='ltr'>divisum</span> <span class='ocrx_word' id='word_1_268' title='bbox 1159 2816 1271 2856; x_wconf 88' lang='lat' dir='ltr'>opus:</span> <span class='ocrx_word' id='word_1_269' title='bbox 1306 2798 1503 2841; x_wconf 83' lang='lat' dir='ltr'>secundum</span> <span class='ocrx_word' id='word_1_270' title='bbox 1529 2796 1615 2854; x_wconf 82' lang='lat' dir='ltr'>pari</span> 
     </span>
    </p>
   </div>
  </div>
 </body>
</html>
