1754 3132
205 182 267 229 34
793 182 1057 226 PROCOPII

205 296 264 344 ξιν
285 292 438 335 ἐθέλων
455 295 660 334 ποιεΐσθαι
680 295 751 345 τῆς
775 290 949 347 γνώμης,
987 290 1165 340 ἀναστὰς
1185 290 1309 340 εὐθὺς
1329 291 1440 346 παρὰ
1457 291 1552 339 τοὺς
1569 306 1643 345 yv-

207 360 343 408 ναικὸς
367 357 497 408 πόδας
527 360 590 400 ἐπὶ
620 356 753 412 στόμα
787 359 932 401 πίπτει.
1000 359 1066 400 καὶ
1088 359 1184 412 χειρὶ
1204 358 1276 411 μὲν
1295 356 1462 416 ἑκατέρᾳ
1479 361 1642 414 περιλα-

206 427 293 482 βών
314 426 441 479 αὐτῆς
460 425 584 482 ἄμφω
607 425 682 474 τὰς
699 422 854 478 κνήμας
865 457 878 478 ,
916 425 988 479 τὴν
1020 426 1063 467 δὲ
1085 428 1271 479 γλῶσσαν
1301 424 1361 466 ἀεὶ
1381 429 1462 467 τῶν
1480 429 1642 480 ταρσῶν

202 498 277 549 τῆς
302 493 488 549 γυναικὸς
519 488 824 546 μεταβιβάζων,
859 495 932 534 τοῦ
966 493 1038 545 μὲν
1067 492 1159 544 βίου
1179 493 1245 532 καὶ
1264 495 1336 545 τῆς
1359 492 1561 546 σωτηρίας
1577 493 1643 532 αῖ·-

202 562 294 603 τίαν
326 558 475 611 ἐκάλει,
512 556 769 614 ἀνδράποδον
798 559 841 600 δὲ
871 558 996 611 αὐτῆς
1027 558 1074 600 τὸ
1103 557 1263 599 ἐνθένδε
1288 557 1428 600 πιστὸν
1452 555 1674 612 ὥμολόγειὸ

154 635 183 669 C
206 629 272 671 καὶ
296 627 368 669 οὐκ
388 627 490 682 ἀνὴρ
510 625 688 667 ἔσεσθαι.
759 627 824 667 καὶ
852 630 932 667 τῶν
947 623 1166 679 χρημάτων
1186 625 1228 666 δὲ
1247 622 1271 677 ἦ
1292 626 1450 676 βασιλὶς
1472 626 1514 674 ἐς
1529 622 1645 679 τριά-

84 703 114 737 A
138 703 183 738 20
205 711 327 738 κοντα
355 697 512 749 χρυσοῦ
546 689 783 747 κεντηνάρια
815 696 872 750 τῷ
901 697 1063 745 βασιλεῖ
1078 694 1231 742 δοῦσα,
1270 690 1398 733 τᾶλλα
1417 692 1643 749 Βελισαρίῳ

203 761 390 804 ἀπέδοτο.
415 767 423 778 ”
461 760 512 802 τὰ
536 760 609 812 μὲν
637 754 708 801 οὖν
734 759 839 814 ἀμφὶ
859 760 1086 815 Βελισαρίῳ
1103 762 1161 814 τῷ
1179 762 1390 815 στρατηγῷ
1409 760 1505 815 τῇδε
1521 775 1646 812 κεχω-

204 826 338 884 ρήκει,
376 821 482 884 ᾧπερ
504 824 527 880 ἦ
549 824 648 880 τύχη
669 825 716 868 οὐ
738 830 874 883 πολλῷ
898 823 1093 881 πρότερον
1112 822 1308 879 Γελίμερά
1329 841 1370 866 τε
1389 826 1456 866 καὶ
1482 825 1645 868 Οὔίττι-

202 913 264 950 γιν
297 892 570 948 δοριαλώτους
599 891 878 948 παρεδεδώκει.
949 895 990 934 ἐκ
1019 896 1192 934 παλαιοῦ
1225 893 1268 933 δὲ
1291 889 1572 934 Ἰουστινιανόν
1602 908 1644 934 τε
1659 904 1700 937 10

203 964 271 1004 καὶ
303 958 523 1016 Θεοδώραν
562 964 736 1008 πλοῦτος
766 958 787 1002 ὁ
814 957 960 1002 τούτου
1004 964 1078 1002 τοῦ
1107 958 1252 1014 ἀνδρὸς
1283 958 1459 1014 ἀκριβῶς
1486 957 1642 1010 ἔκνιζεν,

203 1026 423 1082 ὖπέρογκός
441 1044 483 1069 τε
505 1026 561 1069 ὢν
582 1029 646 1068 καὶ
671 1031 881 1080 βασιλικῆς
900 1026 1025 1080 αὐλῆς
1046 1026 1168 1076 ἄξιος.
1230 1023 1406 1081 ἕφασκόν
1429 1042 1472 1068 τε
1491 1023 1546 1075 ὥς
1565 1030 1646 1068 τῶν

204 1096 410 1149 δημοσίων
435 1091 656 1149 χρημάτων
685 1097 726 1135 Γ
723 1091 901 1148 ελίμερός
930 1111 970 1135 τε
1008 1096 1073 1135 καὶ
1113 1093 1362 1147 Οὖιττίγιδος
1385 1092 1432 1135 τὸ
1461 1097 1647 1135 πλεῖστον

203 1159 549 1217 ἀποκρυψάμενος
568 1158 708 1214 λάθρα
729 1159 863 1213 ἔτυχε,
896 1167 1044 1215 μοῖραν
1067 1161 1110 1202 δὲ
1130 1159 1264 1202 αὐτῶν
1282 1157 1476 1214 βραχεῖάν
1495 1161 1542 1202 τέ
1555 1177 1646 1202 τινα

204 1231 271 1270 καὶ
299 1227 460 1281 οὐδαμῆ
492 1223 699 1280 ἀξιόλογον
730 1230 893 1279 βασιλεῖ
918 1226 1052 1269 ἔδωκε.
1120 1224 1269 1274 πόνους
1297 1227 1341 1268 δὲ
1361 1226 1456 1275 τούς
1476 1230 1549 1269 τοῦ
1573 1227 1645 1269 ἄν·
1659 1239 1700 1274 15

154 1309 185 1342 D
210 1292 383 1350 θρώπου
414 1295 481 1336 καὶ
506 1297 587 1335 τῶν
618 1292 772 1342 ἔξωθεν
791 1293 865 1347 τὴν
884 1294 1149 1349 βλασφημίαν
1169 1290 1524 1348 διαριθμούμενοι,
1562 1292 1648 1347 ἅμα

207 1364 251 1404 δὲ
280 1364 346 1404 καὶ
377 1365 528 1414 σκῆψιν
554 1358 769 1415 ἀξιόχρεων
789 1360 853 1401 ἐπ’
877 1359 988 1417 αὐτῷ
1011 1361 1201 1413 οὐδεμίαν
1223 1359 1495 1414 κεκομισμένοι
1517 1358 1648 1415 ἡσυχῆ

204 1429 354 1483 ἔμενον.
425 1425 516 1469 τότε
545 1428 589 1468 δὲ
615 1426 642 1480 ἡ
672 1429 833 1480 βασιλὶς
851 1426 978 1469 αὐτοῦ
999 1427 1202 1482 λαβομένη
1221 1425 1588 1483 κατωρρωδηκότος
1606 1445 1648 1470 τε

204 1497 271 1538 καὶ
301 1491 660 1542 ἀποδειλιάσαντος
690 1493 794 1542 ὅλως
819 1493 957 1549 πράξει
982 1499 1056 1552 μιᾷ
1078 1492 1318 1550 διεπράξατο
1340 1492 1552 1549 ξυμπάσης
1572 1494 1648 1536 αὗ-

204 1566 277 1605 τοῦ
309 1567 382 1616 τῆς
408 1561 549 1610 οὐσίας
574 1562 693 1615 κυρία
724 1560 925 1616 γενέσθαι.
995 1562 1036 1610 ἐς
1053 1563 1175 1615 κῆδος
1193 1561 1269 1617 γὰρ
1294 1558 1480 1614 ἀλλήλοις
1501 1565 1704 1616 ξυνηλ-20

203 1630 331 1683 θέτην
362 1628 488 1676 εὐθὺς
515 1627 720 1670 ’Ῑωαννίνα
745 1645 788 1669 τε
817 1625 839 1681 ἢ
861 1630 1102 1684 Βελισαρίου
1123 1627 1334 1684 θυγάτηρ,
1371 1623 1499 1685 ἧσπερ
1521 1627 1650 1684 μόνης

205 1693 369 1752 ἐγεγόνει
388 1694 546 1750 πατὴρ,
567 1695 821 1752 Ἀναστασίῳ
840 1699 898 1754 τῷ
918 1699 992 1749 τῆς
1008 1697 1219 1749 βασιλίδος
1234 1697 1471 1753 θυγατριδῷ
1490 1696 1648 1751 μνηστὴ

295 1838 348 1870 10.
373 1831 642 1876 δοριαλώτους]
668 1834 781 1876 Vulgo
799 1832 1064 1876 δορυαλώτους.
1204 1833 1259 1868 14.
1283 1832 1405 1878 ἔτυχε]
1431 1833 1508 1879 ἔσχε
1530 1836 1647 1870 Reisk.

296 1882 350 1915 17.
382 1877 653 1923 κεκομισμένοι]
679 1877 935 1922 πεπορισμέυοι
958 1879 1073 1914 Reisk.
1208 1881 1265 1914 20.
1296 1879 1541 1926 ξυνηλθέτην]
1565 1893 1649 1917 συν-

298 1924 454 1970 ηλθὲτην
476 1924 600 1958 Suidas
624 1935 651 1958 s.
676 1935 708 1958 ν.
731 1926 857 1967 κῆδος.

207 2050 415 2094 praesentem
438 2045 503 2080 sibi
528 2056 651 2089 parare
673 2045 833 2090 cupiens;
869 2049 1014 2090 repente
1038 2045 1082 2079 ad
1106 2045 1257 2089 coniugis
1280 2045 1386 2089 pedes
1409 2047 1555 2090 effusus,
1580 2059 1651 2083 ma-

208 2094 306 2127 nibus
332 2091 435 2125 tibias
458 2090 660 2135 prehensat,
683 2090 779 2124 modo
803 2091 913 2130 hunc,
935 2090 1031 2123 modo
1054 2090 1143 2124 illum
1169 2091 1287 2134 pedem
1316 2091 1508 2133 osculatur,
1529 2094 1650 2127 salutis

207 2138 298 2172 illam
330 2136 506 2181 appellans
538 2139 732 2176 auctorem3
767 2146 806 2168 se
839 2146 905 2168 non
937 2134 1114 2176 maritum,
1146 2135 1243 2168 immo
1269 2136 1467 2180 mancipium
1493 2137 1592 2172 fidele
1614 2138 1649 2172 in

209 2188 382 2228 posterum
405 2182 457 2214 ait
479 2180 680 2214 censendum
704 2180 789 2214 fore.
835 2180 1016 2213 Caeterum
1039 2181 1194 2224 Augusta
1217 2180 1261 2213 de
1283 2180 1340 2214 ille
1360 2182 1574 2226 pecuniarum
1591 2194 1650 2217 ec-

208 2227 267 2272 pia
298 2227 343 2261 ad
374 2226 445 2260 tria
466 2225 570 2259 millia
590 2225 665 2259 auri
691 2225 802 2269 pondo
829 2224 1002 2270 impartita
1026 2225 1193 2266 Caesari,
1229 2225 1360 2269 reliqua
1382 2227 1546 2261 Belisario
1569 2239 1650 2273 per-

207 2272 319 2310 misit3
343 2272 399 2305 cni
421 2270 473 2304 sic
495 2270 563 2304 iata
586 2269 782 2314 contigere,
807 2269 1081 2314 quemadmodum
1107 2270 1296 2304 Gelimerae
1325 2281 1365 2304 ac
1395 2271 1540 2316 Vittigi,
1564 2283 1649 2317 quos

207 2317 258 2350 illi
289 2318 427 2349 fortuna
459 2315 561 2359 paulo
594 2319 672 2349 ante
705 2315 916 2358 subiugaret.
960 2315 1030 2348 Iam
1053 2315 1131 2348 inde
1154 2326 1175 2348 a
1197 2315 1299 2348 multo
1322 2320 1472 2361 tempore
1490 2317 1650 2352 Iustinia-

209 2372 285 2395 num
309 2372 351 2395 ac
374 2360 591 2394 Theodoram
613 2360 768 2403 graviter
790 2361 962 2404 pungebat
983 2360 1082 2393 huius
1104 2360 1172 2393 viri
1195 2360 1388 2394 divitiarum
1411 2361 1462 2395 vis
1478 2361 1649 2404 immensa,

210 2410 247 2440 et
270 2405 496 2450 Imperatorio
522 2415 661 2449 prorsus
684 2404 817 2438 aerario
841 2405 966 2449 digna3
1001 2406 1294 2450 conquerebantur
1327 2417 1406 2439 vero
1437 2407 1648 2452 publicarum

209 2450 404 2484 Gelimerae
435 2449 644 2493 Vittigisque
674 2449 890 2495 pecuniarum
924 2455 1054 2494 partem
1088 2450 1259 2484 maximam
1293 2450 1417 2484 alicubi
1448 2452 1582 2496 penitus
1605 2454 1648 2486 ab

210 2507 251 2530 eo
281 2500 471 2534 retrusam,
506 2495 671 2528 minimam
699 2506 781 2528 vero
813 2506 854 2529 ac
885 2495 1005 2528 nullius
1039 2495 1112 2528 fere
1145 2495 1305 2539 ponderis
1327 2495 1527 2540 Imperatori
1553 2497 1648 2531 dela-

209 2546 289 2574 tam.
335 2541 462 2574 Verum
485 2538 521 2572 id
544 2539 650 2572 tacite
671 2540 837 2582 tulerunt,
859 2539 957 2573 simul
980 2540 1156 2574 recensitis
1179 2539 1242 2573 viri
1266 2540 1367 2574 rebus
1390 2541 1564 2585 praeclare
1586 2554 1649 2586 ge·

212 2586 296 2626 stis,
321 2584 416 2619 simul
439 2583 540 2618 veriti
563 2584 704 2618 aliorum
728 2585 1012 2628 obtrectationes,
1036 2584 1236 2630 praesertim
1258 2595 1330 2618 cum
1353 2584 1505 2619 idoneam
1525 2587 1649 2621 adver-

215 2641 274 2665 sus
295 2641 368 2664 eum
390 2629 616 2674 praetendere
637 2639 771 2662 causam
794 2640 860 2662 non
884 2635 1032 2673 possent.
1079 2631 1124 2663 At
1147 2629 1203 2662 ubi
1225 2629 1449 2674 trepidantem
1469 2631 1560 2666 illum
1576 2633 1647 2666 Au·-

215 2681 318 2719 gusta
341 2673 577 2719 deprehendit,
602 2678 639 2706 et
662 2674 804 2707 animum
833 2674 967 2717 penitus
990 2674 1262 2718 despondentem,
1297 2685 1360 2708 uno
1384 2675 1499 2710 effecit
1521 2681 1646 2711 conatu

215 2726 253 2754 ut
285 2720 430 2754 omnium
459 2719 531 2752 eius
561 2719 768 2752 fortunarum
799 2718 909 2752 adiret
939 2719 1181 2763 possessionem
1204 2723 1377 2754 contracta
1398 2721 1511 2755 statim
1533 2722 1646 2756 affini-

213 2768 297 2799 tate.
343 2765 431 2800 Nam
452 2762 645 2798 Ioanninam
666 2763 824 2797 Belisarii
844 2763 967 2805 filiam,
998 2775 1086 2809 quae
1109 2775 1175 2798 una
1197 2763 1246 2798 illi
1270 2765 1357 2808 fuit,
1391 2766 1571 2801 Anastasio
1603 2777 1647 2800 ex
