1800 3126
294 150 390 197 444
745 153 803 196 ΙΝ
837 152 978 195 HIST.
1014 153 1265 196 ARCANAM

292 261 451 308 onerati,
482 260 521 296 in
552 260 720 311 antiquis
747 259 1009 297 monumentis
1031 258 1103 296 hos
1132 261 1299 308 invenio,
1329 262 1472 299 scilicet
1498 267 1549 300 ex
1572 263 1709 302 'multis

290 329 447 366 paucos.
505 317 637 352 Gretes
665 316 874 351 Erulorum
910 328 980 351 rex
1019 327 1118 352 anuo
1146 317 1347 352 Iustiniani
1381 319 1528 367 primo,
1566 330 1710 368 magno

290 384 450 408 suorum
478 374 662 408 comitatu
691 372 924 420 Byzantium
953 371 1124 420 appulit,
1160 385 1180 407 e
1198 383 1314 408 'sacro
1342 373 1530 422 Baptismi
1557 375 1709 410 lavacro

289 427 337 462 ab
374 429 604 476 imperatore
640 432 841 476 susceptus
881 433 960 473 est,
1000 432 1038 462 et
1076 423 1130 461 ex'
1170 427 1275 462 illius
1310 429 1555 479 propinquis,
1595 435 1711 480 atque

288 483 525 532 principibus
565 482 657 518 viris
704 480 910 517 duodecim
948 493 1026 517 uno
1064 481 1171 517 fonte
1210 482 1361 518 lustrati
1399 490 1500 520 suut.
1561 483 1711 520 Eodem

289 549 390 573 anno
420 536 568 573 Gordas
597 549 668 572 rex
696 538 948 582 Hunnorum,
981 537 1046 586 qui
1074 538 1245 586 Bosporo
1274 535 1463 584 adiacent,
1493 538 1711 575 Constanti-

287 593 463 642 nopolim
492 593 708 640 ingressus,
749 590 856 627 dedit
882 590 1032 627 Christo
1067 604 1230 639 nomen,
1268 592 1494 642 firmataque
1523 605 1611 629 cum
1636 606 1712 644 po·-

288 649 381 697 pulo
414 649 587 683 Romano
626 647 807 683 societate
839 647 1196 683 munificentissime
1235 659 1257 682 a
1291 646 1712 693 Iustinianow'dimissus'

290 709 361 738 est.
418 704 531 738 Anno
571 708 704 738 octavo
743 715 814 738 rex
848 703 1048 739 Iberorum
1084 704 1339 739 Zamanarsus
1388 715 1476 739 cum
1511 714 1633 740 uxore
1673 710 1712 740 et

151 761 178 793 P
203 760 268 796 157
292 759 352 794 sui
382 759 493 806 regni
517 757 746 807 primatibus
774 759 952 807 Byzantii
981 764 1171 808 acceptus,
1203 759 1465 795 Romanorum
1492 760 1713 796 societatem

287 814 412 863 petiit.
471 812 610 849 Subdit
629 811 913 877 Theophanes.
971 812 994 852 ό
1023 811 1065 852 δὲ
1094 810 1274 863 βασιλευς
1307 828 1380 864 την
1407 809 1592 863 τοιαύτην
1618 829 1712 882 προ-

290 869 439 919 αἰρεσιν
470 863 757 917 αποδεξαμενος
793 866 916 908 πολλὰ
951 865 1066 907 αὐτὸν
1095 865 1392 919 ἐφιλοτιμήσατο
1422 867 1487 907 καὶ
1515 883 1607 916 τους
1642 883 1714 907 αυ-

289 926 362 962 τοῦ
399 921 696 977 συγκλητικούς,
737 922 883 975 ὁμοίως
917 923 986 963 καὶ
1014 922 1043 974 ἠ’
1072 920 1279 975 Αὕγοῦστα
1314 926 1364 978 τῇ
1399 919 1523 962 αὔτοῦ
1558 921 1715 976 γυναικὶ

288 975 434 1028 κόσμια
469 982 633 1018 παντοῖα
664 975 729 1017 δια
765 976 976 1032 μαργοὶρων
1011 978 1221 1030 ἐχαρίσατο.
1278 979 1528 1016 lastinianus
1548 985 1715 1029 gratam

286 1047 368 1070 rem
403 1034 570 1082 habuit,
607 1047 774 1083 eumque
801 1048 850 1070 ac
878 1035 992 1070 illias
1013 1036 1215 1084 principes
1242 1037 1401 1084 magnio-
1428 1034 1715 1084 largitionibus

290 1089 523 1128 cumulavit.
608 1088 806 1126 Theodora
846 1102 935 1125 vero
970 1090 1211 1126 Zamanarsi
1255 1091 1370 1126 uxori
1415 1090 1716 1139 quamplurima
1762 1095 1765 1098 “

290 1143 456 1181 donavit
497 1151 728 1180 ornamenta
763 1145 931 1194 gemmis
972 1143 1175 1183 distincta.
1246 1146 1359 1182 Anno
1403 1143 1552 1182 decimo
1601 1146 1714 1182 tertio

288 1198 458 1236 Miuldus
487 1199 758 1249 Gepaedarum
787 1213 858 1236 rex
887 1212 909 1235 a
936 1201 1148 1236 Iustiniano
1176 1213 1253 1236 non
1281 1201 1409 1236 solum
1437 1201 1542 1236 civili
1567 1202 1714 1237 Roma-

288 1267 429 1291 norum
457 1257 661 1302 societate,
702 1253 773 1291 sed
802 1257 920 1291 etiam
947 1268 1089 1304 magna
1120 1257 1203 1291 auri
1232 1257 1341 1305 copia
1369 1262 1502 1292 auctus
1529 1256 1715 1305 Byzantio

289 1309 476 1347 discessit.
534 1312 647 1347 Anno
686 1312 887 1360 trigesimo
928 1312 1054 1360 primo
1103 1323 1175 1347 rex
1210 1311 1425 1347 Abarorum
1461 1309 1510 1346 ad
1551 1309 1716 1347 eandem

286 1367 512 1402 societatem
552 1364 776 1415 adiungitur
813 1378 834 1402 a
870 1367 1084 1402 Iustiniano
1131 1365 1410 1403 humanissime
1448 1364 1589 1402 habitis
1632 1367 1715 1402 eius

287 1422 450 1470 legatis.
481 1420 528 1457 de
552 1422 692 1471 quibus
716 1420 838 1472 (quod
865 1419 930 1457 hic
953 1423 1081 1457 innuit
1099 1420 1327 1472 Procopius)
1357 1419 1620 1488 Theophanes
1648 1422 1715 1458 ait.

286 1477 492 1526 Εἰσῆλθεν
524 1475 643 1522 ε’θνος
680 1476 722 1516 ἐν
750 1477 950 1530 Βυζαντίῳ
985 1472 1210 1528 παράδοξον
1246 1479 1325 1515 τῶν
1356 1476 1572 1543 λεγομένων
1597 1471 1717 1527 Ἀβοὶ-

288 1547 389 1581 ρων,
429 1547 494 1570 και
531 1534 639 1570 πᾶσα
648 1530 705 1597 ἦ
740 1535 852 1578 πολ-ις
890 1530 1111 1582 συνέτρεχεν
1146 1532 1201 1577 εἷς
1238 1546 1310 1582 την
1336 1530 1438 1570 θέαν
1475 1527 1626 1575 αυταῖν,
1663 1546 1717 1578 ως

288 1586 479 1637 μηδέποτε
508 1582 720 1652 ἑωρακότες
747 1601 929 1626 τοιουτον
958 1586 1087 1633 ε’θνος.
1147 1584 1250 1637 εἶχον
1278 1602 1350 1640 γαρ
1377 1583 1448 1632 τοὶς
1474 1583 1598 1637 κόμας
1625 1583 1718 1625 ὄπι-

288 1646 388 1680 σθεν
426 1639 576 1692 μακροῖς
613 1637 720 1680 πάνυ
759 1641 966 1692 δεδεμένας
1002 1642 1226 1692 πρανδίοις,
1264 1641 1331 1680 καὶ
1360 1641 1632 1692 πεπλεγμέναις
1688 1639 1718 1692 ἦ

286 1694 331 1735 δὲ
358 1694 475 1746 λοιπὴ
506 1697 670 1747 φορεσία
699 1693 829 1735 αυτ-ῶν
860 1711 913 1742 ως
950 1694 999 1746 δη
1026 1696 1091 1735 καὶ
1119 1700 1198 1735 τῶν
1226 1699 1376 1736 λοιπων
1405 1696 1508 1736 ἐστιν
1537 1694 1717 1735 Οὕννων.

291 1752 394 1789 Gens
412 1751 640 1788 Abarorum
668 1765 877 1802 nunquam
905 1758 1021 1788 antea
1048 1753 1151 1799 visa,
1182 1754 1361 1801 ingressa
1388 1759 1444 1788 est
1462 1753 1718 1802 Byzantium,

285 1814 444 1857 totaque
473 1807 567 1843 urbs
595 1805 652 1843 ad
677 1808 762 1843 eius
791 1814 1036 1856 conspectum
1064 1808 1263 1857 confluxit.
1319 1806 1533 1844 Habebunt
1557 1805 1614 1844 ad
1639 1806 1719 1843 lm-

288 1876 414 1898 meros
447 1861 564 1899 valde
590 1864 813 1911 promissae
851 1876 1003 1911 comae,
1052 1862 1316 1913 brandeisque
1352 1863 1565 1913 colligatas
1602 1869 1719 1912 atque

289 1931 519 1966 compexas:
546 1919 703 1967 reliqua
733 1925 835 1954 veste
862 1919 1028 1954 Hunni-⁹
1055 1919 1215 1958 similes,
1271 1920 1386 1954 Anno
1419 1917 1568 1955 decimo
1605 1924 1717 1955 sexto

286 1972 431 2010 Adadii
459 1974 560 2022 regis
590 1975 860 2009 Azumitarum
893 1974 1013 2023 legati
1040 1974 1422 2023 magnificentissime
1451 1974 1599 2023 accepti
1627 1985 1718 2010 cum

285 2030 432 2065 Ioanne
459 2030 652 2078 Episcopo
682 2027 947 2075 dimittuntur,
989 2035 1034 2064 ut
1072 2030 1119 2065 ab
1150 2028 1288 2065 eodem
1317 2027 1622 2065 Christianorum
1651 2040 1717 2064 sa-

287 2086 361 2120 cris
397 2085 656 2120 initiarentur.
714 2085 829 2121 Anno
877 2085 1075 2133 trigesimo
1123 2089 1235 2120 sexto
1283 2085 1384 2133 regis
1420 2082 1717 2120 Ermechiorum

284 2139 405 2187 legati
440 2139 594 2188 publice
632 2140 789 2188 recepti.
844 2140 903 2175 De
934 2141 1140 2175 Persarum
1169 2139 1450 2188 legationibus,
1488 2151 1587 2190 quae
1616 2151 1716 2189 pene

286 2192 535 2257 quotidianae
564 2194 744 2240 suerunt,
783 2191 883 2229 nihil
918 2195 1054 2230 attinet
1083 2193 1235 2241 dicere3
1275 2191 1327 2244 ἢν
1363 2209 1438 2245 γαρ
1475 2209 1533 2240 τις
1571 2191 1642 2240 τάς
1677 2207 1718 2232 τε

285 2243 464 2294 δαπάνας
502 2245 804 2316 διαριθμήσαιτο
837 2247 903 2287 καὶ
933 2263 981 2287 τα
1014 2250 1120 2299 δῶρα
1152 2246 1226 2288 ὅσα
1254 2248 1416 2288 ἐνθένδε
1440 2247 1718 2300 κεκομισμένος

282 2299 518 2366 Ἰσδιγούνας
545 2299 675 2342 dmm
705 2301 841 2369 ᾤχετο,
869 2302 988 2343 πλέον
1017 2320 1114 2343 αυτα
1143 2305 1414 2344 κατατείνοντα
1441 2301 1469 2355 ἢ
1500 2303 1540 2350 ἐς
1573 2305 1718 2355 χρυσοῦ

283 2373 521 2409 κεντηναρια
548 2357 639 2398 δέκα
669 2355 835 2411 εὑρήσει.
896 2360 1003 2396 Nam
1033 2373 1219 2410 expensa-9
1241 2374 1316 2410 pto
1347 2373 1424 2396 uno
1454 2360 1584 2409 legato
1613 2357 1719 2396 ledi..

281 2428 412 2464 gune,
439 2421 556 2464 atque
583 2428 748 2451 munera
778 2413 901 2451 eidem
927 2414 1142 2452 discedenti
1170 2416 1338 2462 collata,
1369 2413 1427 2451 ad
1452 2414 1655 2451 calculum
1681 2415 1719 2450 si

286 2471 379 2519 quis
406 2476 574 2514 revocet,
613 2469 786 2506 excedere
813 2472 982 2506 inveniet
1011 2469 1138 2508 decem
1165 2473 1258 2508 auri
1285 2471 1519 2507 centenaria.
1573 2471 1718 2506 Proco—

287 2527 375 2575 pius
415 2526 443 2562 l.
473 2526 499 2563 2
535 2525 629 2561 bell.
658 2526 767 2562 Pers.
834 2527 913 2562 Has
951 2526 1126 2576 publicas
1167 2526 1414 2576 celebresque
1452 2537 1639 2575 pompas,
1679 2530 1719 2560 et

169 2589 195 2619 A
219 2586 265 2620 93
287 2581 423 2631 populi
454 2581 709 2631 equitationes
739 2586 776 2616 et
805 2593 985 2618 occursus
1013 2583 1182 2618 innuunt
1199 2582 1350 2618 Prasini
1380 2593 1468 2617 cum
1496 2581 1538 2616 iu
1565 2578 1716 2617 theatro

284 2635 388 2672 illud
418 2636 604 2673 obiiciunt
630 2636 868 2684 Iusfiniano,
912 2636 1007 2687 μίαν
1035 2636 1090 2684 εἰς
1117 2634 1190 2687 τήν
1216 2632 1332 2676 πόλιν
1359 2634 1595 2687 προέρχομαι
1621 2631 1718 2675 ὅταν

288 2691 346 2740 εἰς
373 2688 610 2746 βουρδώνην
637 2690 866 2744 καθέζομαι.
920 2691 1007 2732 εἴθε
1030 2689 1129 2744 μηδὲ
1157 2688 1242 2733 τότε
1267 2688 1556 2746 τρισαύγουστε.
1594 2698 1597 2702 ’
1619 2691 1717 2730 Tum
