1858 3126
287 181 317 223 2
326 178 349 223 1
357 179 386 223 2
874 174 1136 217 PROCOPII

281 289 459 341 ἐπάλξεις
478 287 666 346 πρότερον
693 278 814 337 οἷῗόας
838 288 962 327 λίθων
987 284 1135 341 ἐνθήκῃ
1155 286 1381 341 συναγαγὼν
1405 284 1637 342 ἄπὲσφιγξεν
1663 286 1702 327 ἐν

281 363 403 414 στενῷ
434 356 627 411 μάλιστα,
663 356 747 410 ἴχνη
779 354 916 402 αὖταῒς
933 352 1040 407 μόνα
1067 353 1105 401 ἐς
1123 354 1300 408 θυρίδων
1329 354 1527 396 ἀπολιπὼν
1556 357 1704 406 σχῆμα.

272 429 468 467 ’τοσοῦτον
493 426 536 465 δὲ
563 424 691 464 αὐτῶν
716 421 1019 476 συγκεχωρηκώς
1048 420 1270 475 ἀνεῳγέναι,
1305 418 1396 461 ὅσον
1423 421 1471 474 δὴ
1499 422 1563 461 καὶ
1589 427 1706 475 χεῖρα

282 493 430 542 διεῖναι,
466 492 531 532 καὶ
549 495 627 531 τῶν
646 487 892 541 τοξευμάτων
913 486 1070 536 ἐξόδους
1089 488 1150 527 ἐπὶ
1170 486 1262 534 τοὺς
1285 486 1533 540 ἐνοχλοῦντας
1550 487 1705 528 ἐνθένδε

231 568 261 602 C
283 562 504 613 λελεῖφθαι.
570 555 743 610 ὕπερθεν
775 556 817 595 δὲ
845 554 972 596 αὐτῶν
994 553 1099 606 ὕψος
1120 557 1175 610 τῷ
1204 552 1398 609 περιβόλῳ
1428 551 1736 606 ἐπετεχνήσατο5

279 626 319 674 ἐς
350 623 557 680 τριάκοντα
587 621 760 674 μάλιστα
787 619 935 672 πόδας,
971 621 1042 674 οὐχ
1072 620 1162 661 ὅλον
1189 620 1396 672 ἐνθέμενος
1419 620 1464 661 τὸ
1495 619 1621 672 πάχος
1651 623 1706 676 τῷ

278 693 408 744 τείχει,
436 689 490 739 ὡς
508 689 565 742 μὴ
589 693 666 730 τῶν
692 689 885 741 θεμελίων
902 692 950 743 τῇ
969 692 1044 730 τῶν
1066 688 1291 741 ἐγκειμένων
1314 687 1516 744 περιουσίᾳ
1533 690 1707 742 βαρυνο-

279 759 406 810 μὲνων
431 755 642 809 ἀνήκεστόν
661 773 698 797 τι
719 761 774 812 τῷ
798 755 896 811 ἔργῳ
918 756 1102 808 ξυμβαίη,
1126 753 1226 794 ἀλλὰ
1246 753 1314 794 τὸν
1331 754 1451 808 ἐκείνῃ
1470 753 1567 807 ἀέρα
1583 754 1708 794 λίθων

279 827 471 879 περιβολῇ
491 823 728 878 περιελίξας,
763 820 882 864 στοάν
913 839 953 863 τε
986 823 1024 863 ἐν
1052 821 1181 877 κύκλῳ
1203 825 1273 861 τοῦ
1294 818 1505 875 περιβόλου
1526 821 1709 875 περίδρο-

279 907 356 943 μον
380 888 654 945 ἐργασάμενος,
680 887 777 945 ὖπὲρ
798 906 838 930 τε
860 889 930 942 τὴν
948 888 1067 930 στοὰν
1084 888 1154 938 τὰς
1173 886 1349 936 ἐπάλξεις
1371 885 1580 939 ἐπιβαλὼν,
1611 885 1708 926 ὥστε
1721 894 1763 927 10

280 955 480 1012 διῶροφον
502 957 573 1009 μὲν
599 955 818 1010 πανταχόσε
844 957 888 997 τὸ
922 963 1046 1009 τεῖχος
1068 953 1183 1005 εἶναι,
1218 953 1319 995 κατὰ
1350 954 1392 994 δὲ
1418 953 1511 1002 τοὺς
1540 950 1712 1008 πύργους

279 1025 346 1064 καὶ
375 1029 478 1078 τρεῖς
503 1023 697 1077 γεγονέναι
716 1022 851 1078 χώρας
873 1027 949 1064 τῶν
969 1040 1011 1064 τε
1036 1022 1288 1074 ἀμυνομένων
1306 1024 1378 1062 τοῦ
1402 1017 1613 1075 περιβόλου
1645 1019 1712 1059 καὶ

278 1089 351 1138 τὰς
368 1090 431 1129 ἐπ’
455 1089 575 1130 αὐτὸν
598 1089 919 1144 ἀποκρουομένων
942 1087 1122 1144 ἐφόδους.
1163 1087 1261 1128 κατὰ
1284 1088 1428 1139 με’σους
1450 1085 1525 1142 γάρ
1545 1103 1598 1138 πη
1619 1085 1711 1134 τοὺς

279 1154 454 1211 πύργους
492 1155 702 1210 σφαιρικὸν
731 1160 864 1208 σχῆμα
899 1156 1103 1207 ἐνθέμενος
1140 1150 1261 1202 αὖθις
1293 1155 1467 1195 ἐνταῦθα
1499 1152 1710 1194 ἐντέθεικεν

280 1220 458 1271 ἐπάλξεις
478 1219 623 1276 ἐτέρας,
659 1220 882 1277 τριώροφον
903 1220 1025 1276 ταύτῃ
1047 1221 1091 1262 τὸ
1110 1226 1232 1273 τεῖχος
1249 1218 1579 1274 ἀπεργασάμενος.
1723 1228 1764 1262 15

229 1302 261 1337 1)
408 1287 569 1329 ’Ἐπειτα
593 1288 636 1328 δὲ
653 1289 945 1342 κατανενοηκὼς
966 1286 1025 1329 ὅτι
1046 1287 1094 1340 δὴ
1112 1289 1176 1327 καὶ
1194 1291 1249 1328 m*
1250 1304 1272 1327 ν
1287 1285 1444 1342 πύργων
1463 1282 1714 1341 διεφθάρθαι

281 1354 464 1404 πολλοὺς,
501 1349 599 1410 ᾗπὲρ
617 1372 684 1407 μοι
707 1355 877 1410 εἴρηται,
913 1355 1129 1407 ξυνηνέχθη
1149 1354 1188 1394 ἐν
1205 1352 1338 1409 χρόνῳ
1360 1353 1476 1408 ὀλίγῳ
1483 1383 1496 1402 ,
1532 1355 1712 1393 καθελεῖν

282 1422 354 1476 μέν
375 1421 519 1470 αὐτοὺς
538 1419 591 1469 ὥς
612 1420 753 1475 ἣκιστα
780 1419 897 1474 εἶχεν,
935 1422 974 1462 ἐν
998 1419 1176 1474 γειτόνων
1201 1419 1260 1460 ἀεὶ
1279 1423 1357 1460 τῶν
1377 1420 1570 1471 πολεμίων
1591 1417 1712 1459 ὄντων

283 1491 350 1530 καὶ
379 1487 773 1544 καιροφυλακούντων
798 1505 838 1529 τε
866 1489 930 1529 καὶ
952 1488 1119 1540 διηνεκὲς
1139 1485 1365 1539 ἷχνευόντων
1385 1486 1425 1526 εἶ’
1442 1501 1533 1527 ποτε
1551 1489 1622 1527 τοῦ
1643 1500 1711 1526 rte-'-

284 1554 447 1611 ριβόλου
479 1556 622 1609 μοίρας
645 1555 861 1608 ἀτειχίστου
893 1554 998 1603 τινὸς
1028 1556 1217 1606 ἐπιτυχεῖν
1241 1551 1320 1594 οἶοί
1341 1570 1382 1594 τε
1414 1547 1530 1593 ὦσιν·
1567 1550 1767 1594 ἐπενόειΞΟ

284 1623 327 1663 δὲ
358 1619 466 1662 τάδε.
534 1620 697 1670 τούτους
720 1623 790 1674 μὲν
815 1621 906 1671 τοὺς
926 1621 1098 1677 πύργους
1125 1620 1247 1661 αὐτοῦ
1278 1619 1422 1669 εἴασεν,
1458 1617 1644 1660 ἔκτοσθεν
1671 1619 1715 1659 δὲ

285 1687 415 1730 αὐτῶν
445 1686 612 1729 ἑκάστου
646 1690 875 1741 οἰκοδομίαν
907 1688 994 1730 τινὰ
1024 1686 1156 1742 ἑτέραν
1190 1687 1381 1741 ἐμπείρως
1414 1686 1454 1727 ἐν
1485 1683 1714 1742 τετραγώνῳ

283 1756 486 1806 ἐδείματο,
525 1754 743 1810 ἀσφαλείας
771 1772 810 1796 τε
842 1757 906 1796 καὶ
942 1759 1012 1808 τῆς
1047 1753 1168 1807 ἄλλης
1207 1754 1423 1805 ἐπιμελείας
1458 1746 1500 1793 εὖ
1533 1751 1712 1804 ἔχουσαν,

284 1819 410 1876 ταύτῃ
442 1838 483 1862 τε
526 1822 619 1870 τοὺς
651 1820 917 1874 πεπονηκότας
959 1826 1037 1862 τῶν
1066 1822 1205 1872 τοίχων
1246 1819 1409 1874 ἐρύματι
1443 1818 1560 1876 ἑτέρῳ
1592 1820 1631 1868 ἐς
1665 1819 1710 1860 τὸ

286 1888 462 1944 ἀσφαλὲς
488 1888 714 1942 ἐτειχίσατο.
783 1889 849 1929 ἕνα
874 1889 916 1929 δέ·
942 1888 1070 1931 αὐτῶν
1088 1888 1154 1929 τὸν
1178 1885 1416 1941 καλούμενον
1440 1890 1511 1941 τῆς
1532 1890 1765 1942 φρουρᾶςΞΕ

283 2048 389 2081 traxit
404 2048 567 2092 lapidibus
581 2048 710 2090 inditis,
734 2048 883 2092 adeoque
906 2048 1068 2087 arctavit,
1091 2050 1128 2080 ut
1145 2047 1215 2080 sola
1229 2047 1310 2091 ipsis
1325 2045 1497 2090 reliquerit
1510 2045 1654 2088 vestigia
1667 2044 1710 2078 ad

284 2093 414 2125 modum
430 2093 671 2125 t'enestellarum
682 2117 692 2132 ‚
716 2104 777 2125 nec
803 2094 863 2126 nisi
883 2098 1009 2126 tantum
1035 2096 1211 2136 aperturae
1235 2092 1382 2134 dederit,
1407 2095 1561 2134 quantum
1584 2090 1712 2123 sufficit

282 2136 469 2170 exerendae
495 2137 623 2177 manui,
646 2138 880 2181 mittendisque
902 2137 980 2170 inde
1001 2138 1076 2169 telis
1099 2137 1131 2169 in
1156 2147 1381 2179 aggressores.
1425 2136 1564 2179 Insuper
1589 2135 1712 2167 adiecit

281 2192 374 2215 muro
389 2181 509 2226 pedum
521 2182 592 2215 fere
607 2181 743 2224 triginta
757 2181 959 2215 altitudinem
973 2194 982 2213 ε
1005 2187 1041 2214 at
1061 2190 1124 2214 non
1151 2181 1350 2214 continuavit
1366 2180 1610 2214 crassitudinem
1624 2179 1710 2212 inte-

281 2236 398 2270 gram3
423 2237 465 2258 ne
486 2227 715 2269 praegravatis
740 2226 837 2260 nimio
863 2226 1008 2271 pondere
1029 2226 1268 2267 fundamentis,
1290 2226 1396 2258 dirum
1411 2224 1532 2268 aliquid
1547 2223 1712 2257 accideret

283 2270 393 2315 operi:
418 2270 475 2303 sed
491 2270 708 2303 imminentem
725 2274 834 2304 aerem
853 2271 983 2315 lapidea
999 2271 1186 2314 complexus
1200 2270 1345 2311 fabrica,
1369 2281 1409 2303 ac
1431 2269 1593 2314 porticum
1616 2268 1710 2302 moli-

282 2320 337 2348 tus
352 2314 441 2347 circa
457 2325 566 2347 muros
582 2316 751 2349 meabilem
765 2342 774 2357 ‚
799 2316 874 2349 huie
898 2316 1013 2360 pinnas
1036 2316 1200 2360 imposuit.
1246 2316 1322 2356 Quo
1344 2315 1384 2348 fit
1407 2321 1445 2347 ut
1460 2313 1588 2346 moenia
1603 2313 1712 2357 dupli-

284 2370 354 2393 cem
370 2359 648 2402 contignationem
665 2361 786 2404 ubique
800 2361 951 2394 habeant.
998 2361 1035 2393 In
1057 2361 1203 2393 turribus
1225 2371 1306 2393 vero
1327 2364 1394 2392 tres
1417 2362 1495 2391 sunt
1517 2357 1598 2398 loci,
1622 2357 1711 2391 unde

281 2408 544 2450 propugnatores
565 2416 585 2437 a
608 2405 707 2438 muris
723 2405 856 2438 hostiles
871 2405 1099 2449 impressiones
1114 2405 1286 2449 repellant.
1331 2403 1449 2438 Mediis
1463 2403 1546 2436 enim
1563 2402 1711 2435 turribus

282 2448 455 2482 rotundum
470 2459 550 2492 opus
566 2450 726 2490 attexuit,
750 2450 896 2494 aliasque
909 2450 989 2483 fecit
1003 2450 1037 2483 in
1053 2461 1093 2484 eo
1108 2450 1222 2494 pinnas
1233 2474 1243 2491 ,
1266 2448 1313 2482 ita
1328 2454 1367 2481 ut
1380 2447 1428 2482 ibi
1448 2458 1574 2481 murum
1588 2446 1711 2492 triplici

283 2492 530 2535 contignatione
545 2493 744 2527 distinxerit.

371 2537 499 2570 Deinde
514 2538 665 2580 cogitans
678 2543 788 2572 turres
802 2538 922 2571 multas
937 2539 1031 2572 brevi
1046 2542 1110 2572 tem
1155 2550 1203 2580 re,
1218 2542 1256 2571 ut
1267 2537 1347 2578 dixi,
1362 2537 1482 2571 fecisse
1497 2536 1622 2579 vitium,
1637 2536 1710 2570 inas

281 2581 413 2626 quidem
428 2593 491 2614 non
506 2587 558 2615 est
573 2593 672 2615 ausus
682 2583 828 2616 diruere:
846 2587 1025 2627 propterea
1041 2550 1255 2627 quoffiostes
1271 2595 1290 2616 e
1304 2584 1490 2627 propinquo
1505 2593 1634 2635 semper
1646 2581 1710 2614 im—

281 2627 447 2660 minebant
462 2627 636 2668 occasioni,
648 2632 683 2660 et
699 2628 920 2661 observabant
931 2634 1102 2672 partemne
1111 2628 1295 2672 quampiam
1308 2628 1484 2671 aliquando
1495 2637 1642 2672 perwam
1654 2626 1708 2660 of-

281 2671 470 2705 fenderent:
489 2671 546 2705 sed
561 2671 669 2704 animo
685 2672 732 2705 ita
748 2671 905 2716 providit.
927 2673 992 2706 His
1006 2672 1151 2706 turribus
1163 2673 1195 2705 in
1211 2683 1275 2716 quo
1291 2678 1387 2705 erant
1403 2676 1490 2705 statu
1502 2671 1636 2712 relictis,
1649 2681 1706 2703 ex-

280 2720 337 2749 tra
352 2715 495 2758 singulas
509 2715 599 2749 aliud
613 2716 777 2760 quoddam
793 2727 877 2760 opus
892 2716 976 2750 scite
987 2717 1200 2761 praestruxit,
1213 2717 1371 2761 quadrata
1386 2718 1501 2756 forma,
1514 2716 1655 2749 validum
1671 2717 1706 2747 et

281 2765 482 2794 accuratum.
506 2760 780 2796 Parietesitidem
791 2762 944 2796 ruinosos
954 2761 1061 2797 altero
1077 2763 1275 2798 munimento
1287 2762 1439 2797 firmavit.
1464 2762 1572 2795 Unum
1585 2764 1705 2801 autem,
