1800 3126
259 133 355 177 522

301 250 411 273 rarum
427 240 453 283 Ι,
472 241 549 286 443,
578 244 630 277 10.
651 244 755 278 Tusci
779 245 894 279 rustici
906 245 951 287 ΙΙ,

298 286 376 326 571,
402 287 432 320 8.

249 330 447 363 Praefectus
470 331 590 364 aerarii
616 332 644 373 1,
667 334 723 374 79,
749 334 780 367 7.
800 334 878 375 353,
893 336 950 369 20.

294 374 492 409 Praefectus
559 376 678 409 aerarii
752 379 949 414 castrensis:

293 421 372 452 vide
398 420 564 459 Quaestor
589 421 763 456 exercitus.

247 463 445 497 Praefectus
501 465 657 499 custodiis
714 467 875 501 Palatinis
919 469 949 510 Ι,

246 552 445 586 Praefectus
462 554 576 587 Praet.
603 554 737 588 Africae
764 556 947 591 Archelaus

291 597 319 636 Ι,
343 599 420 638 3130,
451 599 503 631 16.
533 599 728 633 Athanasius
755 601 782 642 1,
813 602 892 645 513,
915 605 946 637 8.

291 643 507 684 Symmachus
538 643 564 682 Ι,
586 643 665 684 482,
693 646 745 679 20.

245 686 440 720 Praefectus
470 688 579 721 Praet.
607 689 734 732 lllyrici
760 690 945 725 Archelaus

290 732 318 772 Ι,
349 733 427 773 360,
458 733 510 766 16.

245 777 439 809 Praefectus
461 777 575 811 Praet.
604 779 722 813 Italiae
745 781 945 815 Athanasius

287 821 333 861 ΙΙ,
363 823 442 863 238,
471 824 503 856 2.
535 823 684 858 Fidelius
707 826 750 867 ΙΙ,
784 828 859 867 101,
891 827 943 860 15.

288 865 486 945 Μωιίιιὶἷιιυε
510 867 541 900 ΙΙ
556 869 666 911 ,302,
687 871 738 904 14.
757 871 946 916 Reparatus

287 910 332 950 ΙΙ,
357 912 401 944 23
427 937 435 951 ,
463 914 516 946 11.

243 953 445 990 Praefectus
485 958 598 990 Praet.
623 958 773 992 Orientis
805 960 945 993 Ioannes

288 1000 471 1045 Cappadox
504 1004 534 1042 1,
568 1004 641 1044 121,
674 1006 725 1037 15.
757 1005 884 1038 Phocas
914 1006 941 1046 Ι,

287 1045 362 1083 123,
391 1046 422 1078 5.
453 1045 571 1079 iterum
595 1048 733 1081 Ioannes
758 1049 782 1088 Ι,
812 1051 887 1091 130,
909 1053 939 1084 1.

238 1088 435 1123 Praefectus
461 1091 571 1124 Praet.
600 1092 721 1126 dicitur
751 1095 894 1127 Praetor
910 1095 939 1139 Ι,

282 1134 359 1170 353,
391 1137 445 1167 20.

235 1177 433 1212 Praefectus
469 1180 560 1213 urbis
588 1181 620 1214 in
650 1186 763 1216 sontes
791 1183 939 1217 animad-

281 1223 387 1256 vertit
411 1225 436 1265 Ι,
466 1227 542 1266 120,
573 1228 627 1260 19.

236 1266 424 1301 Praeiecta:
456 1271 535 1303 vidc
562 1271 727 1305 proiecta.

235 1312 398 1346 Praelium
426 1314 583 1348 Mindone
606 1317 633 1357 Ι,
659 1319 714 1356 60,
739 1319 793 1351 20.
819 1318 860 1351 ad
878 1330 934 1351 ur-

280 1358 351 1391 bem
379 1359 503 1392 Daram
525 1363 734 1395 memorabile
761 1363 788 1400 Ι,
807 1365 862 1402 61,
881 1366 934 1398 16.

277 1409 311 1436 et
335 1415 401 1447 seq.
426 1404 469 1437 ad
496 1405 600 1449 ripam
628 1407 807 1451 Euphratis
832 1409 859 1448 1,
876 1410 932 1450 93,

277 1448 329 1481 13.
350 1454 383 1481 et
399 1461 466 1492 scq.
498 1450 540 1482 ad
557 1451 705 1484 Satalam
727 1453 758 1485 in
780 1454 932 1486 Armenia

273 1492 302 1531 Ι,
315 1494 367 1532 76,
383 1494 414 1526 6.
429 1495 546 1527 navale
557 1496 589 1527 in
603 1497 717 1530 Africa
733 1497 761 1537 1,
780 1498 855 1537 338,
876 1500 928 1532 16.

274 1540 434 1570 terrestre
461 1550 534 1572 cum
566 1541 724 1574 Vandalis
738 1542 766 1581 Ι,
783 1543 859 1583 421,
878 1544 929 1576 10.

274 1593 346 1614 cum
364 1582 489 1615 Mauris
515 1585 548 1625 1,
571 1585 653 1625 457,
679 1587 712 1619 3.
741 1597 813 1619 cum
840 1587 930 1619 sedi-

274 1626 369 1659 tiosis
395 1627 418 1666 Ι,
439 1629 516 1667 488,
541 1630 574 1663 6.
594 1631 654 1662 sub
671 1631 839 1663 moenibus
858 1632 928 1664 Ro-

275 1682 348 1703 mae
369 1683 439 1704 cum
452 1673 590 1706 Gotthis
608 1675 651 1715 11,
669 1677 723 1715 87,
733 1676 765 1708 4.
784 1676 859 1716 137,
873 1678 926 1710 11.

273 1716 317 1747 ad
337 1716 394 1748 flu.
416 1717 539 1750 Padum
570 1719 614 1759 ΙΙ,
637 1720 716 1759 297,
736 1720 767 1752 4.
786 1720 869 1761 298,
897 1722 927 1754 1.

273 1760 499 1802 Mucellaell,
515 1764 594 1802 300,
610 1765 642 1797 2.
661 1764 702 1796 ad
714 1764 862 1797 Tiberim
882 1765 926 1805 ΙΙ,

273 1806 362 1847 357,
394 1806 422 1838 6.
448 1806 479 1839 in
511 1807 632 1841 Lazica
661 1808 705 1849 ΙΙ,
729 1809 806 1850 493,
827 1811 859 1844 2.
895 1814 928 1843 ct

275 1862 342 1895 seq.
374 1852 490 1884 navale
516 1863 587 1885 cum
617 1853 755 1886 Gotthis
781 1854 831 1895 ΙΙ,
849 1855 926 1895 582,

274 1894 304 1928 5.
333 1901 366 1928 et
388 1907 453 1940 seq.
481 1907 553 1930 cum
579 1897 693 1930 Totila
710 1899 753 1938 Il,
770 1899 847 1940 621,
870 1902 923 1934 11.

273 1945 386 1984 etseq.
414 1952 484 1973 cum
511 1941 600 1975 Tei'a
615 1943 658 1976 ΙΙ.
676 1944 753 1983 639,
782 1945 834 1977 17.
857 1957 924 1988 seq.

225 1983 437 2018 Praenestina
463 1991 556 2029 porta
586 1987 681 2021 Rom.
713 1989 765 2028 ΙΙ,
799 1989 861 2030 92,
891 1990 923 2023 6.

271 2030 324 2065 93.
350 2032 404 2064 22.
426 2031 479 2073 96,
502 2031 534 2065 6.
560 2032 691 2066 vivario
708 2033 861 2078 proxima
875 2033 925 2077 11,

223 2117 439 2162 Pra,scriptio
471 2131 627 2154 annorum
643 2122 782 2166 triginta
801 2125 923 2166 negata

268 2163 423 2196 Vandalis
445 2166 486 2198 ab
514 2167 661 2199 Honorio
686 2167 713 2208 Ι,
739 2168 816 2208 319,
852 2169 903 2202 12.

221 2218 411 2251 Praesidius
434 2230 454 2252 a
491 2220 710 2255 Constantino
746 2222 919 2266 spoliatus,

266 2263 464 2342 {35elisarium
491 2265 559 2299 adit
584 2267 621 2308 Ι,
650 2269 733 2312 178,
758 2267 812 2302 14.
843 2269 919 2303 179.

220 2363 504 2443 Ριῗειέἑδάἰέἰὸυι·
525 2366 723 2401 Praefectus
744 2367 919 2402 Praetorio

285 2433 295 2448 ‚
386 2433 396 2450 ‚
466 2436 473 2445 .

219 2465 444 2543 Prareltogianiz
473 2467 552 2501 vide
566 2468 779 2503 Protectores
801 2473 836 2504 et
853 2471 919 2504 Sa-

263 2515 297 2542 te
324 2522 333 2542 ι
352 2522 400 2543 es.

151 2561 158 2565 ’
214 2566 431 2601 νΙ)“ι·ειειίιιοι·ιιῐιι
456 2567 557 2601 factio
579 2569 608 2611 Ι,
632 2569 707 2611 119,
726 2570 778 2605 15.
796 2570 826 2604 ei
842 2575 916 2604 stu-

266 2611 338 2645 duit
362 2612 532 2646 chosroes
550 2616 727 2658 Apameae,
751 2616 828 2659 quia
845 2617 915 2649 Ve-

265 2661 362 2690 netae
385 2657 583 2691 Iustinianus
598 2660 735 2694 favebat
750 2661 775 2700 Ι,
791 2661 867 2702 204,
883 2662 916 2704 5,

219 2700 370 2734 Prebalis
398 2703 450 2735 vel
484 2704 627 2738 Precalis
641 2706 733 2750 regio
748 2706 794 2750 ΙΙ,
809 2708 865 2750 80,
883 2707 915 2741 5.

220 2745 390 2780 I‘reiecta:
419 2749 497 2783 vide
521 2749 687 2786 Proiecta.

706 138 885 182 lNDEX
918 110 1247 188 HISTORICUS

997 248 1201 290 Presbytero
1240 252 1276 282 et
1318 251 1489 298 Episcopo
1524 266 1694 291 commune

1041 293 1222 326 sacerdotis
1258 306 1373 330 nomen
1398 300 1426 339 Ι,
1453 300 1529 340 135,
1552 302 1586 335 7.

995 335 1136 380 Priapus
1165 349 1185 371 a
1207 338 1384 382 Blemybus
1404 348 1438 378 et
1454 343 1596 379 Nobatis
1611 346 1692 379 coli-

1040 386 1094 414 tur
1120 382 1146 419 Ι,
1173 383 1246 423 104,
1273 385 1307 418 3.

994 425 1180 470 Principius
1197 427 1344 462 Belisarii
1361 431 1537 466 Protector
1549 433 1595 473 ΙΙ,
1613 434 1690 475 133,

1037 472 1240 550 ΊΞωῐοΞῐίῐει·
1270 485 1419 518 pugnans
1450 478 1615 512 occumbit
1643 479 1690 519 ΙΙ,

1041 518 1056 549 1
1106 541 1116 557 ,
1168 541 1175 549 .

993 561 1116 601 Proba,
1159 565 1309 594 matrona
1349 563 1517 606 Romana,
1555 567 1687 600 Alarico

1036 606 1148 639 urbem
1188 607 1374 650 prodidisse
1399 610 1508 643 fertur
1535 610 1574 653 1,
1607 612 1688 654 316,

989 706 1119 739 Probus
1143 707 1309 740 Anastasii
1332 708 1418 751 Aug.
1441 721 1482 742 ex
1499 714 1613 743 sorore
1627 721 1687 743 ne·-

1034 762 1096 794 pos
1121 756 1155 784 et
1172 752 1344 793 Patricius,
1374 753 1492 787 Iustini
1516 757 1601 798 Aug.
1630 754 1684 788 le·-
1731 759 1734 762 ’

1035 803 1133 838 gatus
1159 797 1187 838 Ι,
1213 798 1268 837 57,
1299 799 1350 832 14.

990 851 1126 884 Proclus
1154 853 1341 894 Quaestor,
1371 853 1425 886 vir
1445 854 1684 897 integerrimus,

1034 896 1243 940 adoptionem
1276 899 1435 932 Chosrois
1459 899 1628 935 dissuadet
1657 899 1685 942 Ι,

1034 941 1089 983 52,
1118 943 1151 975 7.
1183 943 1238 984 53,
1270 944 1324 977 17.

989 997 1174 1041 Procopius
1201 998 1439 1042 Caesariensis,
1457 1003 1572 1034 auctor
1587 999 1682 1034 huius

1029 1041 1203 1075 Historiae
1224 1044 1258 1085 Ι,
1299 1046 1351 1084 10,
1384 1046 1414 1078 1.
1444 1045 1539 1078 testis
1570 1046 1682 1078 ocula-

1028 1091 1083 1119 tus
1107 1098 1225 1128 rerum,
1255 1099 1337 1131 quas
1361 1089 1493 1133 scripsit
1508 1090 1536 1130 Ι,
1555 1091 1606 1132 10,
1626 1090 1680 1130 15.

1028 1132 1231 1165 consiliarius
1261 1133 1422 1167 Belisarii.
1453 1136 1535 1168 ibid.
1567 1135 1622 1174 60,
1647 1135 1679 1168 1.

1026 1176 1104 1216 370,
1130 1178 1160 1210 8.
1186 1176 1276 1210 illum
1301 1178 1334 1210 in
1356 1178 1498 1212 Africam
1516 1178 1679 1222 sequitur,

1025 1221 1068 1253 ad
1095 1221 1129 1253 id
1153 1222 1276 1254 somnio
1308 1223 1466 1257 animatus
1491 1223 1518 1263 Ι,
1541 1223 1619 1264 363,
1645 1224 1677 1257 2.

1025 1265 1213 1308 Syracusas
1239 1266 1281 1298 ab
1307 1279 1346 1300 eo
1377 1267 1501 1308 missus,
1523 1267 1679 1320 mandata.

1023 1311 1678 1402 Σῗῗέθῖεἱοῖᾓὲᾓἓξῑέὗίἓῖίὲτεῖέᾱζιιίῖονιίῗ

1022 1400 1158 1433 ctoriam
1190 1400 1352 1433 Belisario
1384 1402 1420 1442 Ι,
1444 1403 1528 1442 378,
1545 1403 1578 1436 2.
1605 1402 1676 1435 fer-

1021 1450 1121 1476 vente
1145 1444 1307 1478 seditione
1335 1445 1466 1489 elapsus
1494 1446 1674 1489 Carthagi-

1020 1499 1071 1527 ne,
1096 1490 1281 1531 Syracusas
1312 1491 1458 1533 navigat,
1489 1495 1523 1523 et
1546 1490 1673 1524 Belisa-

1019 1532 1101 1566 rium
1123 1533 1192 1566 adit
1211 1534 1238 1576 Ι,
1270 1534 1347 1572 475,
1372 1536 1405 1568 4.
1429 1535 1595 1578 Neapolin
1629 1536 1671 1568 ab

1017 1577 1088 1621 ipso
1119 1578 1237 1611 missus
1264 1578 1315 1618 ΙΙ,
1347 1580 1432 1617 158,
1465 1581 1518 1614 23.
1551 1579 1671 1613 milites

1019 1623 1145 1665 colligit
1175 1627 1209 1655 et
1233 1623 1368 1656 classem
1403 1629 1498 1656 curat
1519 1624 1564 1665 ΙΙ,
1595 1625 1670 1667 162,

1017 1667 1049 1699 6.
1080 1667 1113 1699 ἱιι
1148 1666 1322 1699 obsidione
1352 1668 1480 1700 Auximi
1510 1668 1670 1702 Belisario

1018 1710 1158 1744 militare
1188 1711 1356 1744 consilium
1373 1712 1430 1744 dat
1453 1713 1498 1754 ΙΙ,
1518 1713 1595 1754 241,
1610 1713 1665 1750 24.

1017 1762 1142 1800 pestem
1170 1756 1323 1798 Byzantii
1349 1762 1557 1799 grassantem
1585 1758 1669 1792 vidit

1019 1802 1049 1841 1,
1073 1802 1148 1841 251,
1170 1803 1202 1834 4.
1223 1801 1466 1845 Cappadociam
1495 1807 1529 1836 et
1549 1803 1669 1837 Arme-

1016 1845 1099 1878 niam
1117 1846 1197 1878 0b3it
1218 1846 1246 1885 Ι,
1263 1847 1317 1886 8¹4,
1333 1847 1364 1879 6.
1389 1846 1559 1889 pollicetur
1581 1848 1666 1886 scri-

1014 1896 1146 1934 pturum
1178 1901 1212 1923 sc
1243 1891 1284 1922 de
1315 1892 1546 1925 controversiis
1587 1893 1666 1926 reli-

1014 1935 1120 1978 gionis
1147 1935 1354 1968 Christianae
1383 1937 1426 1976 ΙΙ,
1456 1937 1541 1980 594,
1567 1937 1599 1971 6.
1623 1938 1666 1971 de

1014 1980 1065 2013 his
1091 1992 1131 2012 ac
1153 1980 1226 2021 deo,
1259 1979 1362 2023 ipsius
1378 1979 1530 2014 iudicium
1548 1981 1662 2024 11‚-17‚

1013 2026 1068 2058 20.
1095 2025 1244 2058 Francos
1277 2025 1397 2068 optime
1423 2025 1464 2058 de
1490 2025 1553 2058 deo
1585 2037 1664 2060 sen-

1012 2070 1077 2102 tire
1113 2069 1232 2102 asserit
1263 2069 1316 2112 11,
1340 2071 1403 2111 27,
1436 2070 1488 2104 14.
1519 2071 1574 2110 70,
1609 2071 1663 2105 15.

1012 2114 1270 2147 Christianorum
1328 2114 1457 2147 nomine
1515 2115 1662 2149 excludit

1011 2159 1160 2201 Arianos,
1179 2158 1326 2201 aliosque
1338 2159 1536 2192 Haereticos
1547 2159 1573 2202 Ι,
1583 2161 1662 2195 398.

1013 2205 1066 2237 19.
1077 2209 1109 2237 et
1126 2204 1218 2237 alibi.
1242 2203 1355 2236 eiusin
1371 2200 1542 2241 scribendo
1558 2205 1661 2238 liber-

1007 2253 1061 2281 tas
1085 2249 1122 2287 Ι,
1148 2249 1208 2289 10,
1243 2249 1295 2282 19.
1326 2248 1370 2291 ΙΙ,
1396 2247 1472 2290 537,
1498 2250 1551 2284 16.
1581 2250 1658 2291 538,

1007 2294 1039 2327 9.
1070 2293 1150 2336 quid
1174 2293 1316 2326 senserit
1339 2293 1381 2326 de
1403 2293 1515 2326 divina
1541 2294 1661 2327 Provi-

1008 2337 1118 2370 dentia
1148 2338 1184 2379 Ι,
1208 2338 1294 2378 195,
1328 2338 1380 2372 13.
1403 2337 1509 2380 384,·
1526 2340 1579 2373 14.
1613 2339 1657 2380 ΙΙ,

1007 2384 1084 2424 270,
1112 2383 1164 2417 12.
1193 2383 1279 2422 329,
1317 2383 1367 2417 12.
1399 2382 1476 2426 quid
1507 2382 1550 2416 de
1571 2383 1658 2417 For-

1007 2431 1088 2460 tuna
1112 2428 1138 2467 1,
1163 2428 1238 2463 193.
1263 2427 1317 2461 22.
1348 2427 1426 2467 523,
1459 2428 1491 2467 7,
1523 2427 1600 2472 589,
1620 2430 1655 2463 3.

1008 2473 1086 2514 631,
1117 2471 1167 2506 14.
1193 2471 1316 2504 Christi
1338 2472 1378 2504 ad
1403 2474 1568 2513 Augurum
1599 2472 1655 2506 lit-

1002 2517 1084 2550 teris
1108 2517 1145 2558 Ι,
1173 2517 1262 2555 209,
1286 2517 1318 2550 9.
1328 2515 1384 2552 ,de
1407 2517 1492 2550 bello
1521 2517 1655 2551 Vanda-

1003 2562 1065 2595 lico
1090 2561 1117 2599 Ι,
1143 2559 1221 2599 441,
1243 2561 1276 2594 3.
1301 2561 1342 2593 de
1358 2561 1490 2606 Christo
1505 2566 1538 2595 et
1553 2562 1654 2596 Chri-

1005 2607 1117 2640 stianis
1156 2605 1333 2638 honorifice
1371 2606 1535 2651 loquitur:
1574 2608 1654 2642 vide

1003 2651 1095 2684 lesus
1118 2658 1152 2685 et
1167 2650 1356 2684 Christiani.

961 2707 1113 2750 Prodigia
1139 2707 1172 2747 1,
1197 2707 1286 2746 195,
1311 2707 1341 2740 1.
1372 2707 1457 2748 341,
1487 2708 1548 2748 17,
1571 2708 1653 2752 416,

1007 2753 1060 2786 11.
1091 2751 1136 2796 11,
1158 2752 1213 2797 45,
1246 2753 1298 2786 ιο.
1326 2751 1593 2796 534‚3,540,3.
