1858 3126
548 163 818 209 HISTORIA
851 163 1065 208 ARGANA
1108 163 1186 210 26.
1502 165 1598 213 147

135 281 176 333 ἒς
191 279 345 338 ἡμέραν
367 276 537 339 ἑκάστῳ.
607 274 712 334 ἦσαν
734 281 778 323 δὲ
797 274 908 325 οὗτοι
926 283 1189 335 παμπληθεῖς
1209 278 1324 335 ἄγαν.
1394 279 1435 323 οῗ
1453 298 1493 324 τε
1517 282 1603 339 γὰρ-

131 348 386 405 σιλεντιάριοι
415 347 653 403 καλούμενοι
683 351 749 392 καὶ
778 351 1005 404 δομε’στικοι
1036 351 1103 392 καὶ
1135 348 1346 406 σχολάριοι
1380 349 1422 391 ἕν
1458 349 1597 400 αὗτοῖς

129 412 246 474 ἦσαν,
282 415 344 468 οἷς
374 418 424 473 δὴ
459 417 558 460 ἄλλο
591 419 707 461 οὐδὲν
733 416 988 461 ὖπελέλειπτο
1015 417 1042 474 ἢ
1068 418 1113 461 τὸ
1139 423 1212 473 τῆς
1231 419 1444 475 στρατείας
1464 417 1595 473 ὄνομα

127 485 264 542 μόνον,
299 488 366 528 καὶ
384 485 410 541 ἦ
427 485 615 538 σύνταξις
637 486 738 543 αὕτη
761 487 802 538 ἒς
819 487 864 530 τὸ
885 487 1038 542 ἀποζῆν
1064 488 1285 545 ἀποχρῶσα
1299 485 1425 542 μόλις.
1440 488 1590 540 αὐτοῖς,
1614 488 1649 524 D

94 554 229 613 ὄᾶπερ
249 554 291 605 ἔς
308 573 350 598 τε
369 557 518 606 παῖδας
537 558 605 598 καὶ
629 555 852 612 ἀπογόνους
874 556 1117 612 Θευδὲριχος
1142 557 1291 607 αὐτοὺς
1311 557 1599 614 παραπέμπειν,

125 624 315 667 ἐκέλευσε.
382 631 466 675 τοῖς
486 642 528 668 τε
548 621 836 682 προσαιτηταῒς
853 624 899 666 οἳ
911 624 1024 680 παρὰ
1043 624 1112 667 τὸν
1131 626 1295 683 Πέτρου
1317 630 1391 669 τοῦ
1414 624 1594 668 ἀποστό-

123 695 197 735 λου
212 692 312 736 νεών
331 694 488 736 δίαιταν
511 692 616 748 εἶχον
623 726 636 746 ,
671 695 917 751 τρισχιλίους
941 695 1053 736 σίτου
1077 695 1296 748 μεδίμνους
1320 701 1509 751 χορηγεῖν
1529 695 1592 737 ἀεὶ

121 760 167 804 τὸ
190 761 385 816 δημόσιον
414 762 491 804 ἀνὰ
512 769 591 805 πᾶν
619 762 707 813 ε’τος
730 761 938 820 διώρισεν·
1006 761 1108 818 ἅπερ
1132 762 1304 812 ἅπαντες
1320 757 1432 805 οὗτοι
1455 766 1590 818 διαγε-

119 827 261 886 γόνασι
289 830 539 886 κομιζόμενοι
574 832 649 882 ἕως
671 832 934 888 Ἀλέξανδρος
968 828 988 873 ὃ
1019 833 1213 885 ’ψαλίδιος
1243 833 1284 881 ἐς
1316 831 1390 886 τὴν
1416 831 1589 874 Ἰταλίαν

66 906 110 944 10
122 899 300 956 ἄφίκετο.
367 898 501 943 πάντα
519 901 598 958 γὰρ
628 901 752 952 εὐθὺς
769 894 886 951 οὗτος
906 898 927 942 ὅ
951 899 1052 957 ἀνὴρ
1077 898 1236 955 ὀκνήσει
1262 899 1432 959 οὐδεμιᾷ
1455 917 1590 956 περιε·

117 971 200 1011 λεῖν
223 968 334 1024 ἔγνω.
401 974 532 1012 ταῦτα
548 967 1212 1024 μαθώνἸουστινιανόςῬωμαίων
1232 967 1495 1026 αὐτοκράτωρ
1514 967 1587 1023 τήν

115 1053 160 1080 τε
189 1041 335 1094 πρᾶξιν
361 1037 593 1095 προσήκατο
622 1037 774 1094 ταύτην
806 1040 874 1081 καὶ
906 1038 977 1081 τὸν
1005 1037 1271 1095 Ἀλέξανδρον
1298 1037 1354 1081 ἔτι
1382 1041 1538 1092 μᾶλλον
1558 1036 1588 1093 ἢ

114 1103 309 1163 πρότερον
341 1107 410 1149 διὰ
443 1113 564 1163 τιμῆς
595 1107 720 1164 ἴσχεν.
791 1109 832 1150 ἐν
861 1106 988 1164 ταύτῃ
1006 1107 1270 1165 Ἀλέξανδρος
1288 1112 1338 1164 τῇ
1355 1108 1498 1166 πορεία
1517 1108 1586 1149 καὶ

113 1174 416 1231 τοῦςἛλληνας
434 1176 647 1234 εῗργάσατο
666 1175 777 1220 τάδε.
818 1181 892 1220 τοῦ
916 1176 957 1219 ἔν
985 1174 1273 1233 Θερμοπύλαις
1305 1177 1585 1233 φυλακτηριόυ

59 1243 154 1286 15οἶ
174 1244 225 1286 τὰ
248 1245 372 1302 ε’κείνῃ
394 1251 660 1303 γεωργοῦντες
675 1246 808 1303 χωρία
833 1247 875 1288 ἐκ
897 1249 1075 1287 παλαιοῦ
1093 1246 1370 1299 ἐπεμελοῦντο,
1406 1246 1449 1286 ἔκ
1467 1262 1582 1301 περι-
1606 1249 1637 1285 V
1656 1251 1728 1287 332

89 1323 93 1327 ⁴
112 1316 265 1369 τροπῆς
278 1329 320 1355 τε
343 1313 388 1355 τὸ
410 1316 590 1357 ἐνταῦθα
608 1321 738 1367 τεῖχος
758 1313 1003 1370 ἐφύλασσον,
1037 1312 1154 1367 ἡνίκα
1175 1314 1225 1367 δὴ
1249 1312 1398 1369 ἔφοδος
1415 1311 1581 1369 βαρβά-
1603 1319 1634 1354 Ρ
1657 1322 1705 1357 77

112 1397 196 1438 ρων
214 1386 332 1423 τινῶν
356 1379 411 1432 ὥς
433 1380 648 1437 ἐπισκήψει
674 1384 715 1431 ἒς
739 1381 813 1436 τὴν
836 1379 1148 1436 Πελοπόννησον
1165 1383 1349 1431 ἐπίδοξος
1370 1375 1432 1436 ἦν.
1485 1381 1580 1423 ἀλλ’

110 1450 292 1492 ἐνταῦθα
310 1449 518 1505 γενόμενος
538 1449 628 1494 τότε
637 1451 897 1507 Ἀλέξανδρος
911 1443 1029 1500 οὗτος
1047 1458 1228 1507 προνοεῖν
1241 1451 1579 1506 Πελοποννησίων
1601 1451 1632 1486 A
1655 1451 1724 1488 118

109 1517 383 1574 σκηπτόμενος
411 1520 484 1561 οὐκ
503 1519 581 1577 ἔφη
601 1526 791 1576 γεωργοῖς
819 1518 864 1561 τὸ
889 1516 1017 1576 ταύτῃ
1040 1518 1316 1576 φυλακτήριον
1340 1520 1582 1576 ἐπιτρέψειν.

54 1586 361 1645 Ξθστρατιώτας
388 1583 460 1631 οὖν
494 1591 677 1632 ἐνταῦθα
711 1590 766 1638 εἷς
797 1588 1017 1642 δισχιλίους
1045 1587 1403 1642 καταστησάμενος
1437 1589 1510 1630 οὐκ
1535 1589 1579 1631 ἐκ

108 1660 184 1699 τοῦ
211 1658 406 1711 δημοσίου
432 1662 702 1715 χορηγεῖσθαι
736 1659 853 1714 σφίσι
886 1656 960 1707 τὰς
996 1656 1202 1708 συντάξεις
1231 1655 1437 1714 διώρισεν,
1473 1657 1579 1699 ἀλλὰ

108 1729 190 1768 τῶν
216 1725 256 1767 ἓν
286 1730 336 1783 τῇ
359 1724 525 1769 Ἑλλάδι
556 1731 697 1769 πασῶν
730 1724 885 1769 πόλεων
915 1723 967 1769 τά
998 1743 1042 1769 τε
1078 1727 1264 1768 πολιτικὰ
1296 1727 1364 1768 καὶ
1394 1726 1578 1783 θεωρικὰ

108 1792 320 1848 ξύμπαντα
341 1793 534 1851 χρήματα
556 1797 597 1846 ἒς
611 1797 657 1838 τὸ
678 1793 875 1850 δημόσιον
893 1796 955 1837 ἐπὶ
977 1800 1035 1852 τῷ
1062 1795 1322 1852 προσχήματι
1343 1793 1475 1853 τούτῳ
1501 1813 1576 1849 με-

108 1861 312 1919 τήνεγκεν,
349 1864 421 1921 ἐφ’
448 1858 481 1922 ᾧ
502 1866 662 1907 ἐνθένδε
688 1864 726 1905 οἳ
746 1868 990 1920 στρατιῶται
1014 1858 1133 1907 οὗτοι,
1154 1866 1360 1916 σιτίζοιντο
1374 1897 1384 1914 ,
1414 1866 1480 1906 καὶ
1499 1864 1573 1905 ἀπ’

109 1931 234 1975 αὐτοῦ
255 1931 295 1975 ἕν
312 1949 355 1976 τε
374 1937 426 1990 τῇ
443 1932 545 1991 ἄλλῃ
567 1931 676 1990 πάσῃ
690 1930 855 1974 Ἑλλάδι
879 1935 944 1975 καὶ
967 1933 1041 1987 οὐχ
1061 1932 1205 1988 ἥκιστα
1224 1934 1264 1974 ἓν
1280 1931 1478 1987 Ἀθήναις
1499 1933 1574 1974 αὗ-

174 2029 210 2064 2.
228 2027 462 2074 σιλεντιοὶριοι
472 2030 577 2067 Alem.
587 2030 627 2068 P.
652 2028 911 2077 σελεντηνοὲρια
921 2034 962 2066 Α.
1017 2030 1073 2065 22.
1084 2025 1263 2073 θεωρικὰ]
1280 2026 1491 2073 θεωρητικά
1502 2028 1576 2062 ΑΡ.

106 2107 194 2153 gulis
217 2107 341 2151 diario,
366 2120 441 2144 esse
465 2110 594 2153 voluit3
619 2123 722 2156 porro
746 2115 858 2146 autem
884 2111 1000 2144 horum
1018 2119 1196 2142 numerosa
1213 2108 1276 2141 fuit
1293 2118 1429 2148 manus,
1452 2119 1524 2142 cum
1539 2107 1574 2141 in

106 2153 159 2188 liis
181 2154 280 2189 etiam
307 2155 501 2201 silentiarii,
525 2156 722 2200 domestici,
750 2157 974 2202 scholariique
999 2161 1240 2197 censerentur,
1263 2155 1404 2199 quibus.
1436 2155 1464 2188 si
1492 2154 1574 2187 nihil

105 2199 209 2246 aliud,
232 2201 370 2235 militiae
383 2202 501 2236 saltem
516 2209 806 2238 auctoramentum
822 2204 888 2237 fuit
906 2208 941 2236 et
955 2213 1108 2243 annona,
1134 2201 1192 2234 vix
1209 2201 1286 2234 dum
1302 2200 1385 2245 ipsis
1402 2204 1511 2233 tamen
1529 2199 1573 2234 ad

105 2245 208 2280 vitam
224 2246 329 2289 satis3
356 2259 443 2293 quae
459 2249 574 2283 liberis
589 2250 837 2295 nepotibusque
850 2248 1034 2283 transmitti
1052 2247 1287 2282 Theodericus
1301 2246 1450 2280 indulsit.
1478 2246 1572 2279 Pau-

105 2292 242 2337 peribus
266 2305 360 2336 voro‚
384 2294 443 2339 qui
467 2295 510 2328 ad
534 2295 631 2329 Petri
647 2296 802 2340 Apostoli
824 2295 983 2340 templum
1000 2294 1100 2328 sedes
1115 2294 1258 2333 habent,
1281 2292 1383 2326 tritici
1400 2304 1419 2325 e
1438 2292 1570 2337 publico

105 2337 174 2372 tria
191 2339 292 2373 millia
310 2340 507 2374 medimnum
533 2342 713 2386 quotannis
728 2342 897 2376 attribuit.
945 2342 1044 2375 Haec
1058 2340 1102 2373 ad
1127 2338 1312 2373 Alexandri
1336 2350 1442 2383 usque
1470 2338 1572 2372 forfi-

105 2383 201 2418 culae
215 2384 248 2418 in
264 2385 396 2420 Italiam
413 2387 595 2420 adventum
612 2388 661 2421 illi
676 2389 843 2428 retulere;
869 2399 944 2421 nam
961 2387 990 2420 is
1007 2386 1120 2420 statim
1138 2385 1247 2419 onmia
1261 2384 1409 2423 sustulit,
1427 2385 1571 2417 sactum-

104 2438 172 2473 que
185 2429 222 2463 id
236 2436 274 2465 ut
288 2432 423 2478 accepit
439 2433 665 2467 Romanorum
679 2434 862 2480 imperator
877 2433 1082 2467 Iustinianus
1099 2431 1272 2476 probavit,
1293 2439 1326 2464 et
1343 2429 1571 2464 Alexandrum

105 2477 146 2508 ut
159 2485 233 2509 cum
248 2477 390 2512 maxime
403 2479 437 2512 in
454 2479 581 2513 honore
598 2479 733 2522 habuit3
758 2480 787 2514 is
803 2481 960 2513 Graecos
984 2478 1083 2512 etiam
1101 2479 1165 2511 hoc
1180 2477 1214 2510 in
1231 2477 1351 2510 itinere
1367 2477 1416 2509 sic
1433 2476 1560 2509 affecit.

106 2519 159 2553 Ad
173 2521 419 2568 Thermopylas
435 2524 611 2569 indigenae
638 2525 748 2559 coloni
768 2526 833 2559 iam
859 2525 938 2559 olim
953 2523 1150 2570 praesidium
1167 2523 1357 2566 agitabant,
1380 2532 1520 2566 cumque
1537 2521 1570 2554 in

105 2563 370 2618 lffeloponuesum
395 2571 616 2605 barbarorum
640 2571 851 2606 incursiones
874 2571 1092 2611 timerentur,
1116 2570 1157 2603 ad
1181 2580 1308 2602 murum
1324 2569 1358 2601 in
1374 2568 1456 2613 ipsis
1473 2578 1566 2600 mon-

105 2613 188 2644 tium
204 2613 356 2648 faucibus
372 2616 521 2650 alternas
535 2617 697 2652 excubias
716 2619 898 2654 habebant.
944 2617 1025 2651 Huc
1047 2615 1239 2649 Alexander
1256 2615 1398 2654 delatus,
1426 2611 1567 2658 perinde

107 2656 204 2699 quasi
217 2658 538 2705 Peloponnesiorum
551 2674 622 2697 rem
639 2669 770 2709 ageret,
786 2664 876 2698 haud
895 2663 1063 2697 fidendum
1079 2673 1119 2695 eo
1136 2660 1204 2694 loci
1218 2661 1367 2694 affirmat
1382 2658 1567 2702 agrestium

105 2702 298 2746 praesidi03
319 2709 532 2750 quamobrem
547 2709 628 2743 inibi
643 2710 687 2743 ad
702 2710 768 2744 (luo
786 2710 888 2744 millia
904 2709 1042 2743 militum
1065 2707 1253 2747 constituit,
1276 2705 1422 2740 decretis
1439 2714 1504 2736 non
1522 2702 1565 2735 ab

106 2748 238 2783 aerario
258 2750 390 2794 publico
406 2753 600 2798 stipendiis,
622 2755 684 2789 sed
701 2767 722 2789 a
740 2756 879 2800 singulis
895 2754 1065 2789 Graeciae
1086 2753 1284 2787 civitatibus
1295 2779 1304 2795 ‚
1328 2760 1467 2795 quarum
1484 2747 1566 2781 civi·

109 2802 170 2826 cos
187 2793 435 2841 theatralesque
448 2799 587 2844 reditus,
611 2801 804 2836 alendorum
825 2802 940 2847 specie
955 2800 1096 2834 militum
1115 2797 1421 2844 praesidiariorum,
1444 2794 1486 2827 ad
1503 2804 1568 2838 pu-

108 2837 230 2874 blicum
246 2842 409 2878 aerarium
421 2844 566 2890 reduxit,
581 2857 625 2881 ex
641 2857 682 2882 eo
697 2852 812 2883 autem
826 2847 952 2883 cumin
969 2845 1130 2889 Graecia,
1157 2850 1224 2878 tum
1239 2842 1322 2888 ipsis
1338 2839 1478 2876 Athenis
1493 2839 1568 2874 nul-
