1754 3132
590 109 860 154 HISTORIA
893 108 1106 154 ARCANA
1140 110 1188 156 7.
1565 109 1630 157 49

156 223 224 270 καὶ
252 218 493 280 ἀναξυρίδες
520 223 587 266 καὶ
611 227 694 267 τῶν
714 220 996 280 ὑποδημάτων
1015 223 1069 267 τὰ
1089 227 1261 267 πλεῖστα
1282 223 1325 274 ἒς
1349 226 1433 267 τῶν
1462 223 1631 268 Οὕννων

153 291 203 337 τό
230 309 274 336 τε
303 291 436 347 ὄνομα
458 293 527 335 καὶ
548 291 622 336 τὸν
643 289 798 350 τρόπον
818 292 1056 350 ἀπεκέκριτο
1077 294 1232 350 σφίσιν.
1303 291 1633 350 ἕσιδηροφόρουν

156 362 202 405 δὲ
220 359 380 418 νύκτωρ
399 361 474 416 μὲν
500 360 554 404 τὰ
584 365 731 417 πρῶτα
765 362 810 404 ἐκ
838 366 914 405 τοῦ
941 363 1153 419 ἐμφανοῦς
1180 360 1360 411 ἅπαντες
1379 362 1551 416 σχεδὸν,
1591 363 1632 404 ἓν

155 430 205 473 δέ
220 447 263 486 γε
283 428 417 490 ἡμέρᾳ
435 431 590 486 ξιφίδια
615 431 706 486 περὶ
722 429 794 473 τὸν
814 430 949 487 μηρὸν
969 432 1147 486 δίστομα
1166 428 1248 474 ὗπὸ
1267 435 1325 489 τῷ
1348 431 1500 489 ἱματίῳ
1522 430 1630 474 ἀπο-
1660 442 1689 474 V
1714 442 1754 476 29

118 496 434 556 ὀκρυψάμενοι,
473 496 759 551 ξυνιστάμενοί
783 515 827 542 τε
859 499 966 542 κατὰ
1001 500 1260 556 συμμορίας,
1293 499 1457 542 ἐπειδὰν
1480 516 1635 542 συσκο-

151 565 282 620 τάζοι,
317 565 606 611 ἔλωποὸύτουν
625 567 724 618 τούς
741 567 1058 625 ἐπιεικεστέρους
1077 568 1120 611 ἕν
1139 586 1182 611 τε
1203 567 1280 626 ὅλῃ
1298 568 1431 628 ἀγορᾷ
1451 568 1527 611 κάν
1544 576 1631 618 τοῖς
1656 578 1686 611 C

152 643 399 689 στενωποῖς,
445 634 742 694 ἀφαιρούμενοι
780 637 880 687 τούς
917 635 1301 694 παραπεπτωκότας
1333 636 1387 680 τά
1418 654 1475 688 τε,
1491 635 1636 691 ἱμάτια

26 728 42 741 ·
154 702 286 758 ζώνας
306 722 350 748 τε
370 707 437 748 καὶ
462 702 638 762 περόνας
657 709 819 762 χρυσᾶς
837 707 906 748 καὶ
927 706 1022 749 εἴτι
1046 705 1148 749 ἄλλο
1170 707 1212 748 ἓν
1231 708 1373 763 χερσὶν
1393 705 1534 761 ἔχοιεν.
1571 724 1636 749 τι-

151 773 228 824 ’νὰς
248 774 293 816 δὲ
313 774 419 831 πρὸς
437 778 488 831 τῇ
509 772 674 832 ἁρπαγῇ
695 775 763 816 καὶ
782 776 946 818 κτείνειν
963 775 1128 830 ἠξίουν,
1161 774 1274 825 ὅπως
1291 777 1438 830 μηδενὶ
1454 776 1507 818 τὰ
1529 778 1636 830 ’ξυμ-

96 850 142 886 10
151 840 329 886 πεσόντα
351 843 492 900 σφίσιν
514 843 818 899 ἀναγγείλωσιν.
889 841 951 894 οἷς
974 844 1027 900 δὴ
1046 842 1224 894 ἅπαντες
1248 847 1318 887 καὶ
1339 848 1423 887 τῶν
1448 844 1636 887 Βενέτων

151 911 192 955 οἱ
212 911 272 967 μὴ
290 916 518 955 στασιῶται
540 911 722 966 μάλιστα
746 911 947 967 ἤχθοντο.
1023 914 1107 956 ἐπεὶ
1130 914 1176 956 δὲ
1199 912 1297 956 οὐδὲ
1315 913 1433 956 αὐτοὶ
1453 913 1636 962 ἀπαθεῖς

149 979 315 1036 ἔμενον,
353 982 420 1023 καὶ
446 980 524 1023 ἀπ’
550 981 680 1024 αὐτοῦ
701 985 873 1036 χαλκαῖς
893 982 940 1025 τὸ
959 982 1102 1025 λοιπὸν
1128 980 1272 1035 ζώναις
1291 1000 1333 1025 τε
1350 984 1419 1024 καὶ
1442 980 1637 1039 περόναις

84 1105 90 1109 .
149 1050 218 1092 καὶ
246 1049 424 1104 ἱματίοις
460 1053 601 1109 πολλῷ
632 1048 866 1101 ἐλασσόνως
896 1049 923 1106 ἢ
954 1051 1061 1094 κατὰ
1093 1051 1168 1107 τὴν
1198 1051 1319 1102 ἀξίαν
1359 1049 1417 1100 ὥς
1451 1056 1637 1094 πλεῖστοι

148 1118 351 1175 ἐχρῶντο,
384 1116 497 1169 ὅπως
516 1119 568 1174 δὴ
589 1119 647 1175 μὴ
671 1124 729 1178 τῷ
749 1117 961 1179 φιλοκάλῳ
981 1118 1241 1172 ἀπόλωνται,
1282 1121 1350 1162 καὶ
1377 1119 1493 1163 οὔπω
1513 1122 1638 1162 δεδυ-

93 1192 138 1230 15
150 1185 271 1238 κότος
302 1185 420 1243 ἡλίου
452 1190 508 1238 εἰς
530 1188 606 1238 τὰς
630 1189 760 1238 οἲκίας
779 1189 1091 1244 ἀναχωροῦντες
1113 1187 1380 1245 ἐκρύπτοντο.
1452 1207 1638 1244 μηκυνο-

147 1256 274 1311 μένου
303 1257 348 1299 δὲ
380 1261 456 1299 τοῦ
478 1262 606 1299 κακοῦ
631 1259 700 1300 καὶ
721 1257 916 1312 οὐδεμιᾶς
938 1257 1194 1314 ἐπιστροφῆς
1211 1258 1252 1307 ἐς
1275 1258 1374 1308 τοὺς
1394 1255 1638 1312 ἡμαρτηκό-

147 1341 226 1375 τας
254 1325 359 1382 πρὸς
386 1330 462 1381 τῆς
492 1329 550 1384 τῷ
576 1323 696 1385 δήμῳ
719 1323 958 1383 ἐφεστώσης
980 1326 1111 1383 ἀρχῆς
1139 1327 1355 1383 γινομένης
1375 1327 1439 1368 ἐπὶ
1459 1327 1565 1382 μέγα
1586 1326 1635 1369 τὸ
1659 1330 1692 1364 D

147 1398 232 1437 τῶν
252 1393 418 1451 ἀνδρῶν
439 1392 603 1450 θράσος
620 1394 661 1445 ἒς
687 1394 748 1437 ἀεὶ
766 1395 901 1452 ἤρετο.
945 1394 1131 1452 ἁμαρτία
1152 1395 1229 1452 γὰρ
1249 1397 1485 1452 παρρησίας
1510 1395 1636 1446 ἀξιω-
1661 1401 1691 1433 Α
1716 1399 1754 1433 3.³

148 1466 275 1506 θεῖσα
304 1463 374 1506 ἐπ’
406 1462 574 1519 ἄπειρον
606 1461 820 1520 φύρεσθαι
847 1464 1049 1522 πέφυκεν,
1087 1465 1172 1507 ἐπεὶ
1206 1466 1275 1506 καὶ
1308 1463 1563 1518 κολαζόμενα
1584 1465 1639 1507 τὰ

91 1529 387 1588 ΞΟέγκλῆματα
421 1536 535 1590 φιλεῖ
561 1532 636 1575 οὐκ
658 1533 699 1583 ἔς
723 1533 771 1576 τὸ
796 1535 990 1584 παντελὲς
1012 1531 1340 1577 ἀποκόπτεσθαι.
1414 1532 1535 1589 φύσει
1557 1534 1637 1590 γὰρ

149 1601 190 1644 οἱ
218 1605 401 1644 πλεῖστοι
427 1603 468 1652 ἒς
492 1601 539 1644 τό
571 1599 822 1659 ἁμαρτάνειν
857 1603 1034 1652 εὐπετῶς
1063 1602 1298 1658 τρέπονται.
1372 1602 1424 1645 τὰ
1451 1603 1527 1657 μὲν
1562 1598 1637 1645 οὖν

147 1673 232 1713 τῶν
261 1669 446 1714 Βενέτων
476 1669 642 1727 ἐφέρετο
681 1673 791 1728 τῇδε.
863 1676 950 1715 τῶν
981 1672 1027 1714 δὲ
1053 1671 1391 1714 ἀντιστασιωτῶν
1422 1671 1556 1725 οἱμὲν
1580 1674 1637 1721 εἰς

146 1738 224 1794 τὴν
253 1739 414 1782 ἐκείνων
446 1738 662 1783 ἀπέκλινον
690 1747 842 1798 μοῖραν
852 1773 867 1795 ,
906 1741 1109 1801 ἐπιθυμία
1139 1744 1215 1783 τοῦ
1244 1739 1637 1798 ξυναμαρτάνοντος

241 1851 276 1886 1.
304 1846 463 1886 Οὕννων
485 1849 612 1884 Suidas
636 1861 666 1885 s.
689 1861 723 1884 v.
753 1847 905 1894 ἐπωμίς.
934 1846 1095 1885 Οῧννων
1119 1850 1159 1884 Ρ.
1185 1845 1311 1884 οὕνων
1334 1850 1377 1885 A.
1487 1853 1521 1886 6.
1547 1845 1639 1904 3222]

239 1896 287 1942 τῇ
300 1896 419 1932 Reisk.
511 1897 545 1931 7.
570 1894 848 1941 ἀφαιρούμενοι
858 1897 1018 1931 Alem.P.
1053 1894 1331 1941 ἀφανιούμενοι
1342 1897 1384 1930 Α.
1481 1897 1538 1931 19.
1562 1909 1638 1941 φυ-

242 1942 400 1987 ρεσθαι]
426 1941 611 1988 φέρεσθαι
632 1943 755 1979 Reisk.

147 2033 218 2077 lia,
251 2033 411 2077 tibialia,
442 2038 478 2070 et
507 2035 677 2081 pleraque
710 2035 1020 2070 calceamentorum
1051 2045 1202 2079 genera,
1232 2034 1436 2068 Hunnorum
1467 2033 1512 2067 ad
1537 2032 1637 2075 ritus,

148 2092 342 2125 nomenque
375 2087 598 2127 usurparunt,
646 2082 806 2116 Antehac
831 2081 954 2115 armati
978 2081 1054 2115 fere
1077 2091 1195 2116 omnes
1227 2087 1331 2115 noctu
1357 2080 1470 2125 palam
1495 2079 1638 2113 incede-

147 2128 252 2168 bant;
274 2126 427 2162 interdiu
451 2128 663 2173 ancipitibus
688 2128 732 2162 ad
757 2129 867 2162 femur
892 2127 971 2161 ficis
992 2128 1056 2161 sub
1081 2131 1182 2161 veste
1205 2126 1362 2160 occultis.
1393 2125 1511 2159 Prima
1533 2131 1638 2160 nocte

148 2173 186 2208 in
209 2177 341 2207 turmas
363 2174 495 2216 coacti,
532 2175 588 2208 vel
611 2179 735 2220 aperto
760 2175 860 2215 foro,
885 2173 942 2208 vel
966 2173 1162 2219 angiportis
1187 2172 1357 2214 obsessis,
1382 2172 1503 2205 obvios
1529 2183 1636 2217 quos-

149 2231 218 2262 que
240 2219 399 2254 innoxios
422 2220 517 2254 viros
542 2221 870 2267 depraedabantur,
904 2219 1035 2266 palliis,
1069 2219 1215 2261 balteis,
1255 2218 1441 2263 aureisque
1465 2217 1637 2252 detractis

149 2265 286 2307 fibulis,
316 2270 352 2300 et
376 2266 545 2312 quidquid
570 2272 664 2301 esset
687 2278 772 2312 prae
797 2266 972 2308 manibus3
1004 2266 1198 2311 suppilatos
1222 2265 1289 2299 iam
1315 2265 1402 2299 alios
1427 2264 1636 2306 caedebant,

149 2323 195 2346 ne
218 2311 274 2345 cui
297 2313 471 2347 referrent
503 2324 592 2358 quae
629 2313 696 2347 sibi
719 2312 940 2347 accidissent.
988 2312 1120 2346 Passim
1146 2313 1232 2346 haec
1256 2322 1372 2346 omnes
1397 2310 1554 2356 graviter
1579 2317 1637 2343 tu-

149 2357 286 2399 lei-unu
319 2362 354 2393 et
378 2359 589 2394 Venetorum
614 2359 769 2404 quisquis
792 2358 1022 2393 seditionibus
1045 2358 1250 2394 abstineret.
1298 2358 1349 2392 Ut
1371 2369 1456 2391 vero
1481 2369 1544 2391 nec
1570 2355 1637 2401 ipsi

150 2403 294 2438 abibant
324 2404 483 2451 impune,
521 2405 646 2440 exinde
679 2405 836 2451 plerique
870 2405 982 2440 aereis
1013 2404 1149 2448 fibulis,
1192 2404 1389 2448 balteisque
1421 2403 1474 2437 uti
1508 2414 1637 2446 coepe-

149 2453 252 2492 runt,
279 2461 411 2485 necnon
436 2451 592 2486 vestibus
617 2452 722 2496 longe
746 2462 845 2497 quam
871 2463 936 2496 pro
961 2450 1136 2496 dignitate
1161 2450 1362 2491 vilioribus,
1395 2461 1440 2483 ne
1465 2448 1558 2483 vitae
1582 2448 1637 2481 in-

151 2494 338 2530 sidiaretur
371 2502 532 2540 ornatu's3
566 2502 604 2532 et
636 2503 718 2532 ante
742 2497 826 2531 solis
849 2509 1007 2532 occasum
1030 2497 1167 2531 domum
1191 2507 1230 2530 se
1252 2496 1470 2540 recipiebant
1495 2499 1530 2528 et
1553 2505 1636 2528 con-

151 2542 365 2576 tutabantur.
411 2544 488 2578 Hoc
522 2544 609 2578 malo
641 2544 746 2577 latius
768 2550 955 2589 serpente,
988 2555 1101 2589 neque
1125 2542 1281 2577 sontibus
1305 2542 1349 2576 ab
1374 2541 1469 2575 urbis
1495 2540 1635 2585 praefe-

154 2589 211 2620 cto
237 2587 415 2631 coercitis,
448 2589 558 2635 magis
582 2601 623 2624 ac
646 2590 757 2635 magis
780 2589 848 2624 illis
880 2590 916 2624 in
941 2590 1016 2624 dies
1041 2589 1172 2624 animus
1204 2588 1413 2623 addebatur.
1463 2587 1555 2620 Nam
1582 2585 1635 2618 sa-

155 2636 213 2666 cta
237 2634 404 2678 peccandi
427 2635 568 2670 licentia
592 2636 699 2671 latius
721 2636 855 2671 scelera
880 2642 1139 2682 propagantur,
1171 2635 1263 2680 quod
1288 2640 1324 2668 et
1349 2632 1502 2667 funditus
1526 2630 1636 2665 recidi

154 2678 336 2724 suppliciis
359 2691 425 2714 non
449 2682 603 2727 possint,
632 2688 668 2717 et
692 2682 728 2716 in
751 2695 794 2717 ea
817 2687 966 2717 naturae
990 2683 1137 2727 quodam
1161 2681 1291 2727 impetu
1317 2679 1471 2725 plerique
1494 2677 1637 2722 rapian-

155 2728 225 2758 tur.
264 2725 470 2761 Venetorum
492 2727 543 2762 ita
566 2740 604 2763 se
626 2740 683 2762 res
706 2729 877 2770 habuere;
901 2729 1099 2763 contrariae
1122 2739 1207 2762 vero
1232 2725 1396 2761 factionis
1422 2723 1636 2769 popularium

153 2769 215 2805 alii
239 2769 474 2806 discesserunt
496 2774 533 2809 iu
555 2775 691 2810 illorum
714 2779 834 2822 partes
857 2774 1002 2810 libidine
1028 2774 1316 2812 vindicandarum
1340 2772 1376 2805 in
1399 2770 1501 2817 plebe
1524 2770 1637 2805 offen-

209 2824 400 2870 Procopius
429 2826 500 2861 ιιι.
1328 2818 1356 2860 4
