1800 3126
280 173 375 219 388
727 176 786 218 ΙΝ
819 175 960 218 HIST.
992 175 1165 219 ARCAN
1165 177 1242 218 AM

277 288 497 333 potuerunt.
553 283 753 320 Praesenti
782 283 978 320 sanctione
1007 283 1306 320 clementissima
1332 284 1544 335 principale
1575 280 1700 322 bene-

276 338 408 374 ficium
436 340 491 375 eis
520 339 590 374 sub
628 352 671 374 ea
701 339 787 387 lege
823 337 1110 385 condonamus,
1148 346 1192 374 ut
1229 339 1263 375 si
1300 338 1482 377 derelicta
1519 341 1622 376 mala
1662 346 1700 376 et

275 391 482 430 inhonesta
511 394 812 438 conversatione,
843 393 1146 431 commodiorem
1170 395 1291 430 vitam
1313 396 1518 444 amplexae
1541 395 1698 442 fuerint,

274 446 545 498 honestatique
570 460 657 484 ¹sese
680 446 874 495 dederint3
903 450 1017 485 liceat
1046 449 1101 485 eis
1129 455 1260 486 nostro
1290 451 1505 500 supplicare
1532 451 1699 497 numini,

274 509 319 540 ut
348 502 498 539 divinos
528 501 664 544 affatus
692 505 775 539 siue
805 502 921 540 dubio
949 510 1191 550 mereantur,
1230 502 1281 539 ad
1309 505 1600 541 matrimonium
1636 517 1701 541 eas

275 559 407 595 venire
435 559 703 607 permittentes
731 558 972 607 legitimum:
1006 560 1075 605 iis,
1116 560 1183 609 qui
1220 560 1274 595 eis
1311 559 1567 608 coniungendi
1597 566 1699 606 sunt,

274 613 384 649 nullo
413 614 551 648 timore
578 612 779 659 tenendis,
808 626 857 651 ne
886 615 991 651 scitis
1023 615 1317 664 praeteritarum
1342 615 1476 663 legum
1502 614 1701 651 infirmmn

276 680 360 704 esse
389 666 565 703 videatur
589 668 667 704 tale
697 670 943 718 coniugium,
977 668 1047 706 sed
1076 670 1130 705 ita
1158 667 1332 705 validum
1359 668 1583 706 huiusmodi
1609 682 1702 719 per-

274 735 432 759 manere
469 724 762 760 matrimonium
801 723 1100 771 confidentibus,
1149 725 1260 774 quasi
1297 725 1405 760 nulla
1446 722 1700 774 praecedente

274 776 480 814 inhonesta
507 779 587 813 vita
615 791 756 815 uxores
786 793 850 816 eas
873 778 1075 815 duxerint:
1106 780 1186 815 sive
1211 778 1398 828 dignitate
1420 777 1586 828 praediti
1611 780 1701 825 sint,

275 835 356 870 sive
386 833 461 868 alio
490 832 606 869 modo
635 835 804 871 scenicas
833 836 873 870 in
909 836 1200 871 matrimonium
1229 833 1368 870 ducere
1404 832 1700 884 prohibeantur-⁶,

276 887 371 924 dum
395 895 526 923 ‘tamen
558 887 748 925 dotalibus
778 888 1002 926 omnimodo
1039 890 1303 926 instrumentis
1331 902 1409 926 non
1438 890 1520 925 sine
1549 889 1700 938 scriptis

275 943 352 979 tale
387 943 570 992 probetur
611 946 848 993 coniugium.
904 947 1003 981 Nam
1034 946 1141 982 omui
1169 945 1321 980 macula
1355 946 1510 994 penitus
1541 943 1702 993 direpta,

275 1005 313 1034 et
351 999 462 1048 quasi
500 999 580 1034 suis
615 1000 808 1037 natalibus
837 998 1063 1036 huiusmodi
1092 999 1321 1035 mulieribus
1358 997 1537 1046 redditis,
1574 1010 1702 1048 neque

274 1053 509 1090 vocabulum
534 1051 785 1090 inhonestum
814 1056 869 1091 eis
898 1053 1098 1091 inhaerere
1128 1054 1175 1090 de
1205 1061 1354 1091 caetero
1387 1054 1589 1099 volumus3
1630 1066 1703 1088 ne-

273 1120 349 1158 que
376 1106 634 1144 differentiam
660 1109 833 1159 aliquam
862 1122 926 1145 eas
951 1108 1093 1145 habere
1122 1123 1210 1145 cum
1233 1111 1293 1156 iis,
1324 1122 1422 1159 quae
1448 1107 1550 1144 nihil
1574 1108 1702 1145 simile
1745 1110 1747 1114 “

272 1169 542 1213 peccaverunt.
601 1162 681 1199 Sed
719 1170 756 1199 et
794 1165 936 1200 liberos
973 1177 1024 1200 ex
1058 1164 1127 1200 tali
1155 1165 1402 1200 matrimonio
1431 1162 1700 1213 procreandos,

273 1231 364 1254 suos
395 1224 432 1253 et
467 1218 662 1267 legitimos
697 1219 797 1268 patri
826 1231 935 1255 esse:
971 1220 1063 1255 licet
1091 1219 1187 1255 alios
1217 1232 1269 1255 ex
1301 1221 1428 1268 priore
1456 1220 1701 1254 matrimonio

270 1273 467 1322 legitimos
497 1271 659 1309 habeat:
689 1280 731 1309 ut
757 1274 859 1324 bona
889 1275 970 1310 eius
999 1281 1080 1310 tam
1110 1274 1156 1309 ab
1186 1275 1386 1320 intestato,
1417 1286 1534 1323 quam
1563 1286 1615 1309 ex
1641 1279 1703 1308 te-

272 1334 477 1374 stamento,
507 1330 572 1364 isti
599 1341 752 1378 quoque
781 1331 863 1364 sine
893 1329 973 1365 ullo
1001 1328 1280 1378 impedimento
1310 1329 1507 1378 percipere
1537 1329 1701 1378 possint.

271 1382 352 1420 Sed
393 1389 430 1419 et
469 1384 502 1419 si
537 1383 634 1420 tales
672 1384 856 1420 mulieres
895 1390 983 1433 post
1019 1383 1197 1419 divinum
1234 1385 1461 1433 rescriptum
1491 1382 1540 1420 ad
1567 1394 1702 1433 preces

273 1450 407 1474 earum
436 1436 593 1484 datum,
634 1437 684 1474 ad
712 1440 1005 1475 matrimonium
1033 1441 1164 1475 venire
1195 1437 1433 1485 distulerint,
1466 1439 1616 1475 salvam
1645 1439 1700 1474 eis

271 1492 527 1533 nihilominus
568 1495 898 1530 existimationem
934 1495 1078 1530 servari
1117 1495 1377 1543 praecipimus
1414 1500 1496 1529 tam
1534 1495 1575 1528 in
1613 1494 1700 1528 aliis

273 1549 466 1594 omnibus,
497 1561 615 1598 quam
644 1548 692 1585 ad
715 1547 1052 1584 transmittendam
1077 1549 1217 1598 quibus
1247 1549 1439 1584 voluerint
1467 1560 1578 1584 suam
1606 1548 1702 1584 sub—

273 1606 476 1649 stantiam,
519 1609 556 1639 et
594 1602 883 1653 suscipiendam
919 1610 1203 1653 competentem
1238 1604 1312 1639 sibi
1347 1603 1498 1653 legibus
1531 1603 1578 1639 ab
1616 1604 1702 1639 aliis

273 1659 470 1703 relictam,
499 1658 561 1695 vel
591 1658 638 1694 ab
667 1660 848 1695 intestato
879 1657 1046 1694 delatam
1074 1657 1367 1695 haereditatem.
1425 1658 1581 1695 Similes
1609 1670 1701 1694 vero

273 1713 350 1750 tale
392 1713 631 1749 merentibus
675 1713 721 1749 ab
764 1715 994 1763 imperatore
1038 1713 1268 1749 beneficium
1308 1714 1564 1760 mulieribus,
1613 1714 1701 1749 illas

273 1770 392 1804 etiam
430 1780 512 1804 esse
548 1768 754 1814 volumus,
797 1781 895 1818 quae
925 1767 1154 1817 dignitatem
1189 1769 1361 1818 aliquam
1388 1767 1555 1815 habent,
1594 1775 1632 1804 et
1669 1769 1702 1804 si

272 1836 352 1860 nou
391 1824 636 1860 serenissimo
667 1824 832 1873 principi
861 1824 1181 1873 supplicaverint,
1221 1825 1438 1860 ultroneam
1466 1830 1599 1860 tamen
1629 1822 1701 1860 do-

271 1879 471 1915 nationem
502 1885 589 1914 ante
628 1880 921 1914 matrimonium
949 1881 1180 1925 meruerint,
1222 1892 1273 1914 ex
1313 1891 1389 1929 qua
1417 1878 1622 1928 dignitate,
1663 1884 1701 1915 et

274 1934 393 1969 aliam
421 1935 539 1969 etiam
568 1946 725 1970 omnem
755 1934 970 1979 maculam,
1008 1947 1077 1983 per
1106 1946 1224 1984 quam
1250 1936 1361 1970 certis
1390 1932 1612 1970 hominibus
1640 1934 1702 1969 le-

274 1990 410 2038 gitime
442 1990 625 2038 coniungi
659 1989 841 2025 mulieres
870 1987 1142 2039 prohibentur,
1179 1989 1324 2025 aboleri
1351 1991 1505 2038 penitus
1535 1995 1700 2038 oportet.

274 2045 344 2079 His
370 2043 470 2079 illud
500 2042 769 2092 adiungimus,
799 2051 842 2080 ut
871 2050 908 2079 et
937 2044 1038 2079 filiae
1067 2042 1290 2079 huiusmodi
1317 2044 1547 2091 mulierum,
1576 2044 1701 2094 siqui-

160 2102 188 2135 A
210 2101 256 2136 40
280 2097 371 2134 dem
406 2105 494 2148 post
533 2101 853 2148 expurgationem
890 2100 1026 2147 prioris
1065 2100 1166 2134 vitae
1203 2099 1319 2133 matri
1347 2111 1438 2134 suae
1469 2105 1582 2135 natae
1611 2101 1700 2146 sint,

274 2166 352 2189 non
388 2152 593 2189 videantur
629 2155 870 2189 scenicarum
907 2165 990 2188 esse
1025 2152 1149 2200 filiae,
1191 2165 1261 2188 nec
1300 2153 1497 2190 subiacere
1534 2154 1699 2203 legibus,

276 2220 375 2258 quae
410 2205 691 2256 prohibuerunt
726 2208 824 2243 filias
862 2209 1102 2244 scenicarum
1139 2215 1261 2244 certos
1290 2206 1468 2244 homines
1496 2211 1537 2244 in
1565 2210 1701 2245 matri-

274 2263 452 2299 monium
481 2260 634 2298 ducere.
691 2262 734 2299 Si
763 2275 854 2298 vero
884 2269 972 2298 ante
1000 2269 1220 2312 procreatae
1250 2264 1345 2310 sint,
1382 2264 1498 2299 liceat
1526 2265 1582 2300 eis
1609 2277 1700 2314 pre-

275 2330 338 2354 ces
369 2316 616 2353 offerentibus
644 2318 900 2354 invictissimo
922 2319 1087 2367 principi
1109 2330 1262 2354 sacrum
1289 2319 1372 2354 sine
1395 2319 1590 2356 obstaculo
1619 2319 1699 2355 ullo

274 2374 414 2409 mereri
438 2373 689 2422 rescriptum,
726 2386 796 2422 per
826 2371 931 2423 quod
960 2374 1014 2409 eis
1042 2374 1095 2408 ita
1122 2373 1267 2408 nubere
1295 2375 1559 2423 permittatur,
1590 2374 1700 2424 quasi

274 2440 353 2464 non
381 2429 457 2463 sint
486 2429 660 2463 scenicae
689 2429 823 2464 matris
854 2427 978 2463 filiae:
1011 2440 1084 2463 nec
1114 2428 1194 2463 iam
1221 2426 1499 2478 prohibeantur
1524 2429 1603 2465 illis
1633 2442 1700 2466 co-

271 2483 412 2533 pulari,
442 2482 581 2533 quibus
612 2484 784 2519 scenicae
808 2483 919 2529 filias,
949 2483 1013 2519 vel
1042 2481 1252 2532 diguitatis,
1282 2484 1346 2519 vel
1374 2484 1531 2520 alterius
1562 2496 1698 2520 causae

273 2539 397 2587 gratia
429 2550 570 2574 uxores
601 2535 739 2573 ducere
767 2536 1031 2574 interdicitur:
1071 2545 1114 2573 ut
1141 2544 1271 2573 tamen
1303 2538 1526 2576 omnimodo
1555 2537 1698 2575 dotalia

272 2593 374 2629 iuter
403 2605 468 2630 eos
498 2593 615 2628 etiam
641 2595 897 2629 instrumenta
927 2593 1187 2630 conficiantur.
1246 2591 1325 2629 Sed
1361 2600 1399 2629 et
1426 2595 1461 2630 si
1490 2606 1512 2630 a
1547 2595 1696 2631 scenica

272 2654 395 2684 matre
424 2654 639 2698 procreata,
680 2661 779 2699 quae
807 2660 930 2698 usque
960 2646 1010 2684 ad
1038 2654 1202 2684 mortem
1230 2660 1341 2684 suam
1368 2649 1410 2684 in
1438 2647 1576 2686 eadem
1604 2661 1695 2699 pro-

271 2703 439 2739 fessione
477 2702 691 2751 duraverit,
732 2710 818 2754 post
855 2704 936 2740 eius
967 2703 1116 2740 obitum
1150 2715 1283 2752 preces
1315 2704 1586 2753 imperatoriae
1614 2704 1694 2753 cle—

271 2760 439 2795 mentiae
468 2759 660 2808 obtulerit,
691 2766 729 2796 et
757 2758 929 2796 divinam
956 2757 1240 2808 indulgentiam
1267 2760 1463 2807 meruerit,
1493 2759 1693 2796 liberatio-
