1754 3132
512 150 778 194 ALEMANNI
809 150 1150 198 DISSERTATIO.
1509 173 1560 201 11

104 263 378 315 miniseebatur,
425 271 463 306 et
490 262 807 320 impudentissimis
841 279 1094 322 nonnunquam
1128 266 1379 310 meretricibus
1407 269 1556 312 admini-

104 331 189 372 stris
209 332 246 373 in
274 332 467 374 ditissimos
483 347 644 388 quosque
669 332 834 390 parabat.
891 332 1028 383 Addit,
1059 333 1316 390 Magistratus,
1346 337 1554 379 Praefectu-

105 413 188 449 τηε,
219 398 424 456 Officiaque
458 399 505 442 ab
528 401 662 442 eodem
692 400 811 458 pretio
844 400 1050 443 divendita:
1078 401 1287 452 Ecclesias,
1319 404 1553 455 Nosoeomia,
1579 412 1610 448 A
1627 415 1651 450 3

102 466 348 518 Monasteria,
379 476 415 510 et
433 468 507 509 alia
529 469 565 510 id
588 483 706 526 genus
731 468 900 510 aedilicia
932 483 979 510 ex
1001 467 1222 524 privatorum
1248 471 1387 512 exuviis
1417 473 1463 513 ab
1493 474 1557 515 illo

104 535 274 578 excitata.
330 537 553 580 Venetorum
571 537 620 579 ita
653 536 790 579 fovisse
811 535 1006 578 factionem
1026 536 1201 587 affirmat,
1232 546 1268 580 ut
1295 538 1464 581 Prasinos
1493 541 1556 582 im-

102 617 199 659 pune
219 604 518 646 contrucidandos
543 605 587 647 iis
606 603 852 662 permitteret,
893 618 1090 659 eorumque
1110 603 1255 646 licentia
1279 608 1463 658 caedibus,
1498 626 1555 651 ra·

102 669 218 728 pinis,
247 671 424 714 incendiis
455 673 578 715 omnia
607 672 828 728 compleret3
857 670 1096 728 Magistratus
1123 687 1214 715 vero
1241 673 1300 729 qui
1330 674 1366 716 in
1392 677 1556 719 Venetos

103 737 270 796 egissent
295 754 344 782 ex
363 741 476 798 lege,
506 741 625 798 eapite
646 741 846 787 damnaret.
904 739 1050 793 Nempe
1069 738 1165 780 haee
1187 757 1323 783 summa
1343 752 1397 784 est
1417 758 1554 794 eorum,

101 820 196 861 quae
227 806 426 866 Procopius
459 809 497 851 in
533 809 606 851 hae
641 808 793 852 historia
825 806 1072 864 prosequitur:
1125 810 1360 862 quamobrem
1402 813 1559 870 Euagrii

101 872 322 918 Scholastici
340 877 455 919 verba
476 877 538 920 hie
557 877 644 919 ideo
670 875 934 933 praeterimus,
973 882 1011 918 ut
1040 874 1075 915 in
1111 875 1192 931 ipso
1218 877 1367 921 huiusce
1398 880 1482 921 libri
1514 882 1555 922 li-

99 941 197 984 mine
218 945 424 1001 argumenti
445 946 530 988 loco
548 944 783 1003 opportunius
807 951 941 986 extent.
999 942 1230 986 Maiestatem
1257 947 1442 990 Romanae
1471 950 1556 991 Rei-

97 1009 268 1066 publicae
289 1027 388 1069 pene
404 1013 663 1055 labefactatam
693 1012 795 1055 initio
826 1011 972 1068 quidem
995 1025 1084 1052 suae
1115 1012 1368 1056 dominationis
1390 1032 1462 1058 non
1490 1018 1554 1059 mi·

77 1077 195 1122 ,nima
227 1094 307 1123 eum
335 1080 445 1124 laude
473 1081 707 1131 Iustinianus,
733 1088 772 1124 ut
799 1076 897 1130 dixi,
930 1079 1151 1122 sustentavit.
1210 1082 1350 1124 Verum
1383 1084 1443 1125 ubi
1467 1101 1552 1126 con-

97 1146 234 1198 senuit,
264 1147 360 1191 adeo
383 1148 435 1192 illi
455 1149 576 1199 vires,
604 1148 815 1206 animusque
834 1147 994 1197 defecit,
1015 1155 1074 1197 ut,
1110 1151 1409 1204 quemadmodum
1429 1154 1553 1195 scribit

95 1214 323 1268 Menander,
353 1232 428 1259 non
454 1217 577 1259 Persis
614 1217 746 1268 modo,
789 1214 856 1256 sed
896 1215 1052 1264 Hunnis,
1097 1216 1309 1268 Abaribus,'
1342 1220 1551 1271 Saracenis,

97 1283 326 1340 Cortiguris,
357 1285 511 1340 aliisque
537 1284 783 1326 Barbarorum
803 1281 947 1337 populis
966 1283 1189 1325 tributarium
1215 1285 1344 1328 fecerit
1360 1287 1553 1343 Imperium

93 1350 305 1395 Romanum.
360 1350 566 1408 Hesychius
591 1351 760 1393 Milesius
786 1349 970 1391 Iustiniani
997 1350 1182 1393 levitatem
1206 1353 1356 1404 derisit,
1386 1355 1446 1411 qui
1466 1356 1553 1397 adu·

93 1416 182 1460 lami
200 1417 425 1461 Triboniano
440 1418 522 1461 sore
541 1419 731 1467 crederet,
762 1425 798 1458 ut
818 1417 854 1458 in
882 1417 1024 1459 eoelum
1052 1417 1155 1459 vivus
1187 1421 1438 1476 surriperetur.
1496 1424 1555 1465 De

92 1484 189 1528 illius
212 1486 398 1528 fraudibus
420 1494 529 1543 atque
552 1484 708 1527 fallaciis
731 1484 878 1526 uberius
907 1499 1013 1540 quam
1044 1485 1244 1543 Procopius
1277 1489 1419 1545 scripsit
1448 1491 1553 1546 Aga-

91 1553 189 1595 thias
215 1554 494 1611 Myrrhinaeus3
522 1569 606 1595 nam
636 1561 674 1594 et
712 1560 830 1600 artent,
867 1561 904 1594 et
933 1553 1168 1609 epistolarum
1201 1556 1371 1612 exempla
1400 1559 1552 1613 profert,

91 1621 221 1677 quibus
239 1623 446 1665 Hunnorum
465 1622 627 1664 Ducibus
650 1621 698 1662 ad
719 1619 893 1661 invidiam
925 1629 962 1662 et
983 1621 1068 1662 odia
1090 1623 1275 1673 exc-itatis,
1309 1632 1344 1664 et
1367 1626 1413 1665 ad
1434 1626 1558 1668 civilia

91 1687 192 1731 bella
212 1690 462 1732 crudelissimo
482 1690 633 1731 dissidio
656 1688 907 1738 inflammatis,
940 1701 1023 1730 eam
1046 1699 1197 1745 gentem
1216 1691 1358 1746 penitus
1379 1692 1554 1738 abolevit.

91 1757 174 1799 Nee
191 1757 287 1800 siluit
307 1757 605 1814 patrimoniorum
627 1766 664 1799 et
685 1756 952 1799 haereditatum
971 1757 1118 1812 rapinas
1147 1773 1265 1814 aeque
1285 1759 1321 1800 in
1344 1761 1556 1816 superstites

89 1824 246 1876 liberos,
297 1840 343 1868 ae
376 1824 414 1868 in
455 1826 663 1868 demortuos
700 1833 896 1881 parenteS,
950 1825 1139 1876 crudeles,
1190 1825 1360 1878 iniustas,
1409 1828 1553 1887 impias,

91 1893 217 1946 Quare
234 1893 386 1936 lustinus
404 1908 594 1936 successor
612 1894 710 1950 apud
731 1892 941 1949 Corippum,

550 1975 660 2013 Vivus
682 1977 784 2026 patri
808 1976 873 2025 qui
897 1974 1055 2012 substitit
1081 1974 1213 2023 haeres,

310 2042 508 2082 Thesauros
526 2043 620 2095 fidis
638 2045 799 2095 privatos
816 2041 916 2094 serre
941 2043 1113 2081 ministris

300 2109 470 2163 Imperat.
771 2121 775 2124 ·

87 2185 184 2228 Nam
215 2185 396 2244 Corippus
421 2187 613 2231 Africanus
641 2195 715 2228 tam
745 2187 966 2244 improvidus
996 2196 1052 2230 est
1078 2187 1262 2230 Iustiniani
1292 2196 1400 2244 atque
1425 2189 1547 2231 lustini
1569 2198 1599 2234 P
1623 2198 1677 2233 IV

87 2253 270 2304 adulator,
310 2270 418 2312 quam
440 2256 533 2298 levis
559 2255 695 2304 Poeta;
734 2255 771 2296 in
801 2244 949 2296 alterius
981 2256 1077 2297 enim
1103 2256 1268 2298 laudibus
1289 2257 1466 2307 exultans,
1497 2258 1547 2298 al-

86 2321 199 2363 terius
229 2321 266 2364 in
303 2323 606 2380 vituperationem
633 2322 765 2365 labitur
795 2323 977 2373 incautus,
1017 2323 1078 2365 vel
1108 2324 1227 2380 potius
1253 2324 1424 2365 adductus
1452 2325 1548 2366 veri-

86 2396 174 2431 tate.
232 2390 436 2449 Gregorius
453 2391 676 2433 Turonensis
701 2392 886 2433 lustiniani
906 2391 1097 2433 avaritiam
1120 2407 1142 2432 a
1161 2391 1356 2433 lectissima
1384 2401 1550 2434 matrona

85 2456 222 2499 Iuliana
239 2459 370 2500 Anicia
391 2459 553 2501 delusam
572 2458 751 2500 luculenta
771 2459 980 2501 narratione
999 2467 1268 2501 commemorat.
1328 2460 1548 2502 Vitalianum

86 2524 134 2568 V.
160 2525 202 2567 C.
234 2526 422 2569 Romanae
450 2527 603 2569 militiae
635 2527 867 2585 Magistrum,
895 2526 1080 2569 Iustiniani
1114 2526 1273 2568 factione
1299 2526 1549 2583 interemptum

86 2601 208 2635 narrat
228 2593 356 2637 Victor
375 2595 590 2637 Tunnensis.

196 2661 231 2703 Is
259 2661 359 2718 ipse,
391 2672 428 2705 et
458 2663 651 2704 Liberatus
679 2662 872 2704 Africanus
898 2662 1097 2704 memoriae
1119 2661 1356 2717 prodiderunt
1384 2660 1546 2702 eiusdem

87 2728 124 2770 in
153 2729 355 2790 uniyersnm
389 2730 686 2772 Ecclesiasticum
724 2730 911 2779 ordinem,
961 2730 998 2772 in
1036 2729 1243 2785 Episcopos
1275 2728 1457 2777 Orientis,
1509 2737 1547 2770 et.

86 2796 255 2847 Africae,
287 2797 324 2839 in
349 2799 532 2842 Romanos
561 2797 757 2841 Pontifices
782 2797 974 2840 saevitiam
1002 2805 1038 2839 et
1066 2796 1333 2838 immanitatem.
1395 2796 1542 2846 Contra,
1569 2802 1604 2836 V
1620 2804 1688 2840 267
