1754 3132
530 140 796 185 HISTORIA
829 140 1047 185 ARCANA
1083 141 1130 187 6.
1294 153 1296 155 ·
1380 168 1381 172 =
1500 141 1564 189 43

98 256 280 315 ἔρχομαι.
324 254 514 307 Λέοντος
537 257 579 299 ἓν
597 256 814 316 Βυζαντίῳ
833 255 909 310 τὴν
930 253 1217 314 αὐτοκράτορα
1238 254 1368 314 ἀρχὴν
1390 252 1568 310 ἔχοντος,

97 327 264 382 γεωργοὶ
283 326 438 369 νεανίαι
459 331 590 382 τρεῖς,
622 326 811 383 Ἰλλυριοὶ
831 326 945 381 γένος
956 357 970 379 ,
1008 323 1223 382 Ζίμαρχός
1239 342 1282 369 τε
1303 326 1370 366 καὶ
1392 322 1570 378 Διτύβι-

97 410 196 443 στος
222 395 289 437 καὶ
312 394 534 444 Ἷουστΐνος
564 393 586 438 ὅ
614 395 658 437 ἔκ
685 395 957 450 Βεδεριανῆς,
997 391 1233 451 πράγμασιν
1259 392 1571 447 ἓνδελεχέστατα

98 469 184 514 τοῖς
219 462 301 506 ἀπὸ
333 467 408 518 τῆς
436 465 575 513 πενίας
612 463 715 507 οἷ’κοι
742 460 968 518 μαχόμενοι
990 462 1148 507 τούτων
1168 481 1211 506 τε
1233 462 1573 512 ἀπαλλαξείοντες

64 533 162 574 5ἔπὶ
187 535 248 590 τῷ
272 530 575 590 στρατεύεσθαι
601 531 813 590 ὥρμησαν.
884 534 951 574 καὶ
974 535 1073 587 πεζῆ
1093 534 1329 585 βαδίζοντες
1348 531 1389 581 ἐς
1406 527 1572 582 Βυζάν-

97 617 184 644 τιον
212 599 364 658 ᾔεσαν,
401 599 575 658 σισύρας
604 601 667 643 ἐπὶ
696 604 780 643 τῶν
808 598 932 654 ὤμων
962 601 1079 644 αὐτοὶ
1111 602 1327 658 φέροντες,
1363 600 1406 642 ἐν
1429 597 1495 650 αἷς
1517 599 1569 655 δὴ

95 669 198 713 ἄλλο
219 669 339 712 οὐδὲν
358 668 420 712 ὅτι
437 670 496 726 μὴ
518 667 715 725 διπύρους
734 668 887 726 ἄρτους
905 669 1071 713 οἴκοθεν
1091 669 1386 725 ε’μβεβλημένοι
1401 667 1574 725 ἀφίκον-

95 755 168 790 το,
206 738 439 794 ταχθέντας
458 755 501 781 τε
519 739 562 782 ἓν
583 745 669 788 τοῖς
693 745 1001 794 στρατιωτικοῖς
1022 737 1263 795 καταλόγοις
1282 737 1476 793 βασιλεὺς
1496 737 1574 779 αὗ-

95 806 194 856 τοὺς
217 807 258 857 ἔς
279 811 353 850 τοῦ
377 808 579 850 παλατίου
603 807 679 862 τὴν
700 807 888 864 φυλακὴν
907 807 1181 859 ἕπεξελέξατο.
1255 805 1463 850 κάλλιστοι
1495 805 1574 863 γὰρ

43 879 87 913 10
98 875 275 926 ἅπαντες
307 876 361 918 τὰ
389 873 565 930 σώματα
593 872 713 931 ἦσαν.
780 874 919 934 χρόνῳ
949 877 994 919 δὲ
1022 876 1196 933 ’ὕστερον
1213 877 1471 934 Ἀναστασίῳ
1496 874 1572 930 τὴν

93 945 306 999 βασιλείαν
322 943 609 1002 παραλαβόντι
626 942 804 1000 πόλεμος
825 945 928 1002 πρὸς
948 945 995 988 τὸ
1013 944 1213 1002 ’Ῑσαύρων
1233 944 1357 994 ἔθνος
1374 943 1482 987 ὅπλα
1502 943 1570 987 ἐπ’

95 1013 223 1056 αὖτόν
239 1012 472 1071 ἀραμένους
494 1013 682 1069 κατέστη.
755 1013 955 1070 στρατιάν
975 1031 1018 1058 τε
1037 1013 1162 1071 λόγου
1185 1015 1303 1064 ἀξίαν
1324 1013 1394 1056 ἐπ’
1419 1013 1573 1063 αὐτοὺς

65 1078 70 1081 ”
94 1081 297 1138 ἔπεμψεν,
324 1077 455 1138 ἧσπερ
471 1081 664 1139 Ἰωάννης
681 1081 814 1139 ἧγεΐτο
825 1116 838 1136 ,
864 1084 1074 1139 ἐπίκλησιν
1091 1081 1254 1138 κυρτός.
1290 1077 1412 1133 οὗτος
1427 1079 1572 1125 Ἰωάν-

93 1167 167 1206 νης
189 1151 262 1194 τὸν
278 1151 497 1195 ’Ῑουστῒνον
520 1150 763 1209 ἇμαρτάὸος
784 1146 898 1201 τινὸς
914 1153 1029 1195 ἕνεκα
1049 1154 1091 1196 ἓν
1110 1153 1378 1210 δεσμωτηρίῳ
1400 1155 1574 1208 καθεῖρ-

40 1222 83 1258 15
95 1222 183 1273 ξεν,
220 1219 354 1281 ἡμέρᾳ
374 1237 418 1263 τε
442 1225 494 1278 τῇ
520 1219 688 1279 ἐπιούσῃ
708 1221 751 1272 ἐξ
773 1219 1009 1278 ἀνθρώπων
1029 1221 1156 1264 αὐτὸν
1178 1221 1366 1278 ἀφανιεῖν
1387 1219 1565 1274 ἒζιιελλεν,

95 1290 131 1331 εἲ
159 1286 220 1344 μή
253 1306 317 1339 τις
347 1289 502 1342 μεταξὺ
527 1290 783 1346 ἐπιγενομένη
808 1289 906 1344 ὄψις
928 1290 1086 1347 ὀνείρου
1111 1288 1325 1333 ἐκώλυσεν.
1398 1289 1477 1345 ἔφη
1493 1287 1572 1345 γάρ

1592 604 1623 639 Β

1598 951 1725 986 VQ92

1593 1231 1624 1266 C

95 1357 136 1400 οἳ
157 1358 199 1399 ἓν
216 1357 358 1417 ὀνείρῳ
380 1355 402 1400 ὃ
420 1360 652 1414 στρατηγὸς
669 1360 846 1412 ἐντυχεῖν
867 1375 960 1401 τινα
978 1358 1224 1415 παμμεγέθη
1240 1376 1283 1401 τε
1297 1358 1344 1401 τὸ
1360 1363 1483 1412 σῶμα
1505 1359 1573 1400 καὶ
1595 1368 1628 1403 A
1650 1369 1696 1404 28

93 1425 226 1469 τᾶλλα
252 1428 427 1483 κρείσσω
455 1426 481 1483 ἢ
508 1425 721 1486 ἀνθρώπῳ
743 1426 992 1479 εἰκάζεσθαι.
1065 1429 1133 1470 καὶ
1155 1427 1228 1470 τὸν
1247 1427 1322 1482 μέν
1345 1427 1385 1470 οἶ
1404 1428 1576 1482 ἐπισκῆ-

93 1505 175 1550 ψαι
194 1500 384 1549 μεθεῖναι
405 1495 478 1538 τὸν
499 1495 648 1553 ἄνδρα,
689 1495 812 1552 ὅνπερ
833 1498 1059 1553 καθείρξας
1078 1497 1206 1554 ἐκείνῃ
1225 1500 1277 1554 τῇ
1297 1493 1431 1556 ἡμέρᾳ
1455 1493 1574 1552 ἐτύγ-

39 1567 238 1620 2οχανεν“
276 1564 405 1607 αὐτὸν
433 1565 478 1608 δὲ
506 1570 583 1608 τοῦ
602 1564 734 1608 ὕπνου
753 1563 1036 1616 ἐξαναστάντα
1054 1566 1096 1608 ἓν
1116 1564 1260 1625 ἀλογίᾳ
1279 1564 1355 1620 τὴν
1373 1568 1448 1608 τοῦ
1468 1564 1575 1608 ὀνεί-

93 1649 170 1690 ρου
192 1631 292 1689 ’ὄψιν
313 1631 586 1688 ποιήσασθαι.
656 1632 936 1689 ἐπιλαβούσης
959 1636 1004 1677 δὲ
1022 1636 1090 1677 καὶ
1111 1633 1253 1690 ἑτέρας
1275 1634 1423 1684 νυκτὸς
1444 1631 1576 1676 ἐδόκει

92 1702 168 1756 μέν
195 1702 237 1745 ἓν
263 1705 324 1761 τῷ
361 1701 501 1762 ὀνείρῳ
537 1704 605 1746 καὶ
638 1698 766 1753 αὖθις
798 1708 882 1746 τῶν
911 1701 1045 1760 λόγων
1068 1701 1230 1754 ἀκούειν
1253 1697 1386 1759 ὧνπερ
1408 1700 1574 1758 ἠκηκόει

187 1824 221 1858 3.
255 1820 532 1868 ἐνδελεχέστατα
556 1826 634 1864 τοῖς
658 1821 755 1868 ἀπὸ]
781 1822 1080 1869 ἕνδελεχεστοὶτης
1103 1822 1178 1859 ἀπὸ
1203 1823 1330 1858 Suidas
1353 1835 1382 1858 ι.
1406 1834 1442 1857 v.
1470 1823 1572 1858 ἕνδε-

188 1868 394 1913 λεχέστατα.
531 1871 565 1905 4.
599 1874 679 1909 τοῖς
709 1871 815 1904 Alem.
847 1872 947 1907 Malt.
1006 1873 1073 1915 τῆς
1106 1871 1177 1905 ΑΡ.
1317 1871 1352 1905 7.
1389 1868 1574 1915 διπύρους

188 1915 316 1950 Suidas
348 1927 376 1950 s.
409 1928 442 1950 V.
477 1917 635 1960 δίπυρος
659 1920 694 1950 et
718 1917 858 1960 σισύρα.
908 1916 1053 1962 πηρούς
1086 1917 1160 1952 ΑΡ.
1298 1919 1354 1952 10.
1387 1912 1572 1959 ἅπαντες]

188 1959 365 1997 ἁπάντων
387 1962 506 1997 Reisk.
613 1964 667 1998 12.
692 1962 848 2008 κατέστη
873 1964 980 1998 Alem.
1006 1965 1047 1998 P.
1094 1960 1231 2005 ὁπλίζει
1255 1964 1297 1998 A.
1404 1961 1456 1998 14.
1482 1960 1574 1997 ’Iov-

187 2012 313 2044 στῖνον
347 2008 453 2042 Alem.
491 2019 533 2042 ex
568 2009 646 2043 MS.
682 2008 776 2043 Med.
815 2016 851 2044 et
880 2010 919 2044 Ρ.
970 2010 1227 2045 ἰουστινιανὸν
1251 2011 1282 2043 Α
1307 2014 1342 2043 et
1364 2008 1463 2043 codd.
1491 2009 1573 2042 vat.

189 2056 244 2091 15.
294 2051 471 2099 ἀφανιεῖν
515 2055 631 2088 Reisk.
691 2055 888 2099 ἀφανίζειν
925 2057 1032 2091 Alem.
1091 2054 1220 2101 οἷφίειν
1258 2057 1299 2092 Α.
1357 2052 1487 2100 ἄφιεῖν
1530 2056 1573 2088 Ρ.

185 2102 245 2136 22.
265 2100 334 2145 μὲν
357 2101 477 2135 Reisk.
522 2101 648 2145 μένειν
673 2103 742 2136 ΑΡ.

95 2202 139 2237 tii
160 2202 234 2237 Leo
256 2214 416 2238 summam
448 2204 601 2239 habebat
631 2204 793 2250 Imperii,
827 2216 902 2239 cum
925 2208 998 2240 tres
1021 2205 1058 2239 in
1080 2204 1199 2250 Illyria
1222 2205 1294 2240 nati
1308 2230 1319 2247 ‚
1352 2204 1576 2239 exercendis-

96 2259 167 2294 que
189 2249 286 2294 agris
309 2250 439 2284 assueti
463 2250 699 2285 adolescentes
727 2251 923 2286 Zimarchus
937 2279 946 2294 ‚
982 2251 1181 2296 Ditybistus
1205 2257 1242 2286 et
1263 2251 1417 2286 Iustinus
1450 2251 1577 2294 (cuius

96 2294 293 2329 Bederiana
315 2296 431 2341 patria
452 2297 543 2340 fuit)
576 2308 746 2339 summae,
773 2309 841 2343 qua
863 2297 954 2332 domi
977 2299 1246 2344 premebantur,
1271 2297 1438 2342 egestatis
1460 2297 1577 2331 vitan-

96 2341 163 2375 dae
186 2351 314 2384 causa,
349 2341 504 2377 militiam
527 2349 740 2388 sequuntur,
771 2343 987 2389 pedibusque
1012 2344 1216 2389 Byzantium
1239 2344 1400 2386 veniunt,
1435 2343 1577 2378 reiectis

96 2389 176 2432 post
197 2390 300 2432 terga
322 2387 427 2434 sagiS‚
450 2388 486 2422 in
511 2390 636 2434 quibus
661 2394 802 2435 praeter
825 2391 1047 2425 secundarios
1071 2402 1191 2435 panes,
1215 2390 1299 2424 nihil
1324 2390 1375 2423 eis
1399 2389 1494 2434 quod
1518 2401 1578 2423 re-

98 2432 299 2474 conderent,
326 2445 371 2468 ex
395 2445 434 2468 re
457 2435 646 2469 domestica.
669 2436 749 2470 fuit.
795 2437 959 2471 Numeris
981 2436 1185 2471 militaribus
1208 2436 1369 2482 inscripti
1393 2438 1437 2470 ab
1462 2436 1578 2480 Impe-

97 2481 237 2520 ratores,
268 2484 393 2526 utpote
423 2481 568 2525 egregia
599 2482 756 2527 corporis
784 2483 895 2517 forma
918 2482 1118 2527 conspicui,
1152 2483 1195 2518 ad
1229 2481 1350 2527 regiae
1383 2481 1577 2516 custodiam

97 2523 296 2568 seliguntur.
341 2526 491 2572 Imperio
526 2527 652 2562 deinde
686 2527 817 2573 potitus
850 2529 1072 2571 Anastasius,
1115 2529 1151 2562 in
1183 2529 1342 2570 Isauros,
1389 2527 1448 2571 qui
1480 2537 1576 2560 arma

98 2574 326 2621 sumpserant,
347 2571 622 2608 florentissimum
646 2574 801 2608 immittit
825 2575 1027 2617 exercitum,
1065 2586 1166 2620 quem
1191 2576 1338 2609 Ioannes
1361 2574 1486 2618 gibbus
1510 2573 1577 2606 du-

99 2615 223 2649 ctavit.
265 2616 304 2651 Is
325 2617 492 2653 Iustinum
515 2619 667 2654 criminis
690 2632 786 2654 reum
811 2620 956 2655 inciudit
979 2632 1142 2661 carcere,
1176 2620 1346 2666 postridie
1369 2619 1487 2653 statim
1514 2628 1576 2651 ca-

100 2660 176 2706 pite
204 2661 430 2706 plectendum.
477 2665 627 2708 Verum,
659 2671 699 2700 ut
723 2666 794 2700 dux
815 2667 875 2701 ille
910 2679 1053 2702 narrare
1078 2668 1231 2709 solebat,
1266 2678 1288 2700 a
1311 2664 1489 2711 proposito
1513 2663 1576 2698 de-

100 2711 277 2749 terretur,
306 2708 384 2743 viso
408 2722 471 2755 per
495 2711 642 2755 quietem
667 2711 756 2754 sibi,
790 2712 851 2758 qui
874 2714 1090 2758 proceritate
1114 2725 1156 2747 ac
1178 2713 1313 2757 reliquo
1338 2710 1495 2755 corporis
1511 2710 1576 2744 ha-

101 2752 189 2806 bitu·
202 2755 436 2807 praestantius
465 2757 548 2802 quid
572 2759 706 2792 homine
738 2769 825 2804 prae
851 2770 890 2793 se
917 2760 1050 2801 ferret,
1081 2759 1287 2803 iuberetque
1318 2755 1444 2790 dimitti
1472 2767 1574 2801 quem

101 2798 215 2843 pridie
237 2799 438 2835 trad1disset
461 2803 645 2838 custodiae.
692 2804 755 2839 Ille
778 2815 894 2840 somno
918 2805 1053 2840 excitus
1075 2816 1142 2839 non
1167 2804 1282 2849 magni
1304 2802 1402 2837 ducit
1424 2813 1514 2848 quae
1537 2801 1574 2835 in
