1800 3126
266 145 362 193 384
716 150 776 194 IN
809 150 950 194 HIST.
982 152 1232 197 ARCANAM

263 258 427 309 τρανῶς.
484 253 543 298 ὅτι
570 256 809 300 συκοτόκυλα
837 254 1029 312 ὄρνιθίων
1055 260 1184 314 ἔφαγε.
1239 261 1306 302 καὶ
1334 259 1393 303 ὅτι
1420 260 1566 310 πολλᾶς
1588 259 1691 316 ὥρας

260 311 509 365 γονυκλισίας
545 317 671 354 ποιῶν
706 311 866 365 ἤυχετο,
901 314 967 355 καὶ
1006 313 1103 355 ἄλλα
1136 315 1285 357 τούτων
1321 316 1690 371 καταγελαστότεραε

261 366 362 418 quid
393 368 518 405 libelli
555 371 795 406 continerent
823 373 1127 421 operaepretium
1155 379 1212 409 est
1241 372 1400 422 audire,
1440 388 1489 411 ac
1516 381 1599 412 tum
1627 375 1690 424 ef-

248 425 350 473 fuse
377 422 512 462 ridere.
568 425 813 475 Eutychium
836 426 1090 476 gallinarum
1116 427 1260 477 hepar,
1286 435 1322 465 et
1348 430 1536 467 intestina
1563 443 1691 466 come-

261 478 381 526 disse,
411 479 637 530 multasque
663 481 784 518 liora-s·
803 479 850 517 de
867 482 1065 532 geniculis
1093 481 1244 520 orando
1264 486 1570 534 consumpsiece;
1594 485 1691 522 haee

261 535 303 570 in
324 534 454 582 illam,
485 541 520 569 et
540 534 606 570 his
632 537 786 574 similia
807 538 894 573 risu
913 536 1113 588 digniora.
1169 540 1220 575 Et
1237 540 1365 575 mariti
1384 541 1536 576 aemula
1553 539 1690 577 Theo-

261 588 353 625 do⁸ra
382 589 524 626 iisdem
554 591 700 629 artibus
728 593 770 628 in
798 592 1018 642 Sylverium
1045 606 1116 630 usa
1146 601 1214 641 est,
1242 607 1336 631 nam
1363 596 1474 631 misit
1499 597 1691 633 iussiones

258 643 317 680 ad
333 645 580 681 Belisariam
609 647 670 683 ita
698 649 956 696 continente85
985 648 1072 686 vide
1100 649 1264 700 aliquas
1292 651 1513 687 occasiones
1539 652 1582 688 in
1602 652 1691 700 Syl-

259 701 410 737 verium
430 714 599 751 papam,
628 709 665 738 et
693 701 838 753 depone
865 704 984 740 illum
1006 705 1056 741 ab
1079 706 1327 755 episcopatu,
1353 711 1427 742 aut
1455 711 1554 742 certe
1569 707 1691 756 festi-

258 768 336 792 nus
362 758 587 793 transmitte
614 755 673 794 ad
697 771 781 796 nos.
836 760 971 796 Anast.
999 761 1041 796 in
1066 760 1258 811 Sylverio.

371 812 417 847 P.
443 814 516 859 66,
546 810 588 852 4.
643 814 695 851 In
722 813 796 851 lzoe
823 816 926 851 enim
955 815 1030 852 illa
1058 817 1181 865 plane
1209 814 1475 866 repugnabat]
1512 816 1600 853 Non
1626 828 1691 853 so-

260 863 345 900 lum
373 865 618 916 Euphemia3
658 867 728 906 sed
767 870 883 906 etiam
919 872 1125 908 Iustiniani
1163 878 1287 908 mater
1323 871 1545 921 Bigleniza,
1587 869 1694 921 quod

263 932 355 956 cum
384 923 559 960 evincere
587 925 659 960 illa
685 927 938 976 nequivisset,
967 933 1011 964 ut
1040 925 1286 978 Theophilus
1313 927 1355 962 in
1383 928 1463 964 vita
1489 927 1692 963 Iustiniani

261 975 451 1026 affirmat,
479 991 656 1017 moerore
682 981 895 1018 contabuit.

367 1034 414 1069 P·
445 1036 516 1082 66,
547 1034 588 1072 8.
659 1035 759 1073 Cum
789 1050 862 1073 suo
898 1038 1053 1073 nomine
1081 1049 1176 1073 sane
1211 1034 1498 1087 ignominioso]
1538 1034 1586 1072 Id
1622 1042 1692 1082 est,

262 1087 510 1137 Lupicinae,
539 1091 620 1126 sive
648 1092 870 1140 Lupiciae:
898 1104 992 1128 nam
1019 1093 1207 1129 vilissima
1235 1099 1360 1130 scorta
1386 1092 1524 1128 Latine
1550 1092 1695 1142 Lupus
1735 1100 1737 1103 ·

144 1146 174 1177 Α
195 1145 241 1179 36
265 1141 443 1180 dicilnus.
499 1143 733 1182 Theodorus
759 1148 919 1183 Lector:
950 1142 1117 1198 σύμβιον
1143 1145 1241 1198 εἶχεν
1269 1143 1429 1199 ὀνόματι
1454 1147 1694 1194 Λουπικίαν,

259 1195 313 1248 ἢν
333 1197 547 1250 γενομένην
563 1197 799 1253 Αὕγούσταν
816 1198 1036 1253 Εὐφημίαν
1057 1203 1098 1242 οἱ
1121 1201 1283 1254 δημόται
1309 1199 1530 1253 ὠνόμασαν.
1591 1201 1694 1238 Con-

258 1255 391 1303 iugem
417 1254 561 1291 habuit
588 1258 743 1293 nomine
759 1258 989 1306 Lupiciam,
1020 1271 1142 1307 quam
1171 1264 1343 1294 creatam
1361 1257 1594 1307 Augustam
1615 1270 1693 1307 po-

251 1309 383 1359 palus
411 1310 676 1359 Euphemiam
712 1314 880 1352 vocavit.
937 1315 983 1348 In
1020 1313 1187 1362 publicis
1223 1313 1588 1359 acclamationibus3
1624 1314 1693 1348 Iu-

261 1376 394 1402 srmr..
431 1377 528 1402 AUG.
567 1378 639 1405 TV.
674 1378 838 1405 vchs.
881 1369 1113 1405 EUPHEMIA.
1143 1379 1241 1406 AUG.
1275 1379 1346 1406 TV.
1375 1379 1536 1406 vmms.
1578 1374 1616 1404 et
1650 1369 1694 1403 in

258 1421 420 1471 antiqua
458 1422 725 1473 inscriptione.
789 1424 963 1460 Domum.
1002 1436 1171 1461 'ro'rws-
1210 1435 1347 1461 omns.
1381 1425 1588 1460 Ius‘rmus.
1624 1435 1691 1459 ET.

257 1477 490 1513 Eurumm.
518 1490 577 1514 121².
606 1490 731 1516 Auso.
786 1480 858 1515 Pia
886 1479 1058 1515 foemina
1085 1485 1267 1516 venerata
1295 1485 1352 1516 est
1377 1485 1590 1528 martyrem
1608 1479 1691 1514 Eu-

239 1526 460 1581 'phemiam
487 1545 567 1570 non
595 1535 723 1570 solum
751 1535 923 1571 nominis
949 1541 1116 1582 tessera,
1160 1534 1229 1571 sed
1266 1536 1384 1571 etiam
1410 1534 1557 1584 templo
1587 1534 1693 1570 Con-

258 1588 515 1638 stantinopoli
545 1590 751 1639 magnifice
788 1596 1026 1637 constructo,
1065 1592 1107 1626 in
1137 1603 1214 1641 quo
1252 1591 1326 1626 sibi
1354 1596 1522 1627 statuam
1548 1590 1692 1639 posuit.

257 1638 475 1693 Εὕφημίας
507 1646 576 1694 τῆς
611 1642 792 1696 γυναικὸς
824 1641 1031 1684 Ἰουστίνου
1059 1648 1130 1684 τοῦ
1161 1643 1311 1699 Θρᾳκὸς
1340 1641 1461 1695 στήλη
1489 1643 1620 1683 ἵστατο
1650 1642 1694 1683 ἐν

257 1700 308 1750 τῇ
336 1696 428 1752 ἁγίᾳ
456 1694 654 1754 Εὕφημίᾳ
685 1703 738 1754 τῇ
762 1698 842 1740 ’ὑπὸ
870 1698 993 1751 αὐτῆς
1018 1702 1234 1754 κτισθείσῃ.
1290 1700 1532 1751 Euplzemiae
1559 1700 1695 1736 uxoris

257 1753 410 1790 Iustina·
446 1753 610 1791 Thracis
647 1762 790 1792 statua
821 1762 878 1792 est
915 1757 958 1793 in
996 1756 1138 1806 templo
1175 1762 1336 1792 sanctae
1362 1755 1607 1806 Euphemiae
1642 1754 1692 1791 ab

260 1807 398 1844 eadem
426 1808 647 1859 aedificato.
705 1810 862 1848 Suidas.

371 1865 416 1901 P.
443 1867 508 1911 66,
539 1867 577 1904 9.
633 1867 749 1903 Haec
775 1880 852 1903 non
882 1867 942 1902 ita
968 1866 1095 1902 multo
1119 1872 1212 1915 post
1242 1863 1388 1902 excedit
1416 1879 1435 1902 e
1462 1864 1570 1915 vita]
1608 1866 1695 1901 Non

263 1916 397 1956 dubito
440 1922 535 1970 quin
567 1928 656 1958 aute
694 1934 842 1959 annum
877 1923 1032 1972 imperii
1070 1928 1249 1969 sextum,
1293 1934 1369 1972 quo
1399 1919 1615 1966 Cedrenus,
1651 1926 1695 1956 ut

262 1987 360 2012 mox
389 1974 529 2023 dicam,
562 1976 805 2027 Euphemiae
835 1978 986 2015 obitum
1013 1990 1218 2028 perperam
1246 1983 1367 2014 notat.
1422 1979 1523 2013 Nam
1549 1977 1694 2012 falsum

262 2032 422 2068 omnino
451 2030 552 2068 illud
579 2035 699 2070 etiam
727 2041 796 2082 est,
831 2032 936 2085 quod
965 2032 1012 2069 de
1041 2031 1209 2069 secunda
1237 2033 1374 2069 Iustini
1395 2033 1557 2080 coniuge
1586 2030 1694 2067 affir—

262 2093 358 2123 mat.
416 2085 554 2136 ἔστεψε
583 2087 625 2127 δὲ
656 2088 723 2128 καὶ
754 2086 962 2140 Θεοδῶραν
997 2085 1070 2137 τήν
1106 2091 1272 2138 γυναῖκα
1310 2082 1433 2126 αὐτοῦ
1461 2082 1696 2138 Αὕγούσταν

260 2144 332 2191 τῆς
371 2138 587 2192 Εὕφημίας
631 2143 922 2195 τελευτησάσης.
1002 2143 1216 2180 Οονοηανίι
1257 2156 1412 2193 quoque
1454 2140 1696 2179 Theodoram.

261 2209 421 2232 uxorem
456 2211 575 2234 suam
609 2198 863 2249 Augustam,
904 2200 987 2235 iam
1026 2205 1184 2235 mortua
1222 2198 1453 2248 Euplzemia.
1519 2198 1584 2234 Ex
1621 2194 1696 2233 hoc

258 2251 367 2288 fonte
397 2253 576 2290 Octavius
607 2266 629 2289 a
657 2255 855 2304 Rosberg,
897 2261 934 2291 et
970 2254 1084 2290 multi
1112 2255 1235 2292 nostri
1266 2254 1453 2304 temporis
1491 2253 1696 2302 scriptores

259 2306 302 2342 id
332 2305 555 2345 hauserunt.
612 2311 758 2346 Verum
787 2312 985 2347 enimvero
1018 2316 1062 2346 ut
1089 2311 1293 2360 ingenium
1320 2309 1459 2346 Iustiui
1484 2308 1695 2358 Procopius

260 2361 486 2410 declararet,
516 2362 617 2400 nihil
646 2365 696 2402 ad
724 2378 808 2402 rem
836 2367 962 2415 magis
991 2365 1158 2413 fecisset,
1189 2378 1308 2416 quam
1334 2363 1504 2401 hominis
1531 2362 1695 2401 confecti

260 2431 415 2455 summa
444 2426 654 2468 senectute,
686 2434 730 2457 ac
757 2421 868 2472 pedis
898 2422 1068 2468 vulnere,
1098 2428 1143 2458 ut
1169 2422 1300 2458 statim
1329 2419 1514 2467 dicemus,
1543 2419 1695 2468 gravis-

261 2475 359 2510 sime
403 2474 614 2512 laborantis
658 2475 840 2523 choreas,
881 2478 1076 2527 nuptiales
1119 2477 1248 2523 faces,
1292 2476 1484 2525 tibiasque
1524 2486 1694 2510 narrare.

262 2528 356 2578 Sed,
386 2530 427 2566 in
452 2531 531 2566 illis
558 2530 723 2568 cedreni
750 2533 878 2570 verbis
908 2532 984 2569 duo
1014 2538 1103 2569 sunt
1132 2528 1498 2567 animadvertenda:
1529 2530 1694 2566 alterum

262 2591 342 2631 est,
384 2587 539 2622 Graecis
576 2585 712 2637 ἕστεψε
746 2589 1005 2624 matrimoniis
1042 2587 1306 2624 celebritatem
1344 2585 1549 2632 denotare,
1591 2581 1696 2635 quod

263 2641 357 2677 alibi
380 2643 540 2692 passim,
570 2649 608 2678 et
635 2644 676 2678 in
704 2644 1055 2680 matrimonialibus
1083 2643 1178 2679 iuris
1208 2642 1353 2678 Graeco
1383 2642 1550 2679 Romani
1573 2651 1696 2691 quae-

262 2697 452 2735 stiouibus
489 2697 681 2735 observes.
736 2699 894 2735 Etenim
932 2699 1069 2735 Graeci
1105 2698 1300 2735 solemnes
1336 2698 1560 2748 nuptiarum
1598 2697 1693 2731 ritus

262 2753 423 2801 prolatis
452 2755 604 2792 coronis
633 2754 862 2804 absolvunt,
894 2767 990 2806 quas
1019 2754 1171 2805 sponsis
1199 2754 1419 2804 imponunt,
1449 2758 1584 2804 estque
1613 2747 1694 2790 στέ-
