1858 3126
315 137 412 184 312
898 135 1160 179 PROCOPII

311 247 461 298 πόλεως
481 248 525 291 τὸ
542 248 689 304 χωρίον
711 243 930 302 δεδώρηται
956 250 1071 288 τοῦτο
1082 276 1094 296 ,
1124 245 1169 286 οὗ
1193 245 1322 300 μέντοι
1341 245 1453 289 οὐδέν
1473 244 1562 289 οῧδὲ
1577 250 1734 299 βασιλι.

315 316 384 358 κᾶν
404 316 495 358 οὐδὲ
520 315 808 370 μεγαλοπρεπὲς
831 315 924 368 τῇδε
954 314 1179 365 πεποίηται,
1213 313 1313 354 ἀλλὰ
1339 318 1388 369 τῇ
1415 314 1485 367 μὲν
1513 317 1735 368 κατασκευῇ

316 385 378 424 ἐπὶ
403 387 472 435 τῆς
494 383 686 437 προτέρας
710 381 871 433 διέμεινε
896 377 1039 432 τύχης,
1074 376 1336 431 κεκόμψευται
1357 381 1399 421 δὲ
1419 379 1527 436 μόνῳ
1548 385 1603 436 τῷ
1623 380 1735 428 πόλις

317 453 533 502 κεκλῆσθαι
556 450 622 488 καὶ
651 451 700 502 τῇ
721 447 919 503 ἐπωνυμίᾳ
944 450 1013 498 τῆς
1034 447 1230 501 τροφίμου
1247 443 1402 499 Ἑλένης
1421 444 1735 499 ἀποσεμνύνεται.

320 514 343 557 ὃ
365 518 407 557 δὲ
423 515 522 556 καθ’
544 513 650 566 ἡμᾶς
666 513 864 566 βασιλεὺς,
900 511 1028 567 ὥσπερ
1046 512 1117 564 τὴν
1135 510 1411 566 ἀγνωμοσύνην
1429 512 1767 566 ἀπολογούμενοςδ

321 586 394 624 τοῦ
413 586 483 634 τῆς
502 581 703 633 βασιλείας
723 577 990 635 προπάτορος,
1025 582 1162 633 πρῶτα
1181 578 1252 630 μὲν
1280 579 1424 627 ὕδατος
1445 579 1588 636 ἀπορίᾳ
1610 581 1739 629 πιεζο-

322 650 441 702 μένην
469 648 539 700 τὴν
563 646 676 688 πόλιν
706 646 801 686 &idm
823 648 887 687 καὶ
918 647 1017 700 δίψῃ
1047 646 1221 694 ἐπιεικῶς
1249 646 1353 699 δεινῇ
1373 645 1575 698 ἐχομένην,
1608 644 1740 697 ὄχετόν

325 714 444 762 αὐτὸς
465 712 654 767 σχεδιάζει
676 711 904 765 θαυμάσιον
923 710 1018 761 οἷον,
1037 711 1146 766 ὕδωρ
1172 728 1212 753 τε
1236 711 1341 766 αὐτῷ
1363 711 1571 766 παρέχεται
1592 711 1742 766 ἀπροσ-

325 780 492 833 δόκητον
528 782 644 829 ι’ὸεῖν,
677 786 760 828 τοῖς
792 781 884 834 τῇδε
913 778 1139 833 ἀνθρώποις
1170 779 1214 818 οὐ
1244 783 1343 818 πιεῖν
1371 775 1515 830 μόνον,
1548 777 1650 818 ἀλλὰ
1679 778 1744 818 καὶ

324 846 514 888 λούεσθαι
537 847 677 894 ἱκανῶς
697 846 806 898 ἕχον,
842 847 906 886 καὶ
929 845 1004 886 ὅσα
1025 844 1126 885 ἄλλα
1143 849 1353 899 τρυφῶσιν-
1366 843 1570 898 ἄνθρωποι
1581 874 1594 893 ,
1629 843 1743 884 εὗπο-
1756 849 1797 883 10

325 915 414 968 ρίαν
438 911 666 967 κατακόρως
696 912 843 960 ὓδατος
868 912 1031 964 ἔχοντες.
1098 911 1197 966 πρὸς
1225 911 1268 951 δὲ
1293 912 1357 951 καὶ
1386 914 1594 963 βαλανεῖον
1617 909 1748 959 αὐτοῖς

267 990 300 1024 D
328 981 368 1020 ἓν
388 981 565 1035 δημοσίῳ
587 980 790 1031 πεποίηται
817 978 862 1018 οὗ
886 978 1074 1034 πρότερον
1094 977 1159 1028 ὂν,
1195 976 1325 1032 ἕτερόν
1349 994 1388 1018 τε
1417 974 1747 1033 ἀνῳκοδομήσατο

328 1046 620 1102 διεφθαρμένον
644 1062 685 1086 τε
708 1047 773 1085 καὶ
793 1048 876 1097 εἰκῆ
896 1047 1067 1096 κείμενον
1086 1048 1143 1100 τῷ
1167 1061 1207 1085 τε
1234 1045 1447 1094 σπανίζειν,
1481 1037 1578 1098 ᾖπέρ
1596 1059 1664 1096 μοι
1685 1044 1750 1098 ἔρ·-

328 1112 436 1168 ρήθη
451 1143 462 1161 ,
497 1116 566 1152 τοῦ
592 1110 738 1159 ὕδατος
765 1113 829 1151 καὶ
857 1115 913 1165 τῷ
942 1111 1220 1163 ἄπημελῆσθαι
1250 1110 1469 1151 καταπεσόν
1493 1110 1582 1163 ἤδη.
1651 1109 1750 1150 ἀλλὰ
1791 1104 1794 1108 “

328 1181 394 1220 καὶ
417 1178 502 1233 ἱερὰ
523 1182 587 1218 καὶ
605 1179 786 1230 βασίλεια
805 1178 870 1217 καὶ
892 1176 1010 1225 στοὰς
1027 1179 1089 1216 καὶ
1111 1176 1377 1231 καταλυτήρια
1395 1183 1478 1224 ταῖς
1498 1177 1638 1230 ἀρχαῖς
1654 1177 1752 1217 ἔδεί-
1764 1179 1805 1216 15
1833 1174 1835 1176 ’

327 1261 431 1298 ματο
451 1247 558 1300 τῇδε,
587 1245 653 1284 καὶ
670 1250 750 1292 τοῖς
771 1242 903 1291 ἄλλοις
920 1244 1172 1284 ἐπιδέδεικται
1191 1243 1314 1296 αὐτὴν
1335 1242 1445 1282 πόλιν
1463 1243 1687 1294 εὐδαίμονα.

188 1322 218 1354 V
242 1321 310 1355 460
468 1310 607 1365 Ταύτῃ
631 1311 673 1351 δὲ
696 1310 758 1365 ρεἴ
777 1315 846 1363 τῆς
868 1309 1016 1358 πόλεως
1045 1308 1209 1363 ἄγχιστα
1230 1309 1426 1360 ποταμὸς,
1457 1307 1572 1364 ὅνπερ
1602 1306 1757 1360 ὁμωνύ-

331 1395 417 1432 μως
436 1382 490 1434 τῷ
511 1377 683 1430 σχήματι
697 1375 909 1431 Δράκοντα
927 1380 1112 1417 καλοῦσιν
1134 1376 1170 1416 οἳ
1194 1374 1405 1430 ἐπιχώριοι.
1462 1375 1758 1430 περιστρέφεται

331 1445 406 1501 γὰρ
446 1443 694 1496 ἑλισσόμενος
722 1444 789 1499 ἐφ’
828 1442 991 1499 ἑκάτερα
1028 1444 1093 1483 καὶ
1129 1442 1200 1483 ἀπ’
1233 1444 1407 1491 ἐναντίας
1438 1442 1545 1497 αὐτῷ
1575 1443 1758 1498 ἀντιρρεΐ,

218 1517 247 1550 Ρ
270 1518 315 1553 97
336 1512 440 1566 ἄγων
462 1511 534 1560 τὰς
556 1513 682 1560 δίνας,
720 1514 864 1565 σκολιῷ
882 1527 921 1551 τε
943 1514 999 1565 τῷ
1022 1508 1160 1564 ῥοθίῳ,
1197 1508 1251 1562 m}
1274 1510 1345 1561 μὲν
1368 1510 1407 1550 ἓν
1427 1510 1546 1566 δεξιᾷ,
1575 1509 1628 1561 πὴ
1653 1509 1694 1548 δὲ
1718 1509 1811 1549 ἐν20

334 1579 524 1634 ἀριστερᾷ
549 1576 745 1632 προσιών·
781 1576 878 1617 ὥστε
910 1576 1041 1627 ἀμέλει
1070 1577 1282 1627 διαβαίνειν
1310 1575 1429 1615 αὐτὸν
1453 1579 1583 1615 πλεῖον
1609 1574 1634 1627 ἢ
1659 1577 1760 1615 εἶκο-

335 1643 449 1693 σάκις
469 1642 683 1697 ἐπάναγκές
704 1644 784 1684 ἔστι
805 1649 887 1690 τοῖς
906 1645 996 1696 τῇδε
1018 1644 1132 1682 ἰοῦσι.
1199 1645 1358 1689 πολλοῖς
1374 1658 1414 1682 τε
1439 1640 1540 1681 οὕτω
1564 1639 1761 1697 διεφθάρ-

335 1715 413 1752 θαι
446 1711 643 1761 ξυνέβαινε
681 1714 752 1750 τοῦ
782 1713 963 1760 ποταμοῦ
996 1708 1227 1756 ἐξαπιναίως
1261 1707 1371 1762 παρὰ
1403 1707 1454 1749 τὰ
1490 1709 1762 1760 ξυνειθισμένα

336 1775 653 1830 πλημμύροντος.
720 1776 819 1830 πρὸς
836 1775 877 1814 δὲ
903 1776 967 1814 καὶ
990 1773 1111 1822 ὁάσος
1132 1774 1361 1829 ἀμφιλαφές
1386 1776 1451 1815 καὶ
1467 1772 1646 1826 καλάμου
1669 1776 1761 1830 τῇδε

337 1844 538 1900 φυομένου
558 1842 659 1896 μέγα
682 1859 720 1882 τι
740 1845 879 1897 χρῆμα
899 1841 1137 1894 συμποδίζον
1155 1840 1276 1882 αὐτοῦ
1293 1841 1364 1894 τὴν
1384 1842 1444 1882 ἐπὶ
1466 1840 1536 1894 τὴν
1553 1840 1815 1886 &alamans

338 1972 564 2009 concesserat3
589 1967 647 2002 sed
664 1967 784 2002 nullum
799 1967 1033 2012 imperatoriae
1047 1967 1307 2012 magnificentiae
1322 1970 1560 2001 monumentum
1574 1967 1765 2012 reliquerat.

338 2013 429 2047 Nam
455 2014 483 2046 si
510 2020 659 2046 ornatum
684 2018 718 2046 et
741 2019 936 2046 structuram
962 2018 1111 2057 spectes,
1135 2018 1254 2046 statum
1280 2013 1450 2056 pristinum
1475 2013 1566 2045 locus
1592 2014 1766 2055 retinebat,

340 2058 427 2091 nudo
448 2059 539 2091 urbis
562 2059 659 2090 titulo
683 2057 840 2100 insignis,
863 2057 1078 2100 Helenaeque
1097 2058 1246 2090 alumnae
1265 2067 1346 2089 suae
1362 2057 1489 2089 nomine
1503 2057 1676 2100 gloriosus.
1722 2058 1768 2090 At

341 2102 520 2146 imperator
538 2107 672 2143 noster,
697 2107 733 2134 ut
756 2102 851 2133 animi
875 2112 987 2145 parum
1012 2102 1155 2134 liberalis
1173 2101 1454 2144 reprehensionem
1471 2102 1512 2134 ab
1534 2101 1658 2145 imperii
1673 2105 1767 2146 patre

339 2147 551 2186 amoliretur,
576 2146 711 2191 primum
729 2146 857 2189 quidem
874 2156 979 2189 aquae
995 2146 1132 2190 penuria
1152 2147 1263 2178 urbem
1282 2146 1383 2190 premi
1400 2151 1434 2178 et
1450 2147 1662 2179 vehementer
1676 2147 1768 2180 sitire

340 2190 618 2231 animadvertens,
641 2196 793 2223 extructo
813 2190 1020 2233 aquaeductu
1037 2190 1187 2233 mirabili,
1211 2191 1434 2234 spectaculum
1453 2191 1604 2233 praebuit
1618 2190 1769 2235 inspera-

344 2241 432 2276 tum3
453 2246 521 2267 eam
539 2235 692 2267 videlicet
706 2235 910 2278 lympharum
926 2235 1006 2277 vim,
1023 2246 1108 2278 quae
1123 2235 1249 2267 civibus
1266 2246 1330 2268 non
1345 2235 1439 2267 modo
1456 2235 1497 2268 ad
1514 2241 1626 2279 potum
1640 2235 1770 2268 abunde

345 2283 444 2319 esset,
459 2290 573 2312 verum
587 2279 685 2312 etiam
697 2279 739 2311 ad
756 2281 887 2312 lavacra
905 2287 1120 2322 caeterasque
1131 2279 1264 2312 delicias
1280 2279 1452 2322 hominum,
1468 2281 1584 2323 quibus
1599 2284 1652 2313 est
1665 2290 1770 2324 aquae

343 2323 484 2357 affatim.
527 2323 709 2356 Praeterea
725 2335 844 2356 novum
860 2324 1011 2356 balneum
1027 2324 1189 2367 publicum
1209 2323 1289 2367 ipsis
1306 2324 1505 2366 aedificavit,
1528 2325 1709 2368 refecitque
1721 2324 1771 2358 al-

342 2373 461 2408 terum,
487 2368 575 2411 quod
593 2368 711 2412 partim
728 2379 834 2411 aquae
849 2368 970 2412 inopia,
993 2368 1034 2400 de
1050 2380 1114 2412 qua
1130 2369 1210 2404 dixi.
1236 2369 1354 2412 partim
1369 2368 1494 2401 incuria
1507 2374 1709 2412 corruptum,
1731 2379 1771 2402 ac

343 2412 406 2445 iam
423 2412 612 2455 collapsum,
637 2418 761 2445 temere
776 2413 917 2446 iacebat.
966 2413 1054 2452 Quin
1071 2413 1168 2446 etiam
1183 2413 1318 2456 templa,
1343 2412 1519 2456 palatium,
1544 2413 1709 2457 porticus,
1731 2423 1772 2447 ac

344 2456 591 2499 magistratuum
611 2457 724 2490 domos
740 2457 858 2490 ibidem
875 2457 1038 2500 condidit,
1063 2458 1226 2501 rebusque
1240 2457 1381 2490 caeteris
1397 2458 1564 2490 civitatem
1582 2458 1704 2492 beavit.

434 2501 589 2533 Proxime
610 2503 722 2534 urbem
739 2502 859 2533 labitur
875 2501 1016 2543 fluvius,
1042 2512 1138 2545 quem
1153 2502 1325 2544 indigenae
1340 2502 1382 2534 ab
1402 2501 1506 2546 ipsius
1521 2503 1627 2535 forma
1642 2502 1772 2536 Draco·

344 2556 423 2579 nem
433 2545 690 2579 denominarunt.
737 2546 870 2578 Etenim
886 2557 945 2590 per
963 2547 1130 2579 anfractus
1148 2553 1236 2578 errat
1250 2546 1399 2578 sinuosos
1419 2550 1558 2590 utroque
1573 2558 1714 2588 versum,
1737 2550 1772 2580 et

342 2590 377 2623 in
394 2601 431 2622 se
447 2589 599 2631 recurrit,
624 2589 768 2622 vortices
787 2591 933 2630 volvens,
956 2601 994 2622 ac
1011 2590 1182 2634 multiplici
1197 2590 1284 2623 flexu
1301 2590 1394 2623 modo
1413 2590 1454 2623 ad
1470 2591 1652 2634 dexteram,
1677 2591 1770 2624 modo
1819 2600 1824 2604 ‘

343 2634 386 2667 ad
403 2634 565 2667 sinistram
582 2645 656 2667 sese
671 2640 885 2678 contorquet:
911 2645 1046 2678 prorsus
1064 2640 1101 2668 ut
1122 2635 1185 2667 iter
1199 2634 1276 2667 illac
1292 2635 1490 2668 facientibus
1514 2636 1618 2669 vicies
1643 2640 1678 2670 et
1703 2646 1771 2668 arn-

343 2679 429 2723 plius
445 2678 551 2722 ipsum
564 2678 720 2712 traiicere
735 2690 872 2712 necesse
886 2679 943 2713 sit.
989 2679 1156 2718 Quocirca
1179 2679 1270 2711 multi
1292 2679 1492 2720 interibant,
1514 2685 1651 2725 repente
1668 2679 1769 2713 fluvio

342 2726 482 2769 praeter
496 2722 628 2757 solitum
643 2723 840 2757 exundante.
887 2723 940 2756 Ad
954 2724 1036 2757 haec
1047 2734 1119 2757 cum
1133 2724 1232 2756 denso
1250 2735 1382 2757 nemore
1395 2725 1564 2768 spissoque
1579 2724 1769 2759 arundineto
