1754 3132
200 146 265 192 54
789 149 1055 193 PROCOPII

200 259 244 308 ἐξ
278 252 326 302 οὗ
357 257 409 313 δὴ
439 255 601 316 ἔφόδοις
634 257 875 303 ἀποκεῖσθαι
907 265 1072 314 συχναῖς
1103 257 1306 314 ξυνέβαινε
1326 259 1533 316 Ῥωμαίων
1564 261 1637 317 τὴν

200 329 289 382 γῆν.
360 324 678 382 ἀπογευσάμενοι
705 326 782 383 γὰρ
812 327 850 369 οἳ
879 325 1083 382 βάρβαροι
1113 321 1225 370 oi'rcot
1241 325 1439 382 Ῥωμαίου
1461 325 1638 371 πλούτου

200 393 424 447 μεθίεσθαι
446 393 578 436 οὐκέτι
598 394 798 449 ἠνείχοντο
819 398 893 448 τῆς
910 395 1092 436 ἐνταῦθα
1110 391 1311 450 φερούσης
1330 393 1440 438 ὅδοῧ.
1507 395 1638 438 πολλὰ

203 461 248 502 δὲ
280 460 429 516 ῥίπτειν
457 462 523 502 καὶ
549 461 588 510 ἐς
612 461 863 510 θαλαττίους
889 461 1120 516 οἰκοδομίας
1141 461 1252 510 τινὰς
1272 461 1413 514 ἠξίου,
1449 459 1639 516 βιαζόμε-

203 543 273 575 νος
293 526 339 568 τὸ
361 530 442 568 τῶν
464 525 654 581 κυμάτων
674 529 715 577 ἒς
736 527 793 570 ἀεὶ
816 525 972 585 ῥόθιον.
1041 528 1083 569 ἐκ
1115 527 1192 583 γὰρ
1219 531 1291 580 τῆς
1309 526 1429 585 ᾐόνος
1449 535 1537 577 ταῖς
1557 533 1671 572 τῶν5

201 595 333 635 λίθων
361 594 566 647 ἐπιβολαῖς
590 595 837 650 ἐπίπροσθεν
861 594 921 652 ᾔει
950 598 1183 651 φιλονεικῶν
1210 601 1298 643 ταῖς
1324 596 1367 637 ἐκ
1397 599 1470 637 τοῦ
1490 592 1640 639 πόντου

202 660 410 715 ἐπιρροαῖς
443 662 508 702 καὶ
535 659 725 717 καθάπερ
755 662 916 723 ἐξουσία
932 659 1109 704 πλούτου
1130 660 1231 717 πρὸς
1250 661 1324 715 τὴν
1343 665 1416 716 τῆς
1430 660 1643 718 θαλάττης

203 725 630 783 ἀντιφιλοτιμούμενος
657 726 843 783 δύναμιν.
910 726 985 778 τάς
1017 745 1061 771 τε
1090 732 1172 771 τῶν
1191 727 1397 782 Ῥωμαίων
1421 729 1527 779 ἰδίας
1547 727 1644 772 ἑκά-

203 810 312 836 στων
339 793 480 843 οὗσίας
509 795 554 836 ἐκ
582 792 713 850 πάσης
732 800 806 851 γῆς
833 796 873 844 ἔς
892 795 1015 838 αὐτὸν
1034 794 1182 852 ἤγειρε,
1219 802 1304 844 τοῖς
1319 796 1392 848 μέν
1410 795 1431 838 ὅ
1450 811 1489 837 τι
1509 795 1559 851 δὴ
1579 795 1643 851 ἴγ-

205 865 340 915 κλημα
371 861 446 915 οὐχ
474 859 713 917 ἅμαρτηθὲν
746 863 1006 915 ἐπικαλέσας,
1043 866 1124 905 τῶν
1153 862 1197 904 δὲ
1218 864 1283 904 καὶ
1302 862 1374 916 τὴν
1392 859 1554 918 γνώμην
1573 861 1643 906 ἅτε
1656 870 1699 906 10

83 919 114 952 A
138 918 184 997 31⁵}
208 927 332 970 αὐτὸν
363 928 652 984 δεδωρημένων
675 928 1026 985 τερατευσάμενος.
1096 931 1239 971 πολλοὶ
1271 930 1316 971 δὲ
1346 926 1480 986 φόνων
1509 946 1552 972 τε
1579 931 1647 972 καὶ

207 994 342 1037 ἄλλων
362 993 620 1050 ἔγκλημάτων
639 995 834 1040 τοιούτων
855 995 1033 1049 ἁλόντες,
1060 993 1144 1054 εἶτα
1167 993 1414 1049 ἐξιστάμενοι
1433 995 1543 1054 αῧτῷ
1563 1001 1646 1040 τῶν

203 1059 367 1104 πάντων
392 1061 616 1118 χρημάτων
651 1063 838 1120 διέφυγον
865 1058 920 1106 ὧν
950 1062 1132 1118 ἥμαρτον
1161 1063 1219 1117 μὴ
1249 1065 1388 1106 δοῦναι
1411 1063 1485 1116 τὴν
1508 1064 1645 1118 δίκην·

60 1132 90 1165 V
117 1133 183 1168 296
207 1129 334 1185 ἕτεροι
366 1130 410 1171 δὲ
437 1130 617 1185 χωρίων,
657 1130 704 1172 οὗ
735 1131 823 1172 δέον
836 1162 849 1182 ,
891 1137 975 1179 τοῖς
997 1131 1120 1179 πέλας
1138 1134 1280 1182 τινῶν,
1318 1128 1368 1171 ἂν
1390 1127 1497 1172 οὕτω
1515 1128 1644 1184 τύχοι,

204 1195 581 1251 ἀμφισβητοῦντες,
615 1196 698 1238 ἐπεὶ
729 1194 1127 1250 καταδιαιτήσασθαι
1149 1201 1230 1239 τῶν
1249 1196 1459 1239 ἀντιδίκων
1485 1196 1645 1251 οὐδαμῆ
1659 1204 1701 1239 15

205 1260 312 1315 εἶχον
341 1266 414 1305 τοῦ
444 1259 572 1317 νόμου
602 1263 739 1319 σφίσιν
771 1263 1130 1316 ἀντιστατοῦντος,
1169 1263 1207 1306 οἳ
1237 1263 1281 1305 δὲ
1313 1260 1472 1312 τούτοις
1491 1263 1542 1318 δὴ
1563 1271 1649 1314 τοΐς

204 1328 520 1384 ἀντιλεγομένοις
542 1329 666 1372 αὗτόν
685 1330 964 1388 δωρησάμενοι
982 1328 1314 1385 ἀπηλλάσσοντο,
1349 1329 1466 1372 αῧτοὶ
1481 1331 1554 1385 μὲν
1569 1329 1648 1385 χά-

207 1413 286 1453 ριτι
319 1396 473 1455 ἀζημίῳ
507 1394 768 1452 κερδάναντες
791 1397 838 1440 τὸ
858 1395 1048 1453 γνώριμοι
1065 1397 1263 1453 γεγονέναι
1281 1400 1339 1455 τῷ
1364 1396 1479 1453 ἀνδρὶ
1501 1396 1647 1455 τούτῳ,

205 1460 347 1523 τρόπῳ
384 1464 428 1506 δὲ
459 1462 797 1525 παρανομωτάτῳ
827 1462 1182 1508 καταδικάσασθαι
1201 1468 1282 1507 τῶν
1300 1463 1510 1508 ἀντιδίκων
1533 1462 1650 1519 ἰσχύ-

206 1545 363 1580 σαντες.
1659 1539 1704 1574 20

350 1596 437 1639 Οὔκ
467 1595 548 1641 ἅπο
579 1598 624 1641 δὲ
654 1603 796 1656 καιροῦ
825 1597 998 1655 ἡγοῦμαι
1022 1595 1120 1641 εἶναι
1142 1599 1208 1640 καὶ
1230 1597 1277 1640 τὸ
1298 1595 1402 1647 εἶδος
1421 1594 1569 1640 τούτου
1597 1597 1651 1654 δὴ

207 1668 282 1707 τοῦ
303 1661 529 1722 ἀνθρώπου
547 1669 739 1721 σημῆναι.
794 1666 841 1710 τὸ
861 1667 934 1721 μὲν
956 1661 1028 1709 οὗν
1045 1669 1165 1720 σῶμα
1186 1664 1278 1708 οὕτε
1297 1665 1452 1721 μακρὸς
1471 1664 1562 1708 οὔτε
1580 1682 1652 1708 κο-

296 1783 334 1817 5.
362 1780 496 1828 ᾐόνος]
527 1780 658 1826 ἠϊόνος
690 1784 762 1818 ΑΡ.
900 1785 934 1819 6.
963 1781 1043 1829 ᾔει]
1076 1782 1123 1818 ἷέι
1147 1783 1187 1817 Α.
1319 1783 1403 1816 ibid.
1434 1782 1652 1829 φιλονεικῶν

299 1827 422 1862 Reisk.
448 1830 666 1872 φιλονείκως
689 1830 759 1864 ΑΡ.
864 1831 899 1865 7.
920 1828 1082 1864 πλούτου
1101 1828 1203 1862 Alem.
1226 1827 1320 1862 πλοῦ
1343 1829 1414 1862 ΑΡ.
1466 1840 1470 1842 ·
1521 1831 1574 1864 16.
1597 1829 1655 1863 οῗ-

299 1873 342 1929 δ,ε
358 1873 462 1953 ξλΑοΙὶ>
482 1871 523 1910 δὲ
545 1875 588 1910 Α.
681 1874 735 1911 17.
760 1869 866 1911 αὐτοὶ
888 1872 955 1919 μὲν
976 1874 1095 1910 Reisk.
1118 1871 1227 1909 αὐτοὶ
1252 1870 1292 1909 δὲ
1314 1873 1386 1908 ΑΡ.
1475 1875 1532 1910 21.
1555 1871 1653 1919 ἄπο]

299 1930 374 1953 απο
466 1943 475 1952 .

210 2019 413 2061 ventarent,
453 2021 592 2064 praeter
625 2019 796 2065 impensas
832 2021 965 2065 magnis
994 2020 1094 2055 etiam
1126 2018 1368 2064 largitionibus
1401 2017 1508 2053 auxit.
1552 2017 1654 2052 Unde

209 2063 435 2098 Romanorum
468 2065 668 2118 provinciae
704 2066 944 2110 frequentibus
975 2066 1194 2100 barbarorum
1226 2064 1402 2109 expositae
1430 2067 1511 2098 sunt
1537 2062 1655 2096 incur-

209 2108 387 2150 sionibus,
421 2120 480 2152 qui
512 2110 556 2143 ad
589 2111 757 2144 Romanas
789 2122 893 2155 opes,
927 2122 1011 2155 quas
1035 2111 1138 2144 semel
1161 2110 1387 2150 delibassent,
1409 2108 1586 2148 redibant,
1610 2108 1654 2141 ab

209 2152 321 2196 iisque
346 2153 464 2187 divelli
487 2164 525 2187 se
547 2165 614 2188 non
638 2156 867 2199 patiebantur.
914 2155 1031 2189 Libuit
1055 2156 1087 2190 ei
1110 2165 1261 2199 magnum
1285 2153 1501 2198 pecuniarum
1522 2152 1655 2197 pondus

210 2197 350 2231 marinis
373 2199 658 2232 substructionum
682 2200 823 2234 molibus
846 2201 1041 2244 demergere
1065 2201 1109 2235 ad
1133 2200 1297 2234 fluctuum
1333 2198 1549 2233 amoliendam
1574 2197 1654 2238 vim,

211 2247 249 2276 et
271 2253 466 2286 magnorum
490 2243 639 2288 lapidum
663 2245 818 2279 obicibus
841 2250 957 2279 contra
980 2246 1081 2280 Ponti
1104 2244 1303 2279 confluentis
1325 2243 1483 2289 impetum
1505 2243 1557 2276 ire
1579 2253 1655 2287 per-

212 2286 378 2330 tinacius,
414 2291 449 2322 et
480 2289 623 2332 quodam
657 2289 852 2324 divitiarum
881 2296 1005 2324 conatu
1037 2290 1138 2324 maris
1167 2288 1347 2323 violentiae
1370 2287 1524 2333 quaesita
1546 2286 1654 2331 gloria

213 2332 393 2366 obluctari.
438 2332 598 2367 Privatas
630 2335 850 2368 Romanorum
883 2336 1092 2370 substantias
1123 2335 1354 2377 undecumque
1385 2333 1449 2366 sibi
1471 2331 1653 2375 contraxit,

212 2376 268 2410 his
292 2377 426 2421 quidem
450 2378 544 2412 vanis
569 2378 711 2413 obiectis
735 2381 949 2422 criminibus,
977 2381 1019 2414 ab
1044 2380 1119 2413 aliis
1143 2380 1229 2413 dono
1249 2379 1314 2413 sibi
1338 2378 1524 2412 destinatas
1543 2377 1656 2411 fortu-

215 2432 296 2463 nas,
320 2421 435 2466 inepte
466 2435 739 2458 commemorans.
786 2426 946 2470 Plerique
975 2425 1256 2469 parricidiorum,
1292 2428 1328 2456 et
1355 2422 1518 2456 eiusmodi
1547 2421 1656 2455 scele-

211 2477 286 2500 rum
318 2467 371 2500 rei
407 2478 534 2511 poenas
567 2469 722 2510 evasuri,
753 2471 905 2504 omnibus
938 2470 970 2504 ei
1001 2470 1095 2504 bonis
1118 2472 1303 2503 cesserunt.
1348 2467 1416 2500 Alii
1438 2477 1512 2500 cum
1531 2466 1656 2500 vicinis

213 2511 306 2545 nullo
329 2511 426 2553 iure,
459 2515 497 2545 ut
519 2512 580 2554 fit,
614 2513 657 2547 de
680 2515 828 2558 praediis
851 2515 977 2549 iudicio
1001 2515 1266 2554 contendentes,
1296 2515 1469 2556 postquam
1500 2510 1655 2545 secundis

214 2555 349 2600 legibus
379 2567 512 2591 causam
545 2557 578 2590 in
611 2559 827 2593 adversarios
861 2561 1016 2594 obtinere
1040 2563 1171 2593 actores
1193 2557 1302 2602 iniqui
1325 2568 1390 2591 non
1413 2560 1590 2600 poterant,
1618 2555 1655 2588 in

214 2612 284 2634 rem
309 2601 468 2636 Caesaris
492 2602 584 2636 litem
607 2608 804 2645 verterunt3
835 2605 871 2638 id
894 2605 1012 2639 saltem
1036 2603 1231 2644 consecuti,
1255 2602 1345 2646 quod
1369 2601 1458 2636 nullo
1482 2601 1599 2635 damno
1622 2599 1655 2633 ei

215 2645 338 2679 fierent
364 2646 435 2680 noti
459 2647 639 2691 gratique,
676 2649 798 2683 deinde
828 2650 1035 2694 iniquissimo
1058 2651 1133 2683 iure
1157 2646 1369 2682 adversarios
1392 2647 1653 2690 oppressissent.

306 2691 406 2726 Haud
449 2691 491 2725 ab
533 2703 570 2726 re
601 2703 677 2726 esse
711 2698 794 2736 puto
828 2695 925 2728 huius
960 2694 1100 2729 hominis
1129 2693 1259 2727 formae
1291 2692 1414 2725 ducere
1442 2691 1654 2724 lineamenta.

215 2734 370 2782 Corpore
391 2748 500 2782 neque
530 2748 673 2783 procero
707 2739 775 2773 fuit
807 2751 916 2785 neque
947 2740 1071 2786 pusillo
1094 2738 1212 2783 nimis,
1243 2736 1304 2772 sed
1326 2747 1394 2782 quo
1417 2739 1580 2771 staturam
1602 2734 1656 2768 iu-
