1858 3126
325 144 421 190 246
905 146 1162 188 PROCOPII

328 257 400 311 τὴν
418 257 567 314 πατρὸς
586 255 741 312 γνώμην
763 255 948 309 ἀβέβαιον
966 254 1296 308 καταστήσεσθαι.
1367 254 1576 306 Θεοδόσιος
1594 257 1637 299 δὲ
1656 254 1742 299 τότε

322 324 529 378 Ἀρκαδίου
555 325 641 373 υῗὸς
667 324 720 365 ἔτι
746 330 837 372 παῖς
861 323 914 364 ὢν
933 325 1075 378 κομιδῇ
1088 321 1288 375 Ῥωμαίων
1305 319 1412 379 ἦρχε.
1478 325 1578 366 τίσιν
1598 339 1638 365 τε
1664 326 1744 365 δει-

331 393 479 445 μαίνων
499 391 569 443 τὴν
591 393 632 431 ἐκ
656 391 848 443 βασιλέως
871 388 1066 446 Τιγράνης
1081 391 1259 445 Πέρσαις
1286 388 1402 431 αὑτὸν
1422 390 1620 445 ἐνεχείρισε
1628 421 1641 441 ,
1674 391 1745 443 τὴν

331 459 535 510 βασιλείαν
563 456 829 512 παραδιδοὺς,
861 458 947 511 περὶ
979 454 1152 504 πλείονός
1178 472 1218 497 τε
1245 457 1496 510 πεποιημένος
1525 455 1680 510 ἰδιώτης
1706 458 1746 497 ἐν

332 526 510 578 Πέρσαις
530 522 625 564 εἶναι
647 523 673 576 ἢ
695 524 794 576 πρὸς
816 527 886 564 τοῦ
909 524 1083 579 ἀδελφοῦ
1104 524 1235 564 δίκαια
1256 523 1427 572 θέσθαι,
1460 525 1524 564 καὶ
1545 529 1740 576 συμβασι-
1756 535 1779 570 5

230 598 256 631 P
270 598 314 633 53
337 590 458 631 λεύειν
473 591 681 644 Ἀρμενίων
705 589 812 646 αὐτῷ
831 589 967 645 ὀρθῶς
988 592 1053 631 καὶ
1074 591 1245 638 δικαίως.
1312 590 1377 630 καὶ
1395 587 1586 644 Ἀρσάκης
1615 591 1658 631 δὲ
1680 589 1749 630 οὖ-

337 658 401 698 δέν
427 675 463 698 τι
492 651 614 710 ἧσσον
643 656 714 709 τὴν
748 658 790 697 ἐκ
814 659 982 712 Περσῶν
1013 674 1053 698 τε
1081 659 1145 697 καὶ
1184 657 1358 710 ἀδελφοῦ
1387 656 1592 709 ἐπιβουλὴν
1620 658 1751 704 δείσας

336 724 469 776 ἐξέστη
499 728 569 776 τῆς
604 725 803 774 βασιλείας
833 728 903 776 τῆς
935 722 1055 764 αὑτοῦ
1088 724 1286 778 Θεοδοσίῳ
1316 727 1371 778 τῷ
1404 722 1661 778 αὐτοκράτορι
1689 724 1751 763 ἐπὶ

338 788 554 843 ξυνθήκαις
570 792 682 839 τισὶν,
718 791 762 831 αἳ
779 807 846 842 μοι
867 792 906 830 ἓν
927 797 1008 839 τοῖς
1023 788 1119 845 ὑπὲρ
1139 794 1216 831 τῶν
1236 789 1414 842 πολέμων
1431 787 1663 842 δεδήλωνται
1683 787 1753 829 λά·-

338 873 434 911 γοις.
502 858 565 897 καὶ
580 855 723 911 χρόνον
743 859 814 909 μέν
830 874 916 898 τινα
932 857 1194 912 περιμάχητος
1206 854 1411 908 Ῥωμαίοις
1430 871 1472 896 τε
1486 857 1562 896 ’καὶ
1577 855 1752 908 Πέρσαις
1765 866 1807 900 10

336 922 361 976 η
387 927 464 964 τῶν
478 922 688 978 Ἀρμενίων
704 925 898 978 γεγένηται
911 923 1046 980 χώρα,
1077 925 1117 964 ἐν
1134 922 1290 978 ὑστάτῳ
1309 923 1351 963 δὲ
1376 923 1612 975 ξυνέβησαν,
1644 922 1756 976 Πέρ-

339 1006 415 1038 σας
432 990 502 1041 μὲν
517 990 587 1042 τὴν
609 989 807 1044 Τιγράνου
828 997 983 1045 μοῖραν,
1013 989 1229 1042 Ῥωμαίους
1249 990 1291 1029 δὲ
1306 986 1500 1044 Ἀρσάκου
1518 988 1628 1040 ἔχειν.
1695 989 1757 1028 ἐπὶ

338 1055 492 1104 τούτοις
518 1073 559 1097 τε
589 1059 755 1098 σπονδαὶ
779 1058 1015 1112 ἀμφοτέροις
1043 1057 1389 1109 ξυνετελέσθησαν,
1423 1057 1488 1096 καὶ
1509 1055 1553 1096 τὸ
1576 1055 1711 1096 λοιπὸν
1735 1053 1756 1095 ὃ

333 1120 537 1174 Ῥωμαίων
566 1123 751 1173 βασιλεὺς
783 1123 954 1177 ἄρχοντα
986 1130 1067 1171 τοῖς
1087 1123 1300 1176 Ἀρμενίοις
1337 1122 1395 1163 ἀεὶ
1423 1122 1593 1174 καθίστη
1627 1118 1758 1163 ὅντινά

288 1194 318 1228 Β
342 1205 433 1229 ποτε
461 1190 525 1228 καὶ
549 1187 712 1241 ὁπηνίκα
736 1188 783 1230 ἂν
803 1193 908 1245 αὐτῷ
935 1191 1162 1244 βουλομένῳ
1187 1189 1257 1241 εἴη.
1324 1186 1477 1241 κόμητά
1503 1204 1544 1229 τε,
1573 1191 1644 1240 τῆς
1666 1187 1757 1243 Ἀρ-
1769 1198 1810 1233 15

338 1255 472 1306 μενίας
493 1253 656 1295 ἐκάλουν
675 1257 740 1296 καὶ.
765 1258 819 1304 εἷς
839 1257 905 1308 ἐμὲ
927 1256 994 1296 τὸν
1018 1255 1188 1310 ἄρχοντα
1210 1259 1361 1296 τοῦτον.

466 1321 574 1362 Ἀλλ’
600 1323 679 1362 ἐπεὶ
702 1322 774 1374 οὐχ
799 1323 862 1362 οἵα
886 1339 926 1363 τε
947 1317 995 1375 ἦν
1015 1321 1040 1375 ἡ
1063 1320 1221 1374 τοιαύτη
1246 1321 1347 1375 ἀρχὴ
1371 1317 1664 1375 ἀποκρούεσθαι
1689 1318 1760 1367 τὰς

339 1392 419 1430 τῶν
435 1389 628 1439 πολεμίων
654 1391 697 1444 ἐι]
707 1387 844 1438 όδους,
880 1389 924 1430 οὗ
946 1387 1149 1443 παρόντων
1170 1388 1269 1442 αὐτῇ
1287 1390 1573 1443 στρατιωτικῶν
1590 1384 1761 1427 καταλό-

339 1471 432 1509 γων,
466 1455 754 1508 κατανενοηκὼς
770 1455 1039 1504 Ἰουστινιανὸς
1062 1455 1248 1507 βασιλεὺς
1268 1454 1391 1502 οὕτως
1412 1451 1589 1501 ἀτάκτως
1608 1453 1666 1493 ἀεὶ
1687 1469 1760 1508 φε-

342 1521 507 1577 ρομένην
524 1522 595 1574 τὴν
609 1521 834 1576 Ἀρμενίαν,
867 1520 990 1576 ταύτῃ
1011 1539 1050 1562 τε
1073 1529 1154 1570 τοῖς
1172 1519 1394 1575 βαρβάροις
1413 1518 1606 1560 εὐάλωτον
1625 1514 1815 1568 mianum
1850 1527 1851 1530 ’

339 1586 486 1640 ταύτην
507 1589 578 1640 μὲν
600 1589 670 1640 τὴν
688 1589 812 1643 ἀρχὴν
839 1589 992 1630 ἐνθένδε
1014 1592 1189 1637 καθεῖλε,
1227 1586 1443 1641 στρατηγὸν
1465 1587 1506 1626 δὲ
1525 1593 1607 1643 τοῖς
1620 1586 1761 1639 Ἀρμε-

339 1655 435 1701 νίοις
468 1655 672 1707 ἐπέστησε,
706 1659 994 1710 στρατιωτικῶν
1025 1672 1064 1696 τε
1098 1652 1322 1707 καταλόγων
1355 1652 1462 1708 αὐτῷ
1498 1651 1761 1704 κατεστήσατο

339 1724 498 1773 πλῆθος
527 1720 736 1774 ἀξιόχρεων
763 1729 849 1769 ταῖς
874 1726 950 1762 τῶν
980 1723 1174 1772 πολεμίων
1202 1722 1432 1774 ἐπιδρομαῖς
1464 1717 1761 1767 ἀντιτάξασθαι.

341 1787 390 1827 τὰ
420 1788 491 1838 μὲν
523 1781 592 1826 οὖν
623 1788 726 1842 ἀμφὶ
755 1792 802 1842 τῇ
824 1787 974 1842 μεγάλῃ
1003 1788 1222 1841 καλουμένῃ
1235 1786 1415 1842 Ἀρμενία
1435 1783 1653 1840 διῳκήσατο
1673 1778 1762 1834 ὧδε,

340 1856 391 1908 τῇ
412 1854 455 1894 δὲ
485 1853 583 1908 ἄλλῃ
599 1855 780 1912 Ἀρμενία
793 1885 805 1904 ,
839 1854 936 1910 ἤπερ
963 1854 1069 1903 ἐντὸς
1087 1852 1301 1910 Εὐφράτου
1323 1856 1501 1905 ποταμοῦ
1521 1845 1621 1894 οὖσα
1639 1851 1816 1905 διήκει25

343 1983 409 2013 tam
434 1979 572 2016 faceret.
618 1979 672 2014 Ea
697 1983 895 2026 tempestate
914 1980 1081 2014 Romanus
1107 1983 1180 2014 erat
1205 1979 1381 2025 imperator
1402 1978 1611 2013 Theodosius
1634 1977 1766 2011 Arcadii

341 2025 450 2066 filius,
474 2026 582 2057 adhuc
606 2037 706 2069 porro
731 2037 828 2070 puer:
854 2037 949 2069 quem
973 2037 1043 2058 cum
1059 2026 1224 2069 Tigranes
1249 2025 1405 2056 vindicem
1429 2023 1579 2065 timeret,
1602 2034 1639 2055 se
1654 2023 1765 2055 Persis

344 2080 416 2101 cum
435 2080 535 2112 regno
553 2070 689 2111 dedidit,
714 2070 819 2102 satius
835 2071 956 2102 ducens
974 2070 1073 2102 vitam
1091 2070 1176 2113 apud
1191 2069 1262 2102 illos
1278 2068 1435 2112 privatam
1450 2078 1560 2110 agere,
1581 2077 1676 2110 quam
1694 2077 1765 2099 cum

345 2124 501 2156 germano
518 2114 627 2157 posita
643 2125 683 2146 ex
697 2125 803 2157 aequo
819 2115 888 2157 lite,
906 2114 940 2146 in
958 2114 1109 2146 Armenia
1125 2115 1210 2146 bona
1224 2113 1292 2145 fide
1306 2112 1399 2145 simul
1412 2122 1562 2154 regnare.
1607 2110 1766 2143 Similiter

343 2159 504 2200 Arsaces,
527 2168 548 2190 a
571 2158 676 2190 fratre
699 2163 731 2191 et
753 2159 864 2191 Persis
887 2158 1023 2191 insidias
1046 2162 1214 2198 metuens,
1239 2156 1428 2190 Theodosio
1452 2155 1642 2200 imperatori
1661 2166 1764 2198 regno

345 2201 447 2235 cessit
469 2212 528 2234 suo
551 2203 650 2235 certis
676 2203 935 2245 conditionibus,
959 2214 1039 2246 quas
1064 2203 1096 2235 in
1116 2202 1210 2236 libris
1234 2202 1275 2234 de
1297 2202 1392 2235 bellis
1407 2201 1514 2235 retuli.
1560 2200 1766 2243 Aliquamdiu

344 2246 513 2279 Romanos
531 2245 617 2279 inter
639 2257 678 2279 ac
693 2248 814 2280 Persas
837 2248 1062 2280 controversia
1085 2247 1126 2280 de
1142 2247 1295 2280 Armenia
1318 2247 1392 2280 suit.
1436 2245 1584 2288 Denique
1599 2245 1764 2287 convenit,

344 2295 381 2323 ut
399 2291 532 2332 Persae,
557 2291 726 2334 Tigranis,
747 2292 896 2330 Romani,
922 2292 1051 2325 Arsacis
1066 2292 1250 2336 portionem
1266 2290 1442 2324 haberent:
1463 2290 1496 2322 id
1513 2289 1598 2332 quod
1615 2290 1765 2322 consecto

344 2335 432 2368 inter
460 2339 620 2379 utrosque
647 2336 891 2380 compositionis
917 2336 1130 2370 instrumento
1156 2337 1317 2369 firmatum
1345 2340 1404 2369 est.
1460 2335 1514 2367 Ex
1541 2345 1579 2366 eo
1605 2338 1766 2377 tempore,

345 2390 474 2424 semper
488 2379 667 2423 imperator
682 2381 849 2414 Romanus
865 2392 959 2424 quem
977 2386 1010 2414 et
1025 2381 1151 2424 quando
1165 2380 1268 2414 voluit
1282 2379 1443 2424 praefecit
1457 2377 1627 2412 Armeniis.
1669 2379 1766 2412 Hunc

344 2435 425 2458 vero
439 2429 554 2457 nostra
569 2425 666 2458 etiam
683 2431 794 2458 aetate
810 2425 959 2458 comitem
975 2426 1195 2471 appellabant.

431 2470 478 2502 At
496 2479 566 2501 cum
586 2474 732 2513 potestas
749 2470 904 2503 eiusmodi
927 2471 1122 2514 repellendis
1138 2469 1275 2503 hostium
1291 2467 1526 2512 irruptionibus
1541 2470 1631 2500 esset
1649 2466 1767 2510 impar,

346 2512 468 2558 quippe
485 2523 505 2545 a
526 2513 718 2547 militaribus
733 2515 872 2547 numeris
888 2514 1068 2559 imparata,
1092 2514 1288 2547 lastinianus
1303 2516 1390 2556 Aug.
1411 2523 1519 2545 secum
1545 2512 1649 2544 animo
1673 2510 1766 2554 cogi-

347 2562 436 2600 tem,
458 2557 641 2590 Armeniam
661 2568 726 2590 tam
744 2559 826 2592 male
841 2560 1067 2602 constitutam,
1091 2567 1284 2603 semperque
1298 2558 1329 2590 in
1348 2557 1479 2601 ancipiti
1494 2557 1643 2600 positam,
1667 2565 1765 2588 occu-

346 2601 421 2646 pari
436 2612 456 2634 a
470 2602 618 2636 barbaris
636 2602 734 2635 facile
755 2613 871 2646 posse,
894 2609 1003 2636 amoto
1020 2603 1095 2636 inde
1111 2604 1173 2636 hoc
1194 2602 1408 2645 magistratu,
1431 2601 1564 2634 militiae
1578 2600 1765 2643 magistrum

348 2646 508 2681 Armeniis
532 2646 642 2687 dedit,
664 2646 796 2680 militum
818 2659 953 2680 numero
977 2647 1189 2688 instructum,
1210 2647 1394 2680 incursibus
1418 2647 1554 2679 hostium
1577 2643 1766 2677 coercendis

347 2690 479 2724 idoneo.
524 2691 579 2724 Ita
593 2691 720 2735 quidem
734 2692 790 2725 ille
805 2692 846 2725 de
863 2692 1024 2734 Armenia,
1050 2703 1147 2735 quam
1162 2692 1314 2724 maiorem
1330 2696 1461 2732 vocant,
1482 2689 1662 2723 constituit.
1705 2687 1764 2720 Al-

349 2735 413 2769 teri
430 2746 512 2770 vero
527 2736 718 2778 Armeniae,
742 2748 828 2782 quae
842 2737 974 2771 flumine
993 2737 1160 2782 Euphrate
1175 2736 1301 2770 inclusa
1319 2736 1361 2784 ed
1376 2735 1488 2769 urbem
1502 2745 1606 2779 usque
1619 2731 1764 2766 Amidam
