1754 3132
181 206 244 235 xx
586 193 846 236 ALEMANNI
874 193 1206 237 DISSERTATIO.

182 306 319 343 neribus
342 304 528 356 progredi,
563 306 622 344 sed
640 311 712 344 toto
729 306 790 346 hoc
813 310 958 358 tempore
989 307 1184 346 clanculum
1206 306 1376 358 fugitans
1394 307 1438 346 ab
1455 321 1523 346 uno
1541 320 1626 347 παι--

183 374 300 410 n’tinw
311 373 488 422 praesidio
508 372 556 409 ad
574 373 673 410 aliud
694 374 802 412 classe
824 374 1069 419 devehebatur3
1101 375 1189 411 unde
1209 378 1307 412 tanto
1327 377 1478 412 securius
1507 375 1618 412 hosta

184 442 218 475 et
231 438 403 486 Romam,
437 442 470 474 et
500 442 634 476 caetera
663 442 778 477 omnia
803 441 1048 488 subiugatum.
1106 439 1288 479 Perusiam
1318 453 1397 479 vero
1415 443 1619 490 primariam

189 503 338 542 Tusciae
356 506 532 542 civitatem
550 505 633 543 dira
657 507 804 543 cinctam
824 506 993 542 obsidione
1019 506 1178 556 reliquit,
1207 520 1293 557 quae
1318 507 1381 545 illo
1401 506 1618 556 Byzantium

185 571 421 616 contendente,
452 575 556 620 capta
587 575 649 609 est.
704 570 804 609 Haec
843 568 878 608 in
914 568 1105 623 primarios
1139 571 1357 619 Senatores,
1398 577 1434 610 et
1471 570 1620 624 Imperii

184 634 334 675 Romani
353 648 525 688 proceres
545 649 678 674 summa
699 635 768 676 sibi
787 634 1049 675 necessitudine
1074 636 1278 676 coniunctos
1297 635 1502 689 Procopius,
1533 634 1620 689 ipsis

185 701 276 740 vivis
290 733 299 748 ‚
334 698 543 753 evulgavit.
621 700 725 749 Quae
762 715 850 741 sane
888 700 1068 741 scribendi
1119 702 1293 742 severitas
1327 701 1622 757 quemadmodum

183 780 353 820 magnam
373 765 532 805 veritatis
556 764 697 806 laudem
717 767 793 807 eius
812 767 985 807 historiae
1004 767 1190 816 conciliat,
1230 768 1278 808 ita
1298 782 1440 808 omnem
1458 772 1623 808 removet

183 831 370 871 simultatis
391 830 629 884 suspicionem
660 831 920 887 obiurgationis
939 841 975 874 et
1003 848 1177 875 censurae
1204 833 1384 889 gravitas;
1423 847 1514 888 quae
1544 839 1621 872 tan-

182 905 253 937 tum
293 897 340 936 ab
371 896 457 937 odio
487 904 522 936 et
549 897 801 938 maledicentia
834 897 958 947 distat,
996 907 1161 952 quantum
1197 899 1355 939 violatae
1388 898 1624 953 Reipublicae

185 962 372 1015 querelas,
425 961 621 1016 iustumque
658 962 842 1012 dolorem,
891 972 927 1004 et
965 963 1158 1004 communis
1196 965 1314 1004 damni
1347 964 1624 1019 castigationem

183 1036 350 1081 spectare
370 1026 518 1068 videtur.
558 1028 664 1077 Quod
684 1043 755 1068 non
775 1030 888 1070 solum
908 1029 944 1069 in
967 1028 1156 1084 prooemio
1182 1033 1264 1070 τῶν
1285 1027 1522 1071 Ἀνεκδότων
1549 1029 1622 1069 Au-

183 1099 242 1131 tor
261 1093 418 1147 ingenue
442 1093 647 1147 profitetur,
684 1095 750 1135 sed
772 1095 851 1150 ipsa
872 1095 978 1136 etiam
996 1109 1038 1135 re
1057 1094 1253 1149 praestitit,
1287 1110 1366 1135 cum
1388 1110 1434 1136 ea
1455 1096 1623 1135 duntaxat

185 1158 231 1197 de
250 1158 442 1199 Iustiniano
472 1162 826 1210 commemoraverit,
865 1176 958 1216 quae
981 1161 1148 1216 publicae
1167 1161 1223 1200 rei
1246 1161 1398 1210 damno,
1430 1169 1467 1202 et
1487 1161 1523 1201 in
1540 1160 1622 1201 suh-

184 1224 335 1264 ditorum
354 1225 553 1278 perniciem
571 1227 752 1280 peccavit3
790 1227 924 1282 illaque
945 1227 1024 1281 ipsa
1044 1226 1154 1265 foeda
1181 1226 1339 1266 narratio
1361 1227 1407 1266 de
1422 1226 1624 1280 turpissima

183 1289 403 1329 Theodorae
423 1290 497 1330 vita
527 1304 574 1331 eo
592 1291 792 1345 pertineat,
825 1300 862 1332 ut
889 1300 1054 1346 quantum
1080 1291 1366 1346 augustissimam
1391 1290 1535 1344 Imperii
1553 1291 1624 1331 Ro·

183 1354 278 1393 mani
298 1354 525 1394 maiestatem
544 1357 758 1396 execrandis
777 1357 908 1411 nuptiis
927 1356 1062 1412 primus
1089 1356 1297 1406 violaverit,
1319 1355 1625 1398 dehonestaverit-

185 1434 255 1475 que
273 1419 504 1469 lastinianus,
535 1421 666 1461 clarius
685 1421 882 1477 intelligas,

298 1497 404 1547 Quod
424 1504 542 1537 autem
560 1497 786 1538 Iustinianum
809 1514 852 1539 ac
874 1499 1109 1541 Theodoram
1143 1501 1399 1542 semihomines
1426 1498 1535 1540 furias
1553 1498 1626 1539 Au-

185 1570 243 1603 tor
265 1562 443 1617 appellet3
478 1570 532 1603 est
555 1562 615 1617 qui
634 1564 776 1612 credat,
815 1573 973 1605 monstra
1006 1566 1195 1607 Poetarum
1222 1581 1370 1607 narrare
1401 1565 1625 1619 Procopium,

141 1644 143 1647 ⁴
185 1637 292 1683 atque
324 1628 373 1668 ita
401 1643 500 1668 suam
523 1628 559 1668 in
582 1629 840 1683 Imperatorem
873 1644 1046 1671 evomere
1068 1633 1301 1675 acerbitatem
1322 1632 1509 1674 voluisse?
1549 1627 1629 1672 Erit

185 1694 233 1734 de
257 1693 326 1733 hac
346 1708 387 1733 re
408 1694 442 1734 in
466 1693 571 1734 Notis
589 1694 776 1736 Historicis
799 1697 1034 1752 opportunior
1051 1697 1162 1740 locus.

296 1770 403 1821 Quod
425 1770 579 1825 denique
599 1785 754 1826 poenam
777 1772 812 1813 in
831 1773 1044 1815 Haereticos
1066 1777 1258 1831 capitalem
1278 1790 1301 1816 a
1327 1774 1521 1817 Iustiniana
1543 1788 1628 1815 eon-

185 1836 338 1876 stitutam
359 1851 430 1877 non
459 1837 610 1891 probet;
647 1853 719 1879 non
739 1847 811 1879 tam
829 1840 923 1888 odii,
958 1856 1062 1896 quam
1093 1857 1231 1897 pravae
1264 1843 1310 1883 de
1344 1840 1526 1896 religione
1546 1853 1627 1880 sen-

185 1902 321 1942 tentiae
342 1902 581 1957 suspicionem
599 1912 720 1944 movet
748 1913 853 1959 atque
882 1907 1076 1949 confirmat.
1134 1909 1225 1949 Illud
1253 1908 1290 1949 in
1317 1906 1495 1961 Procopio
1515 1919 1629 1961 saepe

185 1969 330 2009 miratus
360 1984 455 2016 sum,
491 1969 586 2023 quod
613 1969 658 2009 de
687 1978 831 2011 nostrae
861 1973 1051 2028 religionis
1078 1973 1256 2029 mysteriis
1286 1974 1335 2014 ita
1364 1972 1478 2020 dicat,
1512 1980 1549 2012 ut
1579 1972 1626 2012 ab

185 2033 229 2074 iis
261 2035 368 2074 modo
398 2035 555 2083 alienus,
589 2050 838 2090 nonnunquam
873 2046 973 2078 recte
1005 2043 1139 2079 sentire
1174 2040 1348 2080 videatur.
1407 2038 1630 2092 Quamquam

68 2102 99 2136 A
123 2102 164 2136 11
187 2099 404 2156 Hesychium
436 2100 638 2149 Milesium,
674 2109 710 2142 et
740 2103 911 2142 Ioannem
947 2104 1099 2159 Lydium
1136 2106 1307 2160 aequales
1339 2103 1528 2158 Procopii,
1568 2102 1629 2158 qui

186 2166 317 2206 eadem
334 2165 570 2220 ambIguitate
598 2166 775 2215 luserunt,
814 2168 961 2209 Photius
982 2178 1088 2224 atque
1115 2171 1247 2211 Suidas
1280 2170 1474 2212 Gentilium
1502 2169 1626 2224 impie·

30 2235 62 2269 P
84 2234 166 2270 XIV
188 2241 261 2273 tate
284 2232 491 2273 damnarint.
551 2234 650 2274 Sane
680 2248 751 2274 non
776 2242 853 2274 rata
875 2233 937 2274 fuit
971 2234 1167 2276 istiusmodi
1191 2237 1372 2277 hominum
1406 2237 1508 2277 turba
1526 2235 1626 2276 Iusti-

186 2299 283 2340 niani
310 2307 494 2352 tempore,
531 2307 566 2339 et
585 2299 727 2353 quidem
747 2299 782 2339 in
801 2299 894 2339 Aula
912 2300 1148 2354 Imperatoria
1177 2304 1233 2355 (ut
1252 2302 1288 2342 in
1308 2303 1414 2344 Notis
1441 2301 1628 2342 Historicis

187 2365 323 2416 (licam)
350 2364 479 2405 officiis
500 2380 543 2404 ac
563 2364 794 2420 dignitatibus
813 2365 977 2421 insignis,
1031 2369 1108 2408 Sed
1128 2383 1175 2409 ex
1195 2369 1264 2409 hac
1283 2370 1392 2423 plane
1415 2367 1627 2423 Procopium

190 2431 332 2479 eximo,
363 2430 457 2485 quod
485 2445 557 2471 non
585 2431 699 2471 solum
727 2432 808 2479 hic,
846 2432 1039 2473 sedetiam
1072 2434 1108 2473 in
1127 2434 1381 2475 Aedificiorum
1400 2435 1502 2475 libris
1529 2435 1625 2475 Gen-

189 2496 302 2538 tilium
321 2495 498 2536 sacrificia
518 2504 553 2536 et
572 2495 761 2544 libamina,
798 2505 850 2546 et,
886 2506 923 2538 ut
944 2498 1022 2552 ipse
1037 2499 1209 2553 loquitur,
1246 2499 1392 2542 ἆθεΐαν
1413 2518 1454 2544 τε
1471 2502 1536 2542 καὶ
1554 2517 1628 2543 πο-

190 2565 357 2604 λυθεΐαν
382 2562 594 2610 detestetur,
635 2570 671 2602 et
691 2562 784 2602 libro
804 2564 1028 2604 Persicorum
1047 2565 1162 2618 primo
1182 2567 1351 2608 Ioannem
1372 2567 1627 2622 Cappadocem

193 2628 400 2668 Gentilitiae
419 2627 676 2682 superstitionis
696 2629 857 2678 damnet3
888 2638 986 2670 certe
1011 2631 1218 2672 lastinianus
1246 2633 1292 2672 de
1321 2633 1433 2673 sacris
1456 2648 1479 2672 a
1498 2647 1540 2673 se
1562 2647 1626 2673 ex-

191 2693 308 2732 citatis
345 2693 516 2734 aedificiis
552 2694 737 2735 historiam
777 2695 954 2750 Procopio
996 2697 1131 2737 Gentili
1170 2712 1347 2752 nunquam
1379 2699 1625 2740 commisisset.

189 2758 400 2804 Haereticos
420 2768 536 2802 autem
555 2761 821 2810 etSamaritas,
848 2762 907 2816 qui
927 2761 1135 2805 Caesareae
1164 2763 1393 2806 Palaestinae
1420 2765 1625 2820 frequentes
