1800 3126
601 112 789 156 NOTAE
803 122 806 126 ·
822 110 1120 154 ALEMANNI.
1491 108 1591 156 349

136 227 178 265 in
204 223 341 264 histor.
362 218 586 274 Σκήπτεται
609 219 652 261 δὲ
671 216 901 273 Ἡράκλειος
922 221 984 290 τῷ
1000 219 1101 275 θείῳ
1128 220 1283 274 lom-om
1311 215 1380 259 τόν
1405 216 1493 260 ὐἱὸν
1521 236 1592 260 κα-

136 287 170 322 θ
170 283 336 334 νίζειν
346 308 357 328 ,
387 279 664 319 υἷοθετεῖσθαι
689 276 732 317 δὲ
756 274 877 317 αὐτὸν
900 293 980 317 υπο
1007 278 1201 327 Κρῖσπον.
1258 276 1477 314 Heraclius
1501 291 1592 314 eum

131 338 268 390 filium
283 349 403 373 suum
419 335 558 372 divino
583 336 757 372 lavacro.
771 333 940 383 abluere,
971 340 1007 370 et
1028 334 1168 384 Crispo
1197 331 1478 383 adoptandum
1494 332 1593 370 dare

135 394 232 434 velle
253 406 294 430 se
315 392 558 431 simulasset.
615 393 758 429 Leonis
782 391 1030 441 imperatoris
1051 398 1228 441 tempore
1247 388 1318 426 hic
1343 388 1511 440 adoptan
1517 389 1592 427 do-

133 463 223 488 rum
247 451 343 486 ritus
366 447 537 486 filiorum
556 449 834 495 obsoleverat,
854 459 975 498 quare
997 448 1157 484 novella
1176 446 1230 488 24
1255 446 1472 484 liberorum
1494 445 1594 484 ado-

133 509 285 558 ptiones
309 503 469 543 factas'
453 503 551 545 α’νευ
567 507 722 557 τελετῆς
737 503 804 543 καὶ
827 503 946 555 ἱερῶν
968 498 1126 544 ω’δίνων
1137 535 1150 553 ,
1179 505 1264 541 sine
1284 504 1527 549 ceremoniis,
1558 510 1594 540 et

131 576 275 600 «sacrae
293 563 603 613 regenerationis
624 563 709 599 ritu
730 557 1004 611 reprehendit,
1038 567 1076 597 et
1098 561 1260 598 omnino
1282 558 1478 610 prohibet.

244 620 291 656 P
312 618 378 666 14,
394 618 437 659 5.
480 617 707 670 Antonina]
736 617 828 653 Fuit
846 617 1107 666 imperatricis
1126 615 1363 654 Theodorae
1384 613 1540 667 Ζωστη,
1566 630 1594 653 α

131 681 256 726 veste,
289 673 478 726 dignitate
498 676 681 727 patriciar,
712 686 764 710 ex
786 674 893 720 viro,
925 672 988 709 cui
1012 681 1101 710 ante
1120 674 1358 710 Belisarium
1391 679 1591 723 nupserat,

130 732 265 783 plures
283 739 506 782 susceperat
527 732 694 778 liber0s3
724 732 766 766 in
787 727 850 766 his
867 728 1078 776 Photium,
1109 728 1158 766 de
1182 742 1259 780 quo
1286 730 1388 767 infra
1415 729 1590 777 dicetur;

132 795 172 826 et
193 789 342 836 filiam,
359 801 480 840 quam
502 787 660 838 Ildigeri
682 784 845 824 tradidit
870 787 913 823 in
938 787 1255 823 matrimonium.
1310 787 1376 822 Ex
1396 787 1590 824 Belisario

129 858 252 882 unam
283 843 423 883 habuit
452 846 681 882 Ioanninum
709 844 916 880 Anastasio
947 840 1185 879 Theodorae
1213 843 1417 891 Augustae
1453 843 1590 892 nepoti

131 900 393 953 desponsam.
427 902 582 938 Mulier
607 901 888 948 solertissima,
910 905 950 936 et
971 905 1013 936 ut
1033 900 1247 949 Procopius
1276 898 1474 950 loquitur,
1507 899 1589 937 ἵκοι-

129 956 299 1010 νωτᾶνη·
307 954 538 1010 ἀνθρώπων
564 955 752 996 ἇπάντων
778 958 1034 1009 μηχανᾶσθαι
1054 952 1102 995 vc?
1127 951 1391 1007 ἄμήχανα,α
1364 954 1423 993 ad
1447 955 1586 1005 impli-
1609 958 1637 992 P
1660 959 1701 992 91

123 1021 252 1052 cata·
268 1016 430 1066 negotia
472 1013 734 1064 explicanda,
772 1011 1093 1062 expediendaque
1131 1013 1313 1049 omnium
1352 1013 1588 1048 mortalium

128 1068 356 1122 aptissima.
411 1071 593 1108 Belisarii
621 1071 800 1120 coniugis
833 1068 884 1106 ad
916 1067 1195 1120 quodcumque
1227 1068 1380 1105 bellum
1409 1069 1590 1119 proficis-

128 1129 252 1166 centis
274 1140 431 1178 semper
447 1128 561 1165 lateri
580 1125 773 1164 adhaesit.
831 1124 976 1163 Eidem
994 1126 1037 1162 in
1056 1125 1170 1163 Italia
1192 1137 1278 1161 rem
1303 1125 1408 1162 male
1436 1126 1589 1174 gerenti

127 1185 280 1222 auxilia
304 1186 455 1222 maiora
476 1185 523 1221 ab
545 1185 710 1221 Caesare
729 1184 986 1233 impetratura
1006 1182 1246 1233 Byzantium
1269 1182 1391 1218 venit.
1449 1183 1588 1218 Ιοιιιιιιί

129 1240 355 1292 Cappadoci
376 1241 602 1288 exconsuli,
634 1241 896 1291 praetoriique
917 1239 1116 1290 praefecto
1140 1239 1185 1274 in
1207 1239 1378 1288 gratiam
1395 1238 1432 1274 T
1434 1235 1589 1275 heodo-

123 1310 195 1335 ¹rae
225 1297 369 1335 callide
402 1299 548 1336 struxit
582 1295 759 1335 insidias.
817 1298 863 1333 In
892 1296 1078 1333 Africana
1114 1296 1389 1344 navigatione,
1426 1307 1586 1346 aquam,

129 1367 230 1406 quae
249 1357 453 1393 Romanae
482 1355 597 1392 classi
617 1359 929 1405 computruerat,
960 1352 1094 1390 vitreis
1115 1350 1317 1402 amphoris
1345 1363 1463 1388 arena
1491 1364 1588 1389 con-

126 1412 239 1448 tectis
260 1412 346 1450 sola
366 1413 563 1462 integram
586 1412 767 1448 servavit.
815 1410 1020 1448 *Belisario
1045 1409 1202 1459 coniugi
1227 1408 1422 1460 superfuit
1447 1407 1499 1445 ad
1519 1410 1588 1446 Iu-

127 1469 276 1506 stinum
295 1467 516 1506 secundum
538 1469 840 1519 imperatoremr,
869 1468 1031 1519 iamque
1054 1472 1194 1503 exacta
1214 1472 1354 1513 aetate,
1378 1477 1498 1502 suasu
1518 1467 1590 1503 Vi·-

125 1524 315 1575 gilantiae
333 1525 541 1562 Iustiniani
560 1525 730 1575 Augusti
747 1524 903 1571 sororis,
934 1523 1132 1594 templtun
1151 1524 1276 1560 'sancti
1294 1523 1476 1572 Procopii
1499 1527 1590 1572 post

128 1580 486 1630 conflagrationem,
517 1583 696 1618 szantii
718 1581 963 1618 restauravit.
1020 1576 1238 1619 Ἀντωνίνα
1257 1579 1494 1647 Βελισαρίου
1516 1580 1590 1618 τοῦ

124 1637 336 1690 πατρικίου
356 1633 478 1701 γυνη,
508 1632 595 1687 ἥτις
615 1634 739 1686 ζωστή
759 1631 814 1687 ἦν
838 1634 1051 1689 Θεοδώρας
1066 1638 1140 1688 τῆς
1150 1633 1353 1703 γυναικός
1369 1630 1588 1675 ’levavimu-

127 1694 205 1733 νοῦ
220 1707 290 1733 του
313 1688 517 1759 μεγάλου,
528 1690 642 1758 μετὰ
641 1689 685 1731 ro*
703 1703 890 1742 χηρευσαι
907 1690 1036 1742 αὐτην
1052 1689 1222 1730 κατῶκει
1241 1689 1337 1742 μετοὶ
1354 1693 1588 1743 Βιγλαντίας

126 1749 196 1789 καὶ
223 1747 446 1789 συναινέσει
467 1743 589 1797 αὐτῆς
617 1743 721 1800 ανή)
725 1762 802 1800 ειρε
824 1745 890 1787 τὸν
909 1745 1008 1788 ναὸν
1031 1749 1107 1787 τοῦ
1123 1734 1243 1799 ἁγίου
1260 1747 1495 1799 Προκοπίου
1515 1744 1586 1787 τόν
1610 1754 1644 1787 V
1669 1754 1737 1789 342

125 1801 378 1856 καλούμενον
393 1820 441 1844 τα
460 1801 681 1856 Βιγλαντια.
740 1806 866 1842 Autor
886 1803 934 1841 de
954 1804 1104 1854 origine
1133 1804 1242 1840 urbis
1262 1804 1466 1854 Byzantii·
1496 1805 1587 1840 An-

127 1864 271 1900 tonina
287 1862 486 1900 Beli-sarii
497 1861 671 1912 patricii
689 1873 789 1897 uxor
805 1874 830 1897 a
845 1868 946 1898 veste
967 1859 1193 1900 leeodorae
1210 1862 1347 1898 uxoris
1364 1860 1589 1897 Iustiniani

126 1921 268 1970 magni
288 1920 374 1956 iam
390 1917 519 1956 vidua
539 1931 623 1954 una
644 1931 737 1954 cum
760 1917 993 1968 Vigilantia
1009 1916 1228 1967 habitavit,
1260 1919 1382 1954 cuius
1398 1918 1588 1954 suasione

125 1975 265 2027 refecit
289 1975 480 2026 templum
507 1975 642 2011 sancti
660 1975 853 2024 Procopii
877 1973 925 2011 de
951 1971 995 2011 V
994 1974 1212 2029 igilantiae
1235 1975 1394 2011 nomine
1416 1972 1584 2014 dietum.

124 2031 330 2080 Quaedam
353 2031 402 2069 de
426 2032 625 2069 Antonina
643 2032 892 2082 Procopius‘
881 2044 923 2068 m
946 2031 1059 2068 initio
1083 2031 1218 2067 statim
1237 2029 1355 2067 huius
1377 2030 1467 2067 libri
1489 2042 1584 2067 nar-

125 2091 248 2138 ravit,
277 2101 377 2141 quae
402 2095 536 2126 tamen
561 2089 602 2124 in
622 2089 764 2125 mutilo
789 2089 977 2125 Vaticano
1003 2086 1138 2124 codice
1159 2100 1244 2125 n-on
1269 2094 1427 2134 extant,
1459 2099 1511 2124 ex
1534 2088 1582 2123 iis

125 2143 225 2184 haec
257 2147 390 2198 accipe
428 2158 480 2183 ex
511 2143 635 2182 Suida
671 2146 713 2181 in
754 2157 871 2192 voce,
908 2139 1216 2196 Ἐγγυήσασθαι.
1279 2139 1379 2183 “Hae
1414 2141 1583 2195 ἐγγυητή

123 2198 288 2255 νστερον
315 2202 534 2274 Βελισαρίῳ
564 2190 666 2270 γυνὴ
699 2201 858 2267 γέγονεν
887 2198 992 2269 ἤδη
996 2201 1153 2241 παίδων
1185 2195 1325 2252 μήτηρ
1343 2198 1584 2253 γεγενημένη

124 2261 303 2308 πολλῶν,
329 2254 454 2307 ευθυς
475 2255 550 2299 ουν
573 2255 690 2310 ἠξίου
713 2253 938 2311 μοιχεύτρια
955 2253 998 2297 τὸ
1021 2256 1111 2309 ἑξῆς
1133 2254 1244 2297 εἶναι,
1304 2257 1421 2294 Haec
1441 2255 1586 2294 deinde

121 2316 344 2354 multorum
371 2317 454 2353 iam
485 2316 700 2353 liberorum
719 2322 847 2352 muter
854 2343 867 2365 ‚
893 2314 1097 2352 Belisarii
1123 2313 1396 2372 coniuxsuit,
1422 2314 1586 2350 statim-

127 2385 215 2424 que·
213 2371 423 2411 adulterio
443 2374 629 2422 infamis·

177 2446 180 2451 ·
237 2430 516 2480 Pag.15,16.
576 2427 881 2477 Constantinus]
911 2427 1021 2465 Alibi
1043 2426 1375 2468 Constantianus,
1432 2426 1583 2463 Eratis

129 2484 368 2536 imperatorii
387 2486 534 2524 stabuli
551 2487 753 2536 magister,
771 2485 831 2523 vir
852 2483 962 2522 domi
981 2491 1019 2522 et
1042 2485 1210 2522 militiae
1232 2485 1375 2522 clarus.
1431 2483 1509 2519 Res
1530 2482 1579 2517 ab
1606 2484 1633 2518 Α
1659 2485 1679 2519 4

130 2554 178 2579 eo
210 2543 252 2578 iu
281 2542 496 2591 Dalmatia,
537 2549 575 2580 et
609 2543 821 2590 Liburnia,
851 2543 1084 2590 Ravennae,
1115 2541 1354 2592 Salonisque
1382 2538 1584 2589 praeclare

131 2603 277 2648 gestas,
307 2598 394 2636 fuse
422 2601 465 2636 in
496 2600 584 2637 aliis
618 2600 728 2636 libris
760 2605 894 2636 narrat
915 2600 1154 2650 Procopius3
1185 2596 1393 2635 historiam
1416 2607 1508 2633 vero
1534 2593 1583 2630 de

130 2653 243 2701 Sicis,
275 2660 314 2690 et
333 2655 540 2705 praesidio,
571 2669 693 2707 quam
711 2658 846 2694 statim
863 2658 1004 2703 innuit,
1035 2657 1289 2707 prosequitur
1311 2654 1340 2690 l.
1366 2655 1392 2691 2
1416 2649 1465 2687 de
1486 2650 1580 2687 bell-

129 2708 371 2748 Gotth.1u
389 2712 603 2764 Campania
623 2712 750 2750 occidi
771 2725 793 2749 a
813 2685 1033 2753 Belisarid
1022 2725 1152 2752 iussus
1173 2719 1244 2760 est,
1267 2717 1312 2748 ut
1330 2707 1451 2747 habet
1470 2713 1582 2746 autor

130 2766 356 2819 appendicis
377 2766 428 2805 ad
448 2767 656 2808 chronicon
674 2770 907 2808 Marcellini.
