1800 3126
289 135 387 183 440
737 140 796 182 IN
829 139 971 181 HIST.
1003 139 1255 183 ARcANAM

291 247 570 298 Hierosolymis
599 247 628 283 l.
650 245 674 287 5
705 252 743 282 et
775 245 823 282 de
853 246 940 283 aliis
971 245 1077 282 alibi.
1132 247 1519 296 Ergolustinianum
1545 254 1603 286 tot
1629 247 1712 286 dis-

291 303 444 352 ciplinis
491 309 670 340 ornatum
712 304 850 338 merito
890 300 1170 338 Theodahatus
1215 314 1286 337 rex
1322 302 1551 340 Gotthorum
1594 303 1712 341 modo

290 359 629 408 sapientissimum
658 359 940 407 imperatorem,
968 355 1083 393 modo
1106 358 1327 407 principem
1352 356 1508 396 doctum
1537 361 1713 409 appella-

291 415 350 450 vit
377 413 480 463 apud
510 411 780 449 cassiodorum
807 412 836 448 l.
866 413 927 450 10.
956 413 1045 449 Var.
1075 413 1184 461 epist.
1214 413 1238 450 9
1269 418 1308 448 et
1334 414 1400 452 22.
1453 415 1504 450 Et
1525 413 1712 464 Agathias

292 469 335 504 in
375 470 575 535 prooemio
622 479 714 503 suae
761 467 997 504 collectionis
1048 468 1393 517 epigrammatum,
1443 463 1554 508 ἄλλα
1584 472 1714 518 σοφοῦ

293 523 516 562 κτεάνοισιν
545 519 741 572 ομιλήσεις
775 523 971 574 βασιλῆος.
1025 523 1076 558 Et
1102 524 1142 558 in
1170 523 1429 559 vetustissimo
1456 526 1713 575 manuscripto

295 577 380 615 cod.
411 575 633 616 Vat.1342
669 578 761 626 legi.
804 578 957 626 Quinta
991 584 1133 614 sancta
1160 576 1330 627 synodus
1362 577 1717 630 Constantinopoli-

295 640 394 669 tana
421 633 658 682 temporibus
682 633 898 670 Iustiniani
931 644 1170 670 DOCTISSIMI
1205 634 1467 683 imperatoris.
1521 633 1716 672 Genuinos

294 690 500 724 Iustiniani
528 688 645 724 libros
672 689 789 738 paulo
818 695 906 724 ante
934 689 1235 736 numeravimus,
1264 694 1308 724 ut
1332 689 1480 739 spurios
1501 689 1717 727 reficiamus

294 742 360 779 hic
389 744 495 779 locus
522 744 716 793 postulare
743 742 908 780 videtur.
964 745 1010 779 In
1040 745 1144 780 calce
1172 742 1342 780 chronici
1369 744 1614 781 cassinensis*
1642 746 1719 781 cir-

295 799 564 834 cumferuntur
599 799 755 835 nomine
793 799 997 835 Iustiniani
1033 806 1187 835 notatae
1228 799 1412 848 epistolae
1449 797 1498 835 ad
1533 799 1720 848 vigilium

294 866 451 903 papam,
481 852 531 889 ad
559 852 764 890 Placidum
791 861 1015 904 martyrem,
1047 861 1085 890 et
1112 855 1360 904 privilegium
1382 854 1602 891 cassinensi
1621 855 1720 891 Coe-.-

295 909 412 945 :uobio
451 921 697 954 concessum,
734 916 934 959 praeterea
958 908 1188 946 Theodorae
1226 909 1275 945 ad
1310 908 1478 945 eundem
1504 908 1721 956 Placidum,

296 970 335 999 et
364 965 495 1012 vigilii
526 962 575 1000 ad
600 966 872 1012 Iustinianum,
903 971 942 1001 et
969 966 1002 1001 si
1027 977 1125 1015 quae
1156 965 1253 1000 aliae
1282 965 1336 1000 ibi
1365 971 1454 1001 sunt
1476 963 1722 1014 Pseudogor-

297 1017 405 1054 diani
441 1021 619 1066 litterae,
658 1021 724 1070 qui
752 1021 957 1056 Iustiniani
993 1021 1101 1056 iussu
1139 1021 1261 1056 sancti
1288 1019 1438 1056 Placidi
1475 1021 1598 1056 vitam
1625 1022 1723 1056 scri-

296 1076 421 1124 psisse
460 1087 500 1110 se
539 1075 739 1110 mentitur.
802 1077 840 1111 Is
877 1087 966 1124 ergo
1002 1076 1226 1111 Tertullum
1261 1076 1466 1125 patricium
1504 1077 1724 1112 Romanum
1759 1087 1762 1090 ·

296 1130 504 1166 Iustiniani
533 1128 804 1179 exadelplmm,
835 1136 874 1166 et
900 1128 1130 1166 Theodorae
1152 1137 1374 1180 cognatum,
1402 1129 1606 1166 Placidum
1633 1143 1723 1167 vero

297 1186 501 1234 utriusque
531 1191 704 1234 nepotem
730 1191 854 1220 vocat.
911 1184 1011 1230 Quid
1039 1186 1216 1222 Tertullo
1248 1198 1337 1221 cum
1363 1187 1574 1222 Iustiniano
1596 1185 1725 1222 Bede-

298 1241 407 1275 rinae
435 1246 526 1276 nato
555 1241 694 1275 Iustini
722 1240 912 1289 agricolae
941 1246 1080 1291 nepote
1092 1239 1111 1276 ’ἔ
1152 1239 1252 1286 Quid
1281 1253 1370 1276 cum
1397 1239 1603 1277 Theodora
1637 1254 1726 1276 me-

298 1296 481 1331 retricula
509 1296 661 1331 scenica
686 1296 817 1332 Aeacii
839 1297 985 1332 Ursarii
1011 1294 1123 1332 filia?
1161 1298 1284 1341 Quam
1309 1295 1471 1346 prolem,
1503 1308 1598 1346 quos
1626 1296 1728 1332 libe-

299 1362 361 1386 ros
391 1363 479 1387 suos
507 1351 744 1387 lastinianus
772 1363 816 1387 ac
836 1349 1043 1388 Theodora
1071 1349 1288 1387 identidem
1314 1357 1628 1398 commemorant,
1659 1352 1729 1402 qui

299 1408 423 1442 sancti
454 1406 579 1443 Sabae
615 1405 794 1456 precibus
831 1419 880 1443 ne
915 1407 980 1443 vel
1007 1419 1131 1443 unum
1159 1407 1332 1443 obtinere
1360 1406 1434 1443 sibi
1467 1418 1729 1443 successorem

164 1463 194 1497 V
216 1463 283 1499 372
300 1463 457 1511 imperii
483 1460 723 1511 potuerunt?
765 1462 839 1507 Qui
874 1468 1001 1511 potest
1028 1462 1191 1511 vigilius
1230 1468 1270 1498 et
1300 1462 1456 1512 quintae
1479 1460 1628 1512 synodi
1654 1475 1730 1512 pa-

299 1523 379 1553 tres
407 1518 527 1553 vitam
551 1515 782 1554 Theodorae
810 1519 971 1567 precari,
1001 1529 1100 1568 quae
1129 1519 1252 1554 vitam
1281 1529 1370 1553 cum
1395 1523 1520 1554 morte
1550 1518 1731 1568 quintum

300 1574 383 1608 iam
412 1585 559 1608 annum
587 1580 675 1608 ante
706 1585 793 1608 eam
822 1571 1015 1622 synodum
1045 1570 1334 1609 commutarat?
1365 1571 1485 1609 Sedet
1512 1579 1644 1609 autem
1661 1573 1733 1610 Vi·-

301 1629 419 1677 gilius
451 1630 493 1664 in
525 1641 570 1664 eo
600 1628 783 1675 concilio,
814 1626 864 1664 ad
893 1627 998 1678 quod
1025 1640 1098 1664 nec
1126 1634 1262 1679 sponte
1291 1629 1472 1674 accessit,
1511 1634 1550 1664 et
1578 1633 1733 1677 rogatus

299 1690 510 1719 venturum
546 1695 587 1719 se
621 1681 810 1732 negavit?
849 1684 914 1719 Ex
949 1682 1177 1733 patriarchis
1205 1695 1305 1720 unus
1333 1684 1376 1719 in
1411 1681 1548 1719 eadem
1587 1681 1735 1733 synodo

186 1742 214 1774 A
237 1741 282 1776 89
307 1737 432 1774 defuit
450 1736 684 1775 Eustochius
704 1739 1103 1789 Hierosolymitanus3
1127 1737 1492 1788 Pseudogordianus
1511 1738 1613 1775 male
1642 1751 1737 1774 cau—
1769 1771 1771 1774 ⁴

302 1801 367 1830 tus
398 1807 488 1829 cum
517 1794 676 1844 reliquis
703 1794 877 1843 patribus
907 1806 998 1829 eum
1025 1801 1215 1841 numerat,
1248 1795 1446 1831 Domuum
1476 1806 1566 1830 vero
1594 1795 1735 1830 Antio·-

305 1848 487 1896 chenum,
518 1850 585 1899 qui
614 1850 823 1885 conventui
848 1850 1043 1896 intererat,
1075 1848 1262 1886 excludit.
1317 1850 1384 1885 Ait
1411 1849 1591 1899 epistolas
1617 1850 1736 1885 Iusti-

302 1906 414 1940 niani
449 1911 487 1940 et
514 1902 748 1940 Theodorae
789 1902 839 1940 ad
874 1903 1079 1940 Placidum
1113 1906 1155 1940 in
1192 1905 1368 1942 Siciliam
1403 1917 1473 1954 per
1501 1905 1736 1941 Belisarium

304 1961 445 1996 missas
474 1960 594 1995 fuisse
625 1972 726 1997 anno
763 1960 919 2009 imperii
951 1959 1206 2007 duodecim03
1245 1967 1329 1996 tum
1365 1960 1511 1995 scilicet
1540 1972 1630 1996 cum
1657 1961 1737 1996 Be·-

303 2015 460 2051 lisarius
489 2017 636 2051 Romae
666 2027 688 2050 a
709 2016 851 2064 Vitige,
882 2014 1114 2066 Gotthisque
1144 2014 1227 2051 dira
1254 2013 1454 2052 obsidione
1474 2015 1737 2064 premebatur.

305 2069 409 2115 Quid
439 2069 487 2106 de
516 2072 618 2107 notis
648 2071 867 2117 consulum,
898 2069 991 2122 quid
1022 2069 1069 2106 de
1098 2072 1191 2120 ipsis
1221 2069 1442 2106 consulibus
1473 2069 1612 2116 dicam,
1645 2071 1739 2120 qui-

305 2125 380 2161 bus
410 2138 478 2161 eae
506 2126 656 2162 litterae
686 2127 932 2174 consignatae
961 2124 1183 2162 habentur?
1221 2126 1266 2160 In
1294 2123 1356 2162 his
1382 2123 1482 2160 nihil
1504 2125 1646 2174 integri
1672 2125 1739 2161 vel

305 2181 393 2216 sani
431 2187 501 2216 est.
557 2181 815 2228 Privilegium
851 2180 1144 2217 Cassinensibus
1184 2178 1385 2216 monachis
1422 2179 1558 2216 datmn
1596 2179 1739 2217 iisdem

304 2235 387 2271 illis
418 2235 764 2284 subscriptionibus
804 2233 1048 2284 exploditur,
1089 2236 1230 2286 quibus
1261 2237 1458 2271 munitum
1485 2234 1588 2272 illud
1612 2236 1739 2273 voluit

304 2288 686 2339 Pseudogordianus.
742 2291 898 2327 Primus
927 2291 1132 2328 subscribit
1159 2292 1394 2328 Iustinianus
1431 2303 1484 2327 ex
1511 2292 1629 2341 stirpe
1657 2292 1740 2328 Ae-

306 2344 447 2381 neada.
506 2343 607 2390 Quid
645 2343 733 2381 ais?
773 2347 850 2382 nisi
878 2346 994 2396 plane
1022 2345 1124 2382 nihil
1152 2348 1276 2396 sapis,
1314 2359 1397 2382 rem
1426 2346 1605 2382 omnibus
1642 2347 1740 2382 sori-

306 2401 483 2450 ptoribus
512 2413 655 2437 novam
685 2407 722 2436 et
749 2401 866 2450 plane
894 2400 1111 2438 inauditam
1139 2415 1284 2438 narras.
1341 2400 1544 2438 Secundus
1567 2403 1739 2438 Iustinus

306 2456 464 2492 Caesar.
520 2457 780 2492 lastinianum
807 2457 963 2493 nullum
991 2458 1146 2508 imperii
1173 2456 1354 2494 habuisse
1383 2458 1533 2492 socium
1553 2458 1640 2507 quis
1667 2469 1741 2492 ne-

308 2509 415 2547 scit?
442 2523 521 2560 par
543 2512 651 2547 curi-s·
669 2513 839 2551 Iustinus
867 2512 942 2548 fuit
971 2515 1054 2549 seni
1076 2515 1156 2549 iam
1186 2519 1223 2548 et
1249 2524 1350 2562 pene
1371 2510 1492 2548 deliro
1511 2513 1740 2559 Iustiniano‘,

308 2565 381 2604 sed
410 2563 635 2602 diademate
653 2564 815 2616 diepam
844 2579 972 2618 neque
1002 2570 1084 2605 eius
1111 2568 1228 2614 filius,
1257 2565 1328 2604 sed
1353 2567 1579 2603 Dulcissimi
1606 2573 1646 2604 et
1670 2569 1742 2604 Vi-

309 2622 507 2671 gilantiae.
563 2621 720 2659 Tertius
759 2620 1029 2660 Theodericus
1069 2635 1141 2660 rex
1177 2620 1429 2669 Gotthorum‚
1471 2623 1548 2672 qui·
1577 2623 1664 2659 ante
1699 2620 1742 2658 id

307 2683 464 2726 tempus
496 2690 573 2727 quo
613 2675 752 2713 datum
784 2678 860 2713 fuit
894 2677 995 2714 illud
1030 2678 1299 2729 privilegium,
1337 2679 1475 2727 viginti
1503 2683 1541 2714 et
1573 2678 1740 2728 amplius

309 2745 431 2769 annos
462 2731 566 2768 diem
604 2733 764 2771 obierat.
822 2735 987 2780 Quartus
1018 2734 1250 2781 Belisarius,
1282 2734 1351 2784 qui
1379 2740 1465 2770 tum
1491 2734 1673 2781 Romae,
1697 2738 1741 2769 ut
