1800 3126
257 161 352 206 516

296 266 462 302 suadentis
485 266 514 310 Ι,
531 269 608 312 481,
627 269 682 304 21.
713 267 871 302 Germani
892 268 953 301 mi-

295 312 373 346 lites
396 313 437 346 ad
454 313 598 347 officium
623 313 811 346 revocantis
828 313 857 356 Ι,
872 312 950 354 484,

298 358 352 391 12.
389 358 573 391 Salomonis
604 357 638 390 in
672 358 842 391 obsidione
877 358 953 391 Tu-

295 401 395 434 maris
426 403 453 443 1,
479 404 556 443 497,
576 404 630 435 21.
662 402 820 445 Gregorii
851 402 952 435 Arta-

294 446 412 480 banem
438 453 589 491 patruum
605 446 804 490 impellentis
821 446 863 479 ad
877 447 952 490 'ry-

254 516 255 519 η
295 491 532 524 rannicaedem
545 490 572 531 1,
589 491 665 529 524,
679 493 708 524 2.
734 491 953 535 PetriLegati

294 535 338 568 de
347 536 545 578 Legatorum
561 534 774 575 iurell,35.4.
788 535 955 580 Stephani

293 579 369 613 Nea
395 579 507 613 olitani
534 584 569 612 et
602 579 755 612 Belisarii
784 581 950 625 Neapolin

293 592 474 657 obsidentis
500 624 542 664 ΙΙ,
564 624 620 663 39,
647 625 699 658 18.
731 625 877 658 Pastoris
891 626 951 658 de-

293 668 449 701 ditionem
479 668 699 701 dissuadentis
721 669 772 710 ll,
802 671 864 711 42,
896 671 951 705 21.

292 712 445 746 Belisarii
476 713 566 746 urbis
597 719 717 758 captae
747 715 831 748 mala
861 725 950 748 com-

291 757 501 790 memorantis
531 757 586 799 11,
629 759 693 799 48,
723 760 774 793 11.
801 760 948 793 eiusdem

292 802 455 835 hortantis
492 802 610 836 milites
647 803 689 836 ad
717 804 947 838 humanitatem

291 847 345 887 ΙΙ,
377 847 441 888 54,
461 847 496 881 3.
526 848 690 891 Stephani
714 853 749 882 et
774 849 948 893 Asclepio-

291 891 362 924 doti
385 891 525 927 invicem
556 893 808 926 conviciantium
830 894 874 936 ΙΙ,
890 893 946 935 55,

294 937 350 970 16.
396 936 519 980 Vitigis
553 937 662 980 regis,
706 939 946 972 cunctationem

289 978 462 1015 suadentis
492 981 541 1020 11,
565 983 627 1021 59,
665 982 698 1016 4.
729 983 871 1017 eiusdem
904 983 946 1016 de

288 1025 451 1059 societate
478 1036 550 1059 cum
580 1027 718 1060 Francis
743 1027 886 1062 ineunda
903 1028 948 1069 ΙΙ,

287 1071 345 1111 71,
378 1072 429 1104 18.
462 1071 553 1103 Albis
592 1071 793 1105 Gotthorum
831 1073 951 1116 Legati

288 1117 324 1147 et
354 1114 505 1148 Belisarii
535 1115 578 1148 de
603 1126 686 1159 pace
716 1117 768 1157 ΙΙ,
803 1118 859 1157 99,
894 1119 948 1152 18.

287 1158 443 1191 Belisarii
473 1160 638 1192 hortantis
660 1160 702 1192 ad
728 1162 886 1205 praelium
904 1163 948 1204 ΙΙ,

288 1203 366 1237 130.
402 1203 453 1237 15.
485 1204 707 1238 Romanorum
735 1210 769 1239 et
793 1206 946 1240 Belisarii

287 1247 333 1290 ΙΙ,
362 1248 437 1285 156.
467 1250 498 1283 7.
530 1249 674 1282 eiusdem
700 1261 772 1284 cum
800 1252 947 1284 Gottho-

286 1303 358 1326 rum
395 1293 534 1336 Legatis
560 1294 758 1338 colloquium
788 1296 843 1337 11,
870 1298 946 1338 168,

286 1337 319 1372 5.
350 1337 481 1371 Ioannis
513 1344 589 1371 ante
620 1349 764 1383 pugnam
794 1341 838 1383 ΙΙ,
871 1341 947 1382 193,

287 1382 318 1417 6.
350 1382 522 1425 Narsetis,
552 1383 744 1418 Belisarium
768 1385 947 1419 admonen-

286 1426 327 1459 tis
357 1427 401 1470 ΙΙ,
433 1429 510 1467 210,
543 1429 596 1462 17.
626 1428 780 1462 Belisarii
798 1435 833 1462 et
856 1430 947 1463 Nar-

286 1471 366 1504 setis
406 1472 658 1506 consultantium
697 1474 750 1514 11,
774 1475 860 1515 218,
890 1475 946 1508 23.

286 1517 364 1556 220,
387 1517 418 1550 8.
448 1516 543 1549 Pauli
569 1518 610 1550 ad
635 1518 886 1551 cunctabundos
900 1518 944 1560 ΙΙ,

285 1560 373 1601 229,
407 1562 459 1595 10.
491 1561 659 1595 Mundilae
689 1563 892 1596 dehortantis
926 1574 946 1595 a

284 1604 455 1638 deditione
490 1606 545 1646 ΙΙ,
569 1607 656 1646 232,
689 1609 744 1642 22.
787 1607 945 1651 Procopii

283 1649 391 1682 dantis
416 1650 586 1693 consilium
613 1650 787 1691 Belisario,
814 1657 849 1685 et
878 1652 943 1684 Be-

282 1693 385 1727 lisarii
424 1694 507 1727 illud
543 1695 700 1728 militibus
745 1696 944 1729 declarantis

283 1739 335 1779 ll,
359 1739 444 1779 241,
468 1739 524 1772 24.
559 1740 762 1783 Legatorum
795 1741 945 1774 Franco-

283 1794 354 1816 rum
380 1783 421 1816 ad
446 1783 570 1826 Vitigin
596 1785 648 1825 ll,
673 1786 760 1826 261,
790 1786 842 1819 19.
878 1786 944 1818 Le—

285 1832 439 1872 gatorum
473 1828 627 1862 Belisarii
658 1830 698 1863 ad
723 1830 870 1863 eumdem
901 1830 944 1863 ΙΙ.

284 1873 363 1914 262,
395 1874 445 1908 18.
475 1873 677 1908 Gotthorum
708 1879 743 1908 et
764 1875 889 1908 Uraiae
904 1875 946 1908 de

284 1928 388 1995 {232⁰
400 1928 577 1996 ..3ἓὲἓὶῗῖ
580 1919 845 2007 ⁰1²..¹¹;.}'if:;m³·
854 1920 944 1997 {¹331

285 2007 373 2041 sario
404 2007 573 2040 deferatur
597 2009 649 2048 11,
686 2010 763 2050 274,
790 2010 844 2043 21.
874 2010 943 2042 Ar-

285 2051 413 2085 tabazis
430 2053 614 2086 cautionem
632 2054 849 2087 necessariam
869 2066 942 2087 esse

285 2096 488 2130 ostendentis
518 2098 569 2138 ll,
602 2099 684 2134 293,
714 2100 768 2132 20.
806 2099 941 2132 Totilae

283 2141 372 2184 regis
414 2141 453 2174 ad
493 2153 631 2185 pugnam
674 2143 728 2184 ΙΙ,
762 2142 854 2183 294,
886 2144 941 2176 23.

282 2185 428 2219 eiusdem
464 2186 702 2230 Neapolitanos
731 2187 771 2220 ad
801 2187 943 2220 deditio-

283 2241 357 2264 nem
381 2229 563 2263 invitantis.
588 2232 632 2272 ΙΙ,
660 2233 745 2272 306,
774 2233 828 2265 19.
852 2232 942 2265 eius—

283 2274 358 2308 dem
379 2280 495 2307 contra
519 2275 678 2308 scelerum
717 2275 941 2320 impunitatem

283 2319 336 2359 ΙΙ,
367 2319 452 2360 313,
481 2320 513 2353 7.
543 2320 695 2353 Belisarii
725 2321 765 2353 ad
796 2321 940 2355 officium

283 2363 402 2398 milites
424 2365 611 2397 revocantis
640 2365 684 2405 11,
704 2366 782 2408 319,
806 2367 839 2399 9.
866 2367 940 2400 Το-

283 2409 364 2442 tilae
391 2409 433 2442 ad
461 2409 631 2452 Pelagium
663 2410 843 2443 Diaconum
876 2423 937 2455 pro

284 2453 442 2487 Romanis
463 2454 606 2488 obsessis
628 2455 876 2499 deprecatorem
894 2456 937 2498 ΙΙ,

282 2499 376 2542 341,
406 2500 437 2533 7.
470 2499 599 2541 Pelagii
633 2499 672 2532 ad
709 2500 856 2533 Totilam
890 2501 936 2542 ΙΙ,

282 2544 358 2584 344,
392 2545 442 2578 15.
475 2543 607 2577 Totilae
630 2545 670 2576 ad
696 2555 774 2578 suos
789 2545 831 2577 de
848 2546 937 2578 cultu

279 2588 429 2622 iustitiae
459 2588 502 2630 ΙΙ,
527 2588 605 2627 365,
632 2590 685 2623 19.
709 2589 852 2623 eiusdem
877 2602 938 2623 ex-

283 2633 448 2666 cusatoria
482 2633 521 2671 ΙΙ,
545 2633 623 2674 382,
653 2635 703 2668 19.
721 2635 852 2668 Arsacis
871 2636 936 2668 Ar-

278 2679 432 2711 tabauem
462 2677 648 2722 instigantis
670 2679 710 2712 ad
738 2679 936 2712 coniuratio-

279 2734 352 2757 nem
384 2723 428 2764 ΙΙ,
457 2723 535 2764 409,
567 2723 617 2758 14.
642 2724 933 2767 Langobardorum

279 2767 312 2802 in
351 2768 529 2813 Gepaedes
574 2769 662 2813 apud
698 2770 931 2814 Imperatorem

638 149 642 154 '
690 162 869 207 INDEX
903 164 1232 209 Hlsromcus

1040 269 1085 311 ΙΙ,
1107 270 1186 313 420,
1200 270 1232 304 7.
1249 270 1443 316 Gepaedum
1455 272 1488 306 in
1499 272 1694 317 Langobar-

1040 314 1100 347 dos
1126 314 1181 355 ΙΙ,
1209 314 1294 353 423.
1327 318 1379 350 14.
1414 318 1565 351 Gubazis
1602 318 1692 361 regis

1040 359 1081 393 ad
1107 359 1256 392 subditos
1282 359 1334 398 ll,
1359 361 1436 404 491,
1466 363 1518 396 18.
1552 362 1693 397 Romani

1040 403 1150 437 militis
1175 404 1292 436 Persas
1329 404 1561 448 desperatione
1599 414 1692 441 actos

1041 447 1204 481 hortantis
1229 452 1265 481 ut
1287 459 1325 481 se
1353 449 1475 484 dedant
1499 452 1542 492 11,
1566 453 1642 494 518,
1659 455 1692 486 7.

1042 492 1213 526 Odonachi
1242 493 1447 537 desperantis
1468 495 1510 537 ll,
1535 497 1613 538 530,
1640 499 1692 530 10.

1039 537 1186 570 Sandilis
1220 537 1462 580 Uturgurorum
1492 540 1580 584 regis
1609 541 1693 585 lepi-

1038 581 1083 615 da
1107 581 1323 626 expostulatio
1345 583 1396 627 ΙΙ,
1431 584 1508 624 556.
1537 585 1568 619 6.
1597 586 1693 618 Ioan-

1039 626 1090 660 nis
1114 631 1189 660 ante
1213 631 1377 660 certamen
1400 628 1517 661 navale
1540 629 1584 671 11,
1615 631 1692 671 579,

1039 673 1091 706 12.
1128 671 1255 705 Ducum
1289 671 1403 705 classis
1439 673 1620 707 Gotthicae
1651 674 1694 716 ΙΙ,

1039 717 1116 755 581,
1144 716 1176 752 4.
1209 716 1339 749 Leontii
1370 717 1489 760 Legati
1514 717 1555 751 ad
1579 718 1692 752 Theo-

1037 760 1167 794 baldum
1187 761 1389 795 Francorum
1422 773 1532 806 regem
1552 762 1596 802 ΙΙ,
1615 764 1692 804 587,

1039 807 1094 839 11.
1133 806 1321 839 Theobaldi
1355 806 1394 840 ad
1436 807 1607 841 Leontium
1646 808 1692 848 ΙΙ,

1037 850 1114 890 589,
1149 851 1200 884 11.
1232 850 1394 884 Narsetis‘
1413 856 1447 885 et
1469 852 1603 886 'rutilae
1615 857 1693 887 ante

1037 906 1176 940 pugnam
1204 894 1247 929 ΙΙ.
1276 897 1354 936 614,
1382 897 1415 930 8.
1443 897 1520 938 615,
1550 898 1604 931 18.

991 950 1092 984 Orbis
1116 950 1232 983 divisio
1261 951 1293 984 in
1323 951 1434 986 Asiam
1462 955 1498 985 et
1523 951 1616 985 Euro
1641 962 1692 986 am

1038 996 1066 1038 I,
1082 996 1158 1036 309,
1177 996 1229 1030 13.
1245 995 1279 1029 in
1295 1000 1364 1029 tres
1383 1001 1493 1041 partes
1508 997 1553 1038 II,
1569 997 1614 1032 48
1638 1022 1648 1038 ,
1659 998 1693 1031 4.

994 1050 1133 1084 Orestes
1157 1061 1228 1084 cum
1245 1051 1417 1096 Iphigenia
1432 1062 1546 1086 sorore
1562 1063 1582 1085 e
1597 1051 1693 1085 Tau-
1761 1091 1763 1094 .

1039 1094 1084 1127 ris
1116 1095 1203 1139 fugit
1227 1096 1254 1136 Ι,
1280 1097 1334 1138 83,
1368 1098 1421 1131 12.
1448 1101 1590 1141 utraque
1624 1097 1694 1130 Co-

1038 1149 1133 1173 mana
1170 1140 1211 1174 ab
1247 1140 1320 1185 ipso
1359 1141 1492 1176 condita
1529 1146 1564 1175 et
1595 1146 1692 1174 nacta

1039 1195 1157 1219 nomen
1182 1185 1222 1218 ab
1253 1185 1323 1219 eius
1355 1197 1447 1220 coma
1481 1187 1516 1230 Ι,
1547 1187 1602 1226 83,
1635 1187 1691 1220 22.

1039 1229 1083 1262 ΙΙ.
1105 1229 1183 1270 480,
1207 1231 1239 1264 7.
1263 1230 1348 1263 illius
1373 1231 1477 1271 furor,
1499 1242 1607 1276 poena
1621 1241 1692 1264 ma-

1035 1273 1159 1307 tricidii
1182 1274 1209 1314 Ι,
1228 1274 1283 1317 84,
1311 1276 1365 1310 16.

992 1328 1150 1371 Orestes,
1181 1333 1278 1374 pater
1301 1330 1495 1374 Augustuli,
1518 1331 1693 1375 Imperium

1035 1373 1241 1408 administrat
1270 1375 1314 1414 ΙΙ,
1337 1376 1370 1416 6,
1393 1377 1425 1410 7.
1446 1375 1647 1410 interficitur
1671 1386 1692 1409 a

1036 1418 1190 1451 militibus
1220 1419 1264 1460 11,
1292 1421 1325 1460 6,
1353 1422 1405 1454 17.

992 1473 1133 1506 Orestes
1162 1473 1326 1506 Patricius
1352 1474 1449 1511 Rom.
1477 1474 1522 1516 II,
1538 1470 1620 1516 363,
1638 1476 1692 1510 15.

1037 1517 1160 1550 Consul
1182 1517 1227 1559 ΙΙ,
1252 1518 1330 1558 389,
1354 1520 1384 1553 1.

990 1561 1139 1594 Orientis
1171 1562 1346 1606 Imperium
1376 1566 1479 1598 vexat
1506 1562 1691 1598 incursibus

1034 1605 1211 1640 Gizericus
1236 1607 1262 1649 Ι,
1281 1608 1360 1643 334.
1382 1609 1425 1642 22
1447 1608 1515 1641 eius
1537 1619 1690 1642 mensura

1034 1650 1062 1690 Ι,
1090 1652 1168 1690 511,
1206 1653 1261 1685 19.
1296 1652 1408 1684 Praef.
1435 1654 1544 1687 Eruet.
1569 1653 1691 1686 Orien-

1033 1695 1087 1731 tis,
1120 1700 1154 1726 et
1170 1694 1334 1738 Magister
1351 1696 1413 1728 mil.
1431 1697 1595 1731 Orientis:
1612 1699 1690 1732 vide

1033 1739 1227 1773 Praefectus
1251 1746 1286 1773 et
1311 1740 1485 1784 Magister.

990 1784 1154 1826 Origenes
1189 1785 1335 1818 Senator
1367 1785 1543 1820 seditiosos
1574 1786 1689 1821 admo-

1035 1833 1091 1862 net
1114 1829 1139 1870 1,
1166 1828 1239 1871 124,
1267 1829 1316 1863 15.

991 1873 1181 1914 Orocasias,
1192 1877 1310 1907 vertex
1324 1874 1518 1909 Antiochiae
1528 1876 1556 1918 Ι,
1569 1877 1645 1917 178,
1654 1879 1688 1912 9,

991 1919 1136 1951 Orontes
1154 1918 1211 1952 flu.
1241 1919 1445 1954 Antiochiam
1461 1920 1552 1956 alluit
1566 1921 1594 1964 Ι,
1611 1923 1686 1957 178.

1033 1964 1064 1997 6.
1088 1964 1163 2004 186,
1190 1964 1241 1997 14.
1269 1964 1344 2005 191,
1370 1965 1422 1999 14.

987 2007 1145 2041 Orthaias
1175 2007 1365 2042 Maurorum
1394 2009 1567 2043 Numidiae
1594 2010 1688 2054 prin-

1031 2063 1110 2096 ceps
1143 2057 1210 2086 stat
1240 2064 1260 2085 a
1291 2053 1446 2087 Romanis
1475 2055 1510 2098 Ι,
1536 2055 1627 2097 465,
1652 2057 1686 2090 4.

1030 2097 1086 2130 ubi
1107 2097 1184 2138 sita,
1214 2097 1300 2130 illius
1327 2098 1418 2140 regio
1446 2099 1483 2139 Ι,
1513 2098 1600 2140 466,
1631 2101 1685 2134 12.

1031 2141 1135 2185 ipsius
1167 2141 1267 2175 dubia
1300 2141 1334 2175 in
1369 2143 1505 2177 Stozam
1545 2144 1627 2178 fides
1658 2145 1686 2188 Ι,

987 2230 1098 2264 Osiris
1123 2241 1143 2263 a
1167 2230 1348 2274 Blemybus
1375 2235 1409 2266 et
1429 2231 1573 2267 Nobatis
1603 2233 1686 2267 coli-

1030 2280 1085 2308 tur
1108 2276 1134 2315 Ι,
1160 2276 1236 2316 104,
1259 2277 1292 2310 2.

986 2320 1140 2354 Osroene
1164 2331 1281 2359 nomen
1305 2321 1404 2355 habet
1423 2332 1444 2355 a
1475 2333 1556 2366 rege
1575 2324 1685 2358 Osroe

1027 2365 1056 2443 ξ,
1078 2366 1132 2408 85,
1158 2365 1212 2443 ΞΒ.
1237 2365 1307 2399 eius
1333 2366 1452 2411 oppida
1469 2367 1684 2402 munitissima

1045 2436 1054 2452 ‚
1078 2411 1130 2450 87,
1181 2435 1190 2445 .

983 2455 1108 2488 Osroes
1134 2466 1212 2496 rex,
1242 2454 1431 2490 foederatus
1454 2456 1630 2490 Persarum
1653 2457 1683 2499 Ι,

1026 2501 1081 2541 85,
1107 2499 1159 2534 14.

982 2545 1080 2578 Ostia
1103 2544 1180 2577 urbs
1203 2543 1251 2585 ll,
1273 2543 1351 2584 358,
1376 2545 1434 2578 19..
1461 2545 1518 2578 ubi
1542 2545 1608 2579 sita
1636 2545 1683 2586 II,

1029 2590 1104 2629 124,
1129 2590 1161 2622 9.
1188 2588 1257 2621 eius
1288 2588 1343 2621 via
1368 2589 1412 2630 ΙΙ,
1432 2591 1507 2630 124,
1531 2591 1586 2625 23.
1606 2591 1682 2631 173,

1027 2637 1081 2669 12.
1116 2633 1335 2666 Romanorum
1366 2634 1484 2667 navale
1515 2634 1568 2676 ΙΙ,
1602 2635 1679 2676 159,

1025 2681 1057 2715 8.
1083 2677 1155 2718 164,
1181 2680 1232 2712 12.
1257 2677 1301 2719 ΙΙ,
1330 2679 1404 2719 124,
1429 2679 1462 2712 2.

979 2723 1218 2767 Ostrogotthos
1230 2723 1414 2768 Procopius
1430 2723 1573 2767 appellat
1589 2723 1678 2756 Got-

1022 2770 1116 2803 thos:
1143 2779 1246 2812 quare
1264 2769 1341 2803 vide
1365 2779 1398 2803 ν.
1426 2767 1558 2803 Gottbi.
