1754 3132
190 151 253 198 48
775 153 1037 196 PROCOPII

189 282 278 309 πον.
334 263 584 319 ἀπεκείροντο
601 263 676 320 γὰρ
697 263 824 317 αὐτὴν
840 262 955 304 οὐδὲν
978 261 1124 316 ὁμοίως
1142 269 1226 312 τοῖς
1245 262 1382 313 ἄλλοις
1398 261 1621 316 Ῥωμαίοις.

189 337 260 374 τοῦ
278 332 351 385 μὲν
368 332 444 387 γὰρ
463 329 667 385 μύστακος
687 333 752 372 καὶ
774 334 845 371 τοῦ
865 331 1012 384 γενείου
1035 330 1193 383 οὐδαμῆ
1214 329 1405 383 ἥπτοντο,
1427 329 1521 371 ἀλλ’
1546 329 1624 371 αὗ·-

188 406 273 448 τοΐς
291 402 525 452 κατακομᾶν
548 399 609 439 ἐπὶ
629 402 813 439 πλεῖστον
833 395 967 451 ὥσπερ
991 397 1026 438 οἳ
1041 397 1198 452 Πέρσαι
1214 399 1251 446 ἐς
1266 398 1325 439 ἀεὶ
1341 396 1504 452 ἤθελον.
1540 400 1622 438 τῶν

188 468 232 509 δὲ
251 468 290 508 ἓν
306 470 354 522 τῇ
370 469 522 521 κεφαλῇ
538 469 683 518 τριχῶν
698 464 747 506 τὰ
762 463 992 519 ἔμπροσθεν
1006 463 1096 518 ι’ίχρι
1112 465 1150 512 ἒς
1163 464 1259 513 τοίς
1275 461 1504 520 κροτάφους
1518 462 1620 505 ἄπο-

186 531 394 587 τεμόμενοι
415 532 465 574 τὰ
486 531 655 574 ὄπισθεν
677 531 989 586 ἀποκρέμασθαι
1008 533 1144 585 σφίσιν
1163 530 1224 571 ἒπὶ
1243 530 1499 585 μακρότατον
1518 528 1620 588 λόγῳ
1635 541 1656 576 5

70 607 98 640 P
121 610 166 643 22
190 601 317 643 οὐδενὶ
333 601 435 651 εἴων,
448 597 581 653 ὥσπερ
597 599 634 640 οἳ
647 598 929 653 ΖΠασσαγέται.
956 598 1016 640 διὸ
1032 598 1081 651 δὴ
1098 599 1160 639 καὶ
1179 597 1370 639 Οὗννικόν
1383 598 1427 639 τὸ
1441 602 1624 640 τοιοῦτον

186 667 290 716 εἶδος
314 665 495 709 ἐκάλουν.
551 665 684 708 ἔπειτα
707 667 750 707 δὲ
770 666 819 707 τὰ
839 667 878 714 ἐς
897 665 948 707 τὰ
968 663 1107 717 ἱμάτια
1129 663 1353 720 εὐπάρυφοι
1374 666 1507 719 ἠξίουν
1527 663 1625 707 εἶναι

188 734 382 785 ἅπαντες,
422 733 757 788 κομπωδεστέραν
789 732 814 787 ἢ
845 732 948 774 κατὰ
972 732 1044 785 τὴν
1065 731 1234 774 ἑκάστου
1262 732 1378 782 ἀξίαν
1395 732 1626 776 {westwud-

190 819 302 855 μενοι
323 801 395 855 τὴν
417 801 589 854 ἐσθῆτα.
638 805 816 842 κτᾶσθαι
835 800 910 855 γὰρ
931 799 1069 848 αὐτοῖς
1086 799 1136 841 τὰ
1155 804 1322 841 τοιαῦτα
1341 801 1383 850 ἐξ
1403 799 1451 842 οὐ
1469 815 1627 856 προση-

71 880 99 913 Α
123 880 167 915 32
191 867 341 911 κόντων
370 871 517 923 παρῆν.
590 873 662 910 τοῦ
694 869 738 910 δὲ
763 871 933 921 χιτῶνος
955 866 1000 909 τὸ
1030 866 1134 922 ἀμφὶ
1155 866 1212 909 τὼ
1229 874 1335 921 χεῖρε
1353 867 1474 921 μέρος
1496 869 1536 917 ἒς
1557 869 1627 911 τὸν
1640 875 1682 908 10

191 936 346 991 καρπὸν
369 933 499 991 ξυνῄει
520 936 658 992 σᾳ-ίσιν
676 936 715 976 ἓν
736 939 861 992 στενῷ
879 932 1070 986 μάλιστα.
1139 934 1190 976 τὰ
1219 935 1262 976 δὲ
1291 934 1453 976 ἐνθένδε
1474 934 1566 992 ι’ίχρι
1586 936 1627 984 ἒς

191 999 302 1057 ὦμον
325 1001 512 1057 ἑκάτερον
534 1005 572 1052 ἒς
594 999 753 1058 ἄφατόν
772 1020 810 1044 τι
829 1001 970 1056 εὔρους
991 1001 1190 1054 διεκὲχυτο
1207 1006 1360 1057 χρῆμα.
1430 1000 1568 1052 ὁσάκις
1585 1019 1627 1046 τε

188 1070 214 1126 ἡ
234 1072 320 1126 χεὶρ
338 1070 474 1118 αὐτοῖς
495 1072 638 1112 σείοιτο
661 1070 891 1122 ἀναβοῶσιν
910 1071 950 1110 ἐν
968 1075 1052 1117 τοῖς
1069 1067 1258 1124 θεάτροις
1280 1087 1322 1111 τε
1342 1071 1407 1111 καὶ
1429 1070 1628 1127 ἱπποδρο-

188 1140 320 1192 μίοις,
359 1136 382 1190 ἢ
404 1137 740 1192 ἐγκελευομένοις,
778 1131 879 1192 ᾗπερ
902 1134 1059 1187 εἰώθει,
1098 1137 1137 1184 ἔς
1152 1135 1260 1188 ὕψος
1281 1136 1418 1186 αὐτοῖς
1437 1141 1558 1180 τοῦτο
1579 1136 1626 1179 τὸ

187 1205 310 1262 μέρος
331 1204 506 1257 ἀτεχνῶς
526 1204 666 1260 ᾔρετο,
704 1204 898 1261 αἴσθησιν
919 1200 1189 1256 παρεχόμενον
1211 1210 1296 1252 τοῖς
1319 1201 1530 1259 ἀνοήτοις,
1566 1203 1627 1247 ὅτι
1641 1210 1683 1246 15

134 1286 163 1321 Β
189 1273 249 1327 δὴ’
273 1271 410 1320 αὐτοῖς
442 1270 549 1313 οὕτω
580 1268 702 1312 καλόν
725 1288 766 1312 τε
789 1270 834 1312 τὸ
856 1274 975 1322 σῶμα
998 1271 1062 1311 καὶ
1083 1268 1208 1325 ἁδρὸν
1233 1270 1291 1324 εἴη
1310 1269 1383 1323 ἂν,
1422 1270 1524 1314 ὥστε
1547 1273 1630 1314 δεῖν

185 1357 227 1396 γε
255 1338 393 1387 αὐτοῖς
415 1339 516 1392 πρὸς
533 1343 614 1380 τῶν
635 1336 828 1380 τοιούτων
847 1338 1016 1390 ἱματίων
1036 1335 1335 1389 καλύπτεσθαι,
1369 1337 1442 1380 οὐκ
1467 1339 1631 1381 ἐννοοῦ-

186 1424 249 1450 σιν
276 1405 337 1449 ὅτι
367 1405 418 1460 δὴ
439 1406 576 1454 αὐτοῖς
596 1410 653 1463 τῷ
675 1409 747 1458 τῆς
769 1406 946 1458 ἐσθῆτος
966 1404 1203 1462 ἦραιωμένῳ
1225 1422 1264 1447 τε
1284 1407 1350 1447 καὶ
1374 1410 1471 1463 κενῷ
1491 1410 1630 1463 πολλῷ

184 1473 241 1517 ἔτι
258 1477 415 1528 μᾶλλον
438 1474 484 1516 τὸ
505 1477 578 1516 τοῦ
598 1471 787 1527 σώματος
808 1473 987 1526 ἐξίτηλον
1009 1473 1267 1528 ὃιελεγχθείη.
1308 1473 1350 1514 αἳ
1370 1474 1565 1527 ἓπωμίὸες
1585 1474 1631 1516 δὲ

276 1583 306 1616 1.
341 1577 459 1624 αὐτὴν
489 1581 517 1613 Ρ
550 1591 625 1614 cum
656 1579 775 1614 Suida.
822 1577 930 1614 αὐτοὶ
961 1581 1001 1614 Α.
1151 1582 1184 1615 2.
1217 1577 1365 1625 αὐτοῖς]
1398 1578 1516 1616 αὐτόν
1546 1581 1629 1615 Sui-

273 1626 348 1660 das.
486 1628 519 1661 5.
545 1623 835 1669 ἀποτεμόμενοι]
861 1623 1150 1668 ἀποτεμνόμενοι
1164 1626 1299 1660 Suidas.
1436 1627 1518 1661 ibid.
1545 1628 1631 1670 σφί-

278 1682 335 1706 σιν
358 1670 493 1704 Suidas.
533 1672 636 1715 σφίσι
660 1671 730 1704 ΑΡ.
864 1671 948 1704 ibid.
973 1670 1030 1705 ἐπὶ
1054 1669 1284 1712 μακρότατον
1307 1683 1348 1705 ex
1371 1671 1480 1706 Suida
1502 1673 1632 1707 addidi.

277 1720 310 1753 6.
339 1714 520 1751 Οὖννικὸν
545 1718 583 1750 Ρ.
631 1714 782 1750 ου’νικὸν
805 1716 845 1750 Α.
896 1713 1033 1750 Οὕνιον
1057 1717 1191 1750 Suidas.
1328 1717 1411 1750 ibid.
1436 1719 1630 1763 τοιοῦτον]

277 1759 368 1797 αὐτὸ
406 1762 542 1795 Suidas.
679 1763 711 1796 7.
756 1759 803 1795 τὰ
843 1759 972 1804 ἱμάτια
1014 1763 1039 1795 Ρ
1084 1773 1158 1794 cum
1202 1761 1321 1795 Suida.
1368 1762 1549 1805 ταρμάτια
1589 1766 1631 1799 Α.

276 1810 310 1842 9.
334 1807 370 1849 ἐξ
398 1805 442 1840 οὐ
467 1807 600 1840 Suidas.
635 1804 672 1847 ἐξ
699 1801 742 1840 οὗ
766 1807 837 1841 ΑΡ.
978 1810 1029 1841 10.
1054 1804 1094 1840 τὸ
1122 1805 1217 1849 ἀμφὶ
1244 1808 1345 1840 Alem.
1369 1819 1411 1841 ex
1437 1809 1511 1843 MS.
1537 1809 1630 1845 Med.

276 1854 346 1887 τοῦ
373 1851 469 1893 ἀμφὶ
494 1853 551 1885 ΑΡ
579 1856 614 1886 et
635 1852 770 1886 Suidas.
907 1852 991 1885 ibid.
1026 1851 1134 1894 μέρος
1158 1853 1261 1886 Alem.
1288 1853 1326 1885 P.
1372 1852 1483 1896 μέρος
1505 1853 1633 1896 αὐτοῖς

279 1902 307 1932 Α
332 1902 366 1930 et
389 1898 522 1930 Suidas.
662 1900 715 1932 11.
747 1895 901 1939 μάλιστα
925 1899 951 1930 Ρ
974 1909 1045 1930 cum
1070 1897 1187 1930 Suida.
1233 1894 1389 1939 μάλιστα
1413 1899 1453 1934 δέ
1475 1901 1514 1934 Α.
1559 1899 1633 1945 μά-

278 1946 382 1978 λιστα
405 1941 451 1987 δή
476 1942 591 1976 Reisk.
743 1944 795 1978 12.
828 1941 981 1985 εὔρους]
1013 1938 1118 1986 εὖρος
1140 1943 1282 1983 Suidas‚
1317 1944 1436 1978 omisso
1460 1945 1551 1989 quod
1576 1957 1631 1980 se-

278 1988 556 2033 ᾳυὶωτοχρῆμα.
694 1987 748 2022 14.
784 1989 895 2022 τοῦτο
930 1987 971 2022 τὸ
1006 2008 1050 2014 -—
1083 1986 1327 2031 παρεχόμενον
1350 1993 1428 2029 τοῖς
1459 2002 1501 2023 ex
1524 1991 1632 2026 Suida

277 2034 357 2068 add.
383 2033 489 2066 Alem.
513 2033 553 2067 P.
691 2034 744 2066 18.
772 2030 986 2078 ἠραιωμένῳ
1009 2033 1143 2067 Suidas.
1189 2029 1412 2080 ἠρημωμένῳ
1437 2036 1504 2070 ΑΡ.
1550 2034 1632 2080 ἠνε-

275 2078 429 2122 μωμένῳ
471 2082 530 2111 aut
569 2076 768 2123 ᾖωρημένῳ
807 2079 924 2112 Reisk.
1061 2079 1143 2111 ibid.
1190 2080 1300 2125 κενῷ]
1347 2080 1461 2127 καινῷ
1493 2081 1630 2117 Suidas.

277 2127 331 2160 19.
356 2123 548 2169 διελεγχθῇ
569 2124 640 2156 ΑΡ.
690 2123 834 2157 Correxi
857 2136 898 2157 ex
922 2123 1038 2158 Suida.

185 2214 297 2249 statim
322 2225 454 2248 comere
477 2212 684 2254 caesariem,
716 2224 757 2246 ac
781 2224 866 2247 novo
891 2213 1051 2258 quodam,
1084 2217 1118 2247 et
1142 2213 1300 2247 Romanis
1323 2215 1432 2249 alieno
1454 2215 1548 2249 cultu
1573 2227 1638 2249 re-‘

185 2260 322 2301 emen-03
356 2271 430 2293 nam
465 2263 575 2292 mento
611 2262 647 2291 et
679 2259 741 2291 alis
766 2258 928 2299 intonsis,
955 2270 1041 2302 quae
1065 2258 1242 2292 Persarum
1267 2271 1359 2294 more
1382 2260 1512 2304 prolixe
1534 2261 1630 2295 lube-

184 2306 245 2338 bat
269 2305 487 2348 promittere,
520 2303 669 2347 sinciput
691 2303 856 2347 capillitio
880 2305 923 2337 ad
946 2310 1100 2348 tempora
1122 2315 1228 2347 usque
1250 2305 1435 2347 nudarunt,
1466 2317 1561 2340 coma
1583 2307 1628 2340 ad

184 2350 377 2394 occipitium
408 2349 589 2394 permissa.
624 2356 662 2382 ut
691 2349 907 2392 Massagetae
936 2349 1063 2387 solent,
1097 2349 1187 2382 nuna
1209 2349 1284 2392 lege
1315 2350 1493 2392 diffluere3
1522 2361 1629 2395 quare

184 2401 221 2429 et
252 2396 342 2428 hunc
376 2395 528 2428 habitum
562 2393 751 2427 Hunnicum
785 2394 1013 2439 appellavere.
1060 2395 1186 2427 Omnes
1223 2395 1286 2428 sibi
1323 2402 1486 2429 curarunt
1514 2401 1628 2430 vestes

185 2443 261 2474 arte
293 2440 486 2479 laboratam,
520 2438 629 2482 iisque
662 2450 760 2483 quarn
784 2450 846 2483 pro
870 2439 1040 2483 dignitate
1062 2439 1346 2484 splendidioribus
1373 2440 1629 2481 afficiebantur,

185 2495 270 2530 quas
293 2483 418 2529 iniquis
443 2483 507 2517 sibi
533 2484 669 2527 praedis
694 2488 853 2527 poterant
876 2495 1081 2529 comparare.
1131 2484 1242 2517 Vestis
1273 2485 1421 2518 manicae
1450 2487 1493 2519 ad
1516 2486 1626 2519 volam

185 2530 399 2564 strictissime
422 2529 584 2569 coibant3
616 2529 694 2562 inde
717 2541 799 2563 vero
823 2530 866 2563 ad
892 2531 1046 2563 humeros
1076 2529 1109 2562 in
1146 2530 1259 2562 miram
1283 2530 1535 2574 amplitudinem
1560 2531 1628 2565 dif-

186 2575 425 2608 fundebantur.
473 2573 556 2606 Cum
583 2581 693 2607 autem
729 2575 762 2607 in
786 2575 938 2608 Theatro
975 2575 1029 2608 vel
1065 2574 1164 2607 Circo
1188 2575 1315 2608 intenta
1338 2586 1434 2608 manu
1457 2576 1627 2610 vocifera-

186 2625 324 2661 rentur,
350 2620 403 2652 vel
427 2617 530 2658 alios,
555 2625 594 2652 ut
617 2620 676 2658 fit,
701 2619 902 2660 incitarent3
935 2631 976 2653 ea
1000 2619 1204 2664 potissimum
1230 2621 1422 2654 vestimenti
1445 2633 1524 2666 pars
1546 2633 1627 2656 exe-

185 2667 344 2706 rebatur,
378 2667 416 2698 ut
439 2663 563 2697 Bardis
586 2663 773 2708 opinionem
797 2664 978 2705 afferrent,
1013 2669 1080 2698 tam
1099 2664 1197 2708 plena
1219 2665 1368 2709 fortique
1391 2677 1467 2700 esse
1489 2676 1527 2700 se
1551 2677 1627 2700 cor-

187 2711 281 2754 poris
306 2709 522 2748 habitudine,
555 2714 592 2742 ut
615 2709 673 2742 iilo
699 2714 817 2751 egeret
840 2709 982 2742 vestium
1007 2709 1152 2750 amictu3
1184 2720 1293 2753 neque
1315 2711 1474 2745 viderunt
1496 2711 1627 2746 tumida

187 2761 223 2790 et
243 2755 333 2790 inani
359 2761 455 2789 veste
476 2759 573 2788 tanto
597 2754 701 2798 magis
725 2754 778 2788 sui
802 2755 954 2800 corporis
977 2754 1181 2799 prodendam
1203 2755 1412 2791 tenuitatem.
1459 2758 1626 2792 Humeru-
