1800 3126
274 165 374 211 356
725 166 783 208 IN
816 163 959 206 HIST.
990 162 1238 207 ARCANAM

271 277 462 312 Ioannem
480 274 654 312 Gibbum
681 272 869 319 nominat,
899 283 1017 323 quem
1039 271 1141 308 infra
1157 273 1366 324 Procopius
1396 279 1434 310 et
1459 270 1693 311 Theodorus

271 332 412 368 Lector
437 329 616 380 Cyrnum5
646 329 810 378 quisque
837 340 908 378 pro
936 339 1028 364 suae
1053 327 1209 377 linguae
1235 330 1480 378 proprietate.
1535 329 1602 366 Sic
1624 331 1693 365 Iu-

270 387 463 422 stinianus
502 397 525 421 a
561 386 640 421 suis
673 383 882 432 gentilibus
919 385 1137 429 UrnAuDA,
1182 381 1256 419 hoc
1291 391 1370 431 est,
1405 391 1508 420 recta
1546 385 1692 420 iustitia

272 439 398 477 dictus
427 447 506 477 est:
542 440 703 477 Venetos
732 438 869 474 Graeci
890 436 1092 484 Κυανὲους
1116 445 1320 475 vocarunt:
1351 439 1597 488 Biglenizam
1624 441 1692 475 Iu-

270 497 429 533 stiniani
457 507 642 541 sororem,
678 493 945 544 Vigilantiam.
963 494 1091 530 Latini
1120 494 1224 530 vocis
1251 493 1544 530 similitudinem
1571 495 1691 531 secuti

271 549 470 587 dixerunt.
525 548 589 586 Ad
611 561 727 586 usum
757 561 847 598 ergo
876 549 982 585 illius
1011 549 1145 585 aetatis
1169 561 1239 585 nos
1258 549 1476 589 Heliconem
1493 551 1690 595 vertimus,

269 612 308 642 et
337 606 440 642 infra
479 603 796 652 cucurbitmum,
824 604 1082 653 forficulam,
1127 610 1166 639 et
1193 604 1227 640 si
1255 616 1351 654 quos
1387 604 1495 640 alios.
1551 602 1692 656 φαγᾶς,

267 661 431 697 barbara
459 661 563 696 vocis
592 660 718 695 forma
746 659 862 708 vulgo
897 660 1012 695 etiam
1042 666 1129 696 ante
1148 660 1352 696 Iustiniani
1378 665 1552 709 tempora
1577 671 1691 696 usur-

266 722 381 765 pata3
422 715 588 751 Basilius
618 712 668 750 ad
698 712 1041 764 Amphilochium,
1083 711 1151 754 τὸν
1179 711 1222 752 δὲ
1249 711 1382 766 φαγᾶν
1407 715 1694 766 παροξυτονοῦ-

268 785 360 820 μεν,
392 782 462 805 noe
491 775 612 805 acuta
638 782 730 805 voce
749 771 1068 818 pronunciamus
1097 765 1238 820 φηγόν.

376 825 500 871 P.30‚
522 826 586 864 10.
622 825 737 860 Haec
754 825 804 861 ab
823 826 876 861 iis·
895 824 942 861 de
960 839 1000 861 se
1018 824 1111 875 dici]
1140 827 1240 865 Nam
1261 837 1349 860 cum
1367 821 1575 861 Theodora
1593 823 1694 860 libe·

268 891 331 916 ros
359 879 514 929 imperii
542 892 782 917 successores
809 894 890 917 non
917 879 1101 927 haberet,
1131 893 1265 916 omnes
1294 880 1368 916 sibi
1398 878 1694 930 persuadebant,

266 935 459 971 feminam
487 935 793 982 solertissimam,
823 943 861 972 et
886 935 1104 986 imperandi
1124 934 1304 985 cupidam
1331 937 1384 971 ita
1404 947 1486 971 rem
1509 941 1694 981 acturam,

151 994 183 1027 A
207 993 249 1027 10
271 997 315 1026 ut
352 991 566 1027 Iustiniano
604 989 808 1038 defuncto,
845 1004 895 1027 ne
933 1004 1089 1041 prorsus
1125 990 1386 1027 dominatione
1416 989 1696 1037 deturbaretur,

266 1051 445 1095 paratum
476 1043 637 1081 haberet
665 1044 865 1083 hominem
892 1047 1140 1093 benevolum,
1172 1047 1233 1083 cui
1260 1046 1468 1096 imperium
1496 1051 1694 1090 assereret,

148 1104 177 1138 P
199 1106 243 1139 96
268 1101 330 1137 vel
360 1101 476 1147 etiam
504 1101 752 1137 matrimonio
775 1103 1006 1138 sociaretur:
1036 1100 1142 1152 quod
1161 1100 1308 1151 Sophia
1336 1102 1474 1138 Iustini
1493 1100 1696 1138 Iustiniani

266 1157 420 1205 nepotis
451 1167 576 1202 uxor,
607 1167 651 1192 ac
679 1154 912 1193 Theodorae
946 1158 1074 1206 neptis
1103 1169 1254 1192 summa
1287 1155 1488 1205 diligentia
1521 1156 1695 1201 curavitr,

267 1222 509 1261 quamquam
545 1222 606 1246 res
636 1211 697 1245 illi
733 1210 892 1247 demum
927 1213 1081 1248 sinistre
1109 1210 1249 1248 cecidit
1287 1223 1377 1248 cum
1405 1211 1564 1248 Tiberio
1591 1211 1697 1247 Con-

266 1267 434 1303 stantino
467 1266 714 1314 imperatore.

378 1320 500 1366 P.30,
516 1321 577 1359 12.
606 1322 745 1356 Buzen
758 1325 909 1369 repente
922 1317 1102 1369 accersit]
1130 1319 1203 1355 Hic
1223 1319 1265 1355 in
1275 1318 1444 1356 Thracia
1463 1325 1590 1366 natus,
1609 1318 1697 1355 bel-

268 1377 386 1426 loque
417 1376 543 1412 clarus
571 1387 595 1411 a
622 1376 835 1412 Iustiniano
868 1375 910 1410 in
933 1375 1122 1411 Armenos
1157 1375 1341 1422 mittitur3
1379 1373 1519 1411 deinde
1547 1374 1698 1424 collega

267 1431 423 1481 imperii
450 1443 520 1480 per
549 1431 738 1467 orientem
767 1429 878 1467 datur
908 1430 1118 1476 Belisari03
1149 1428 1307 1466 demum
1335 1436 1457 1466 totam
1483 1442 1584 1466 unus
1611 1431 1697 1479 ipse

268 1485 645 1523 administrationem
673 1485 829 1533 habuit,
861 1483 1035 1536 quandiu
1066 1485 1276 1521 Belisarius
1305 1485 1347 1521 in
1371 1485 1484 1522 Italia
1512 1483 1696 1523 adversus

268 1539 434 1578 Gotthos
461 1543 674 1591 pugnavit:
705 1542 854 1592 reliqua
884 1540 932 1576 de
962 1539 1100 1578 eodem
1128 1538 1193 1577 hle
1215 1541 1330 1590 legis.

378 1598 424 1632 P.
455 1599 521 1642 31,
553 1597 619 1636 10.
675 1597 891 1647 Imperator
920 1597 1193 1644 exaatoravit]
1233 1597 1357 1633 Autor
1387 1592 1611 1646 appendicis
1648 1593 1698 1630 ad

270 1649 482 1688 chronicon
497 1652 736 1700 Marcellini3
766 1652 991 1689 Belisarius
1011 1650 1057 1688 de
1076 1652 1218 1687 oriente
1235 1658 1417 1688 evocatus·
1438 1652 1482 1686 in
1509 1650 1699 1701 offensam

265 1706 566 1757 periculumque
595 1709 798 1744 incurrens
829 1720 976 1757 grave,
1014 1714 1049 1742 et
1081 1704 1259 1743 invidiae
1292 1706 1518 1752 subiacens,
1559 1719 1700 1742 rursus·

269 1763 482 1798 remittitur
510 1760 569 1798 ad
596 1762 776 1801 Italiam.
831 1765 916 1798 Hoc
952 1763 1038 1798 loco
1067 1774 1199 1797 veram
1228 1769 1265 1798 et
1293 1763 1485 1811 integram
1514 1759 1562 1797 de
1591 1761 1700 1796 Beli-

269 1819 361 1854 sarii
391 1816 711 1855 exanthoratione
731 1826 848 1869 atque
871 1819 1113 1854 restitutione
1132 1816 1308 1853 videmus
1328 1816 1544 1854 historiam.
1598 1818 1700 1852 Nam.

269 1871 420 1909 effossis
460 1874 582 1909 oculis
622 1875 664 1909 in
706 1876 820 1911 trivio
849 1872 1090 1909 mendicasse
1117 1872 1252 1910 obolos
1281 1873 1512 1909 Belisarium
1541 1878 1699 1907 narrant

270 1928 350 1975 alii,
380 1927 519 1978 quibus
548 1929 686 1965 Petrus
715 1930 882 1965 Crinitus
911 1929 939 1964 l.
966 1928 1014 1968 15
1045 1927 1094 1964 de
1123 1926 1286 1965 honesta
1310 1926 1526 1979 disciplina,
1555 1934 1594 1963 et
1618 1929 1699 1963 Ra-

268 1981 388 2033 phael
418 1983 691 2021 Volaterranus
719 1985 748 2020 1.
768 1984 821 2024 23
851 1981 1085 2033 Anthropol.
1114 1982 1233 2019 fidem
1260 1982 1418 2021 habent.
1471 1981 1519 2018 Id
1546 1983 1698 2019 etiamsi

269 2041 434 2074 Ioannes
463 2039 627 2076 Tzetzes
655 2038 834 2076 chiliade
858 2038 885 2077 3
915 2040 1251 2084 commemoravit3
1287 2045 1419 2075 tamen
1445 2036 1546 2074 illud
1572 2038 1698 2087 magis

271 2100 575 2130 consentaneum
602 2093 695 2130 huic
723 2094 903 2143 Procopii
926 2094 1137 2162 narrationi
1165 2091 1352 2130 subdidit.

410 2146 519 2187 ἄλλοι
548 2148 646 2197 φασὶ
673 2152 753 2188 τῶν
780 2150 974 2200 χρονικῶν
1004 2164 1056 2213 μη
1085 2151 1347 2199 τυφλωθῆναι
1373 2161 1525 2197 τουτον,

407 2201 448 2250 ἐξ
476 2202 664 2254 ἐπιτίμων
692 2200 733 2244 δ’
744 2202 901 2271 ἄτιμον
928 2199 1096 2254 ἐσχάτως
1122 2202 1335 2255 γεγονέναι,

406 2256 475 2296 καὶ
501 2255 620 2298 πάλιν
650 2259 706 2306 εἰς
729 2255 946 2310 ἀνάκλησιν
974 2258 1089 2309 δόξης
1115 2259 1247 2299 ἐλθεῖν
1275 2256 1476 2311 προτέρας.

267 2312 358 2351 Alii
397 2312 629 2364 chronologi
663 2315 855 2364 tradant,
895 2328 975 2351 non
1005 2322 1252 2352 excaecatum
1290 2315 1410 2351 illam
1433 2312 1592 2363 fuisse,
1630 2309 1703 2348 sed

270 2367 488 2419 dignitate,
525 2377 561 2406 et
598 2371 782 2408 omnihus
810 2385 911 2420 pene
943 2370 1162 2408 honoribus
1197 2370 1434 2419 spoliatum,
1475 2368 1617 2404 iterum
1644 2364 1704 2403 ad
1767 2419 1770 2423 ,

263 2425 485 2475 pristinam
516 2425 692 2474 gloriam
727 2434 953 2464 revocatum
978 2427 1128 2475 fuisse.
1194 2426 1254 2462 De
1291 2427 1438 2462 Ioanne
1471 2419 1701 2473 Cappadoce

271 2479 355 2516 viro
383 2481 545 2530 patricio
575 2483 806 2530 exconsule,
836 2489 874 2519 et
901 2483 1085 2532 praetorii
1111 2481 1326 2531 praefecto,
1363 2492 1444 2516 non
1472 2477 1520 2515 de
1548 2477 1700 2515 Belisa-

272 2535 342 2582 rio,
371 2541 501 2571 narrat
527 2536 739 2586 Procopius
767 2539 795 2574 l.
820 2539 843 2577 1
873 2538 966 2574 bell.
989 2539 1097 2574 Pers.
1127 2542 1316 2602 extremo,
1347 2547 1438 2572 cum
1463 2535 1507 2570 in
1535 2533 1699 2570 exilium

273 2588 379 2639 apud
398 2591 622 2640 Aegyptum
650 2593 743 2640 iret,
774 2605 796 2628 a
825 2592 1058 2629 satellitibus
1084 2598 1260 2628 coactum
1289 2588 1407 2642 ἄρτον
1434 2585 1464 2642 ἢ
1492 2584 1630 2639 σ’βολόν
1655 2586 1699 2626 ἐκ

271 2659 350 2683 των
378 2641 698 2694 προσπιπτόντων
724 2647 931 2696 αἰτεῖσθαι,
954 2660 1100 2698 panem
1125 2647 1190 2684 vel
1215 2646 1375 2683 obolum
1401 2644 1452 2683 ab
1479 2643 1605 2682 obviis
1623 2655 1697 2692 pe·-

271 2707 359 2736 tere.
415 2699 495 2737 Sed
535 2699 583 2738 de
618 2704 805 2742 Belisario
841 2702 1057 2754 tyrannidis
1094 2703 1339 2752 insimulato,
1379 2703 1540 2752 eiusque
1575 2697 1694 2744 obitu,

271 2756 391 2804 infra,
426 2755 476 2793 ad
502 2770 592 2808 pag.
622 2760 689 2799 80.
