1754 3132
472 132 738 177 ALEMANNI
772 130 1117 175 DISSERTATIO.
1441 148 1526 175 xm

45 253 261 303 ,Megaera,
291 255 356 290 aut
388 249 575 302 Tisiphone
604 247 862 301 nuncupanda,
889 251 997 291 *civis
1023 249 1177 301 inferni,
1215 249 1330 287 amica
1368 246 1524 286 Daemo-

59 332 165 369 κιαι,
213 321 374 358 satanico
409 320 556 368 agitata
590 319 739 369 spiritu,
793 320 904 355 oestro
934 319 1074 369 percita
1109 317 1300 363 diabolico,
1350 317 1528 366 initaeque

62 401 192 428 summo
220 386 337 425 labore
363 388 509 425 inimica
545 385 766 434 concordiae,
795 387 966 436 pacisque
997 385 1190 438 redemptae
1227 385 1400 434 sanguine
1428 395 1528 421 mar-

64 467 201 509 mm,
224 459 259 493 et
277 454 460 494 sudoribus
479 453 707 504 consessorum
722 457 850 505 partae
871 453 1058 505 sugatrix.

171 531 274 573 Idem
293 531 470 574 Bai-onius
494 530 590 572 haec
607 530 654 572 de
673 528 867 571 Iustiniano
893 531 1130 586 Imperatore.
1193 530 1310 582 Opera
1327 531 1420 582 ipsa,
1442 543 1529 582 qnae

63 603 146 642 taine
163 603 345 641 abeuntem
364 603 484 638 secuta
506 602 589 637 sunt
607 598 869 649 lastinianum,
905 599 1075 638 adversus
1092 612 1167 638 eum
1191 599 1358 637 hactenus
1375 597 1530 635 clamant

63 673 104 710 in
137 670 294 718 chartis,
345 681 462 719 nempe
500 669 583 716 iuge
620 667 745 705 beleum
786 667 1097 716 Ecclesiasticum,
1138 666 1230 718 quod
1263 666 1381 717 (exule
1401 666 1528 717 sacta,

66 751 172 790 quam
198 739 346 790 reperit,
377 734 484 788 pace)
511 737 646 785 iugiter
675 738 865 785 enutrivit,
894 736 1124 787 decedens-que
1150 735 1294 786 reliquit
1326 747 1528 783 accensum3

65 806 328 857 sacrilegiorum
346 805 583 851 immensitas,
612 817 690 842 cum
711 817 813 856 saepe
847 807 886 843 in
917 804 1072 842 Christos
1100 804 1247 842 Domini
1273 808 1410 841 sanctos
1432 802 1529 853 Epi-

67 887 188 925 scopoe
212 874 384 913 violentas
410 885 534 911 manus
559 873 703 921 iniecit,
730 875 771 909 ut
797 874 887 909 inter
917 872 1026 920 alios,
1055 874 1092 910 in
1123 872 1293 922 Vigilium
1327 871 1529 909 Romanum

68 941 302 994 Pontificem,
331 945 365 979 et
393 940 615 992 Eutychium
645 942 902 978 sanctissimum
931 939 1351 991 constantinopolitanum
1370 940 1531 977 Antisti-

68 1013 135 1048 tem
142 1024 157 1055 ,-
189 1009 380 1048 crudelitas
410 1011 549 1060 insuper
579 1010 619 1047 in
651 1011 744 1047 cives
769 1010 932 1047 innoxios
957 1009 1002 1046 ab
1029 1008 1195 1058 Evagrio
1225 1009 1383 1059 superius
1411 1006 1531 1057 deplo-

66 1081 176 1130 rata,
214 1079 250 1116 et
266 1078 424 1116 avaritia
453 1077 498 1115 ab
530 1076 643 1114 eodem
667 1078 823 1127 pressius
853 1075 1048 1126 sugillato,
1089 1080 1130 1114 ut
1159 1078 1359 1114 omittamus
1384 1075 1532 1126 reliqua.

69 1146 187 1189 Quam
205 1138 322 1184 autem
347 1148 503 1183 mortuus
520 1148 604 1183 ante
634 1144 843 1182 horrendum
867 1146 1065 1182 maiestatis
1092 1143 1233 1182 divinae
1262 1143 1419 1181 tribunal
1451 1156 1531 1180 sen-

67 1215 212 1252 tentiam
229 1215 419 1264 acceperit,
450 1214 519 1251 eta·
545 1226 614 1250 non
643 1214 691 1250 sit
715 1211 864 1249 hominis
891 1211 1073 1257 iudicare;
1102 1213 1241 1262 opinari
1269 1214 1384 1249 tamen
1414 1213 1448 1248 ci
1473 1212 1533 1248 eui

68 1281 172 1330 licet,
193 1279 350 1332 facilius
378 1283 428 1318 est
451 1282 624 1327 invenire,
665 1281 727 1330 qui
757 1278 921 1328 Euagrii
958 1278 999 1316 de
1026 1282 1098 1316 eius
1136 1279 1414 1318 condemnatione
1447 1279 1532 1316 velit

68 1352 169 1400 sequi
195 1350 421 1396 sententiam,
469 1359 566 1398 quem
599 1349 677 1385 iure
702 1348 794 1384 sciat
824 1349 1081 1397 praerogativa
1119 1349 1304 1398 temporis,
1334 1359 1411 1385 cum
1446 1359 1535 1398 quae

68 1418 226 1468 scripsit,
260 1417 473 1466 inspexerit,
514 1414 708 1453 Historicie
736 1415 883 1465 reliquis
907 1427 978 1453 esse
1003 1414 1301 1466 praeferendum,
1343 1417 1406 1466 qui
1434 1414 1536 1464 longe

65 1488 146 1538 post
165 1482 365 1522 Iustiniani
379 1486 555 1532 tempora,
593 1495 648 1520 res
677 1482 722 1519 ab
742 1494 779 1519 eo
806 1485 928 1530 gestas
946 1484 1132 1532 scripsere:
1169 1495 1246 1520 cum
1269 1485 1478 1534 praesertim
1497 1485 1536 1520 in

71 1551 223 1592 eamdem
233 1550 462 1603 proculdubio
479 1549 608 1588 abiisse
631 1552 833 1588 sententiam
863 1548 1055 1601 Procopius
1079 1550 1228 1588 eiusdem
1251 1554 1413 1603 temporis
1433 1551 1534 1589 lucu·
1561 1555 1593 1588 V
1611 1555 1679 1590 268

71 1622 186 1660 lentus
200 1619 404 1658 Historicus
421 1619 518 1655 valvus
537 1619 605 1667 sit,
640 1617 723 1656 dum
743 1631 841 1668 quem
856 1622 938 1656 ante
961 1631 1062 1669 saepe
1086 1618 1281 1667 laudaret,
1304 1623 1428 1671 postea
1446 1621 1536 1658 scri·
1558 1629 1590 1664 Α
1614 1630 1636 1664 5

66 1692 130 1741 pto
150 1686 342 1734 volumine,
371 1690 446 1724 tam
466 1687 581 1737 ipsum
610 1698 715 1736 quam
736 1685 953 1724 Theodoram
982 1688 1186 1736 coniugem,
1221 1691 1409 1725 recantans
1433 1688 1535 1740 pali-

70 1755 238 1803 nodiam,
275 1766 484 1806 magnopere
510 1755 745 1804 vituperavit,
780 1757 822 1791 ut
856 1754 953 1805 apud
992 1754 1148 1792 Suidam
1180 1759 1339 1794 notatum
1377 1756 1534 1795 liabetur.
1560 1759 1589 1794 P
1613 1758 1664 1793 VI

69 1821 172 1862 Haec
202 1819 313 1861 modo
345 1820 392 1860 de
429 1818 625 1860 Iustiniano
657 1828 693 1860 et
728 1818 930 1860 Theodora
961 1820 1179 1869 summatim;
1217 1820 1404 1875 complura
1448 1836 1539 1863 vcro

71 1888 145 1929 alia
165 1887 276 1928 rusius
293 1886 331 1927 in
353 1885 462 1927 Notis
491 1885 539 1926 ad
571 1885 716 1942 singula
736 1901 902 1942 quaeque
926 1888 1098 1943 Procopii
1122 1889 1204 1929 loca
1238 1887 1482 1928 confirmanda
1503 1889 1539 1929 in

70 1955 228 1996 medium
266 1953 495 1995 adducemus.
555 1953 624 1994 Hic
654 1962 767 1994 testes
799 1953 970 1996 duntaxat
1005 1955 1252 2004 certissimos,
1288 1954 1325 1995 id
1356 1963 1421 2004 est,
1454 1971 1536 1997 ocu-

70 2024 186 2071 latos,
218 2021 278 2076 qui
300 2021 432 2061 eadem
451 2019 513 2060 illa
533 2021 718 2062 Iustiniani
740 2027 861 2061 aetate
885 2021 1070 2070 vixerunt,
1106 2022 1193 2062 satis
1226 2022 1272 2062 sit
1306 2023 1535 2077 produxisse,

70 2105 120 2134 ex
138 2102 290 2146 quorum
309 2086 475 2144 apprime
495 2096 694 2144 comperta,
725 2096 929 2145 testataque
955 2088 1031 2136 fide
1060 2089 1229 2131 iudicium
1249 2089 1427 2131 Baronius
1451 2105 1534 2146 pro-

71 2165 266 2200 nunclavtt.

186 2237 412 2290 Quamquam
433 2243 470 2277 et
487 2234 730 2292 posteriorum
750 2235 1012 2278 Historieorum
1030 2236 1272 2278 testimonium
1293 2251 1367 2278 non
1388 2235 1539 2277 minoris

73 2303 244 2347 momenti
273 2303 310 2344 in
329 2303 400 2345 hac
432 2303 602 2359 Procopii
635 2319 744 2345 causa
778 2304 922 2346 censeri
957 2305 1112 2354 debeat;
1145 2321 1224 2347 cum
1252 2305 1301 2346 uti
1331 2303 1537 2361 synchroni,

72 2372 127 2414 sic
147 2372 256 2413 etiam
284 2370 343 2412 isti
368 2370 574 2419 Iustiniani,
606 2385 650 2411 ac
671 2371 899 2413 Theodorae
927 2373 1171 2430 flagitiorum,
1203 2381 1240 2414 et
1270 2371 1540 2428 improbitatum

72 2455 147 2482 non
171 2439 358 2481 hauserint
386 2453 434 2480 ex
462 2438 645 2494 Procopio
677 2439 852 2481 notitiam.
911 2441 1006 2482 Nam
1044 2441 1256 2496 aequalibus
1287 2440 1433 2496 quidem
1467 2448 1540 2480 tam

75 2507 302 2564 exploratum
324 2515 399 2556 est,
432 2506 595 2564 ignotum
615 2507 710 2547 hunc
729 2506 860 2548 librum
882 2508 1014 2557 fuisse,
1046 2523 1152 2564 quam
1171 2509 1270 2550 nulla
1289 2523 1330 2550 re
1353 2508 1437 2556 alia,
1470 2504 1542 2546 nisi

75 2575 208 2617 eodem
227 2589 446 2632 suppresso,
477 2574 616 2615 salvam
641 2573 712 2614 sibi
739 2574 938 2631 Procopius
967 2576 1077 2618 vitam
1111 2577 1192 2618 fore
1220 2577 1380 2632 putabat.
1441 2575 1542 2614 Sane

80 2655 161 2682 cum
201 2643 386 2700 Euagrius
426 2641 614 2684 illustrium
644 2642 828 2684 Iustiniani
868 2643 1043 2686 sactorum
1087 2644 1355 2700 expositionem
1383 2641 1540 2688 instituit,

80 2708 232 2766 singulis
260 2710 461 2767 quibusque
480 2710 659 2766 capitibus
689 2711 824 2753 editam
853 2712 925 2753 iam
955 2720 1027 2754 tum
1056 2712 1229 2766 Procopii
1256 2709 1444 2750 historiam
1467 2707 1540 2748 lau-

79 2775 163 2824 dat,
193 2783 234 2817 et
260 2776 393 2833 longas
422 2793 471 2820 ex
498 2793 544 2821 ea
573 2779 802 2821 narrationes
833 2780 1021 2836 excerpit,
1046 2779 1194 2822 Autoris
1228 2777 1375 2819 nomine
1401 2790 1538 2816 summa
