1858 3126
486 171 562 214 DE
595 166 885 213 AEDIFICIIS
926 166 1005 211 Ν.
1079 164 1154 210 10.
1331 155 1333 157 ’
1449 161 1546 207 301

99 287 203 334 οὕτω
225 287 276 344 δὴ
302 282 649 342 εὖκαταφρόνητον
676 282 773 326 αὐτὸ
797 277 1070 338 ἐξειργάσαντο
1081 311 1095 332 ,
1129 278 1197 321 καὶ
1221 282 1306 327 τοῖς
1327 275 1548 333 ἀποπειρα-

96 358 278 412 σομένοις
305 353 516 397 εὐάλωτον.
583 350 794 408 ἡγούμενοι
824 351 873 392 δέ
897 367 935 392 τι
959 355 1042 399 τοῖς
1062 348 1264 402 πολεμίοις
1287 344 1445 399 ἄμαχον
1474 362 1547 386 πε-

94 428 291 480 ποιῆσθαι
318 421 512 480 ὄχύρωμα
522 453 535 473 ,
568 419 712 463 τούτου
734 420 786 474 δὴ
804 416 1018 475 περιβόλου
1035 416 1087 460 τὰ
1105 417 1214 466 ἐντὸς
1232 414 1391 457 ἅπαντα
1413 417 1548 470 φυλα-

95 498 170 549 κῆς
195 492 385 546 οὐδεμιᾶς
411 491 547 541 ἀξιοῦν
573 489 769 545 ἔγνωσαν,
800 488 882 529 ἐπεὶ
915 485 1006 528 οὕτε
1034 483 1230 543 φρούριον
1263 482 1352 526 οὔτε
1385 482 1484 523 ἄλλο
1508 499 1549 523 τι

59 561 222 620 δῖρνμα
241 561 303 602 ἐπὶ
324 557 587 616 Χερρονήσου
608 558 833 611 ξυνέβαινεν
854 553 950 597 εἶναι
961 586 974 606 ,
1010 556 1150 610 καίπερ
1171 553 1302 608 ὀλίγου
1326 551 1482 601 δέοντος
1510 552 1552 600 ἐς
1597 572 1599 574 ·

92 633 214 688 τριῶν
228 626 535 682 κατατεινοόσης
554 624 648 668 ὁδὸν
669 623 842 681 ἡμερῶν.
910 622 1076 678 ἔναγχος
1094 626 1190 678 γοῦν
1212 621 1346 675 ἀμέλει
1370 620 1407 661 οἱ
1429 619 1550 661 πολέ-

91 713 179 753 μιοι
206 697 471 746 καταθέοντες
496 694 548 738 τὰ
573 695 635 736 ἐπὶ
659 698 731 748 τῆς
754 690 919 750 Θρᾴκης
938 693 1070 747 χωρία
1094 691 1376 746 ἐγκεχειρίκασι
1401 689 1474 743 μὲν
1497 685 1551 738 ὥς

93 764 453 822 ἀποπειρασόμενοι
484 768 558 818 τῆς
592 762 694 805 κατὰ
730 759 847 816 ἠιόνα
880 759 1063 810 εῗσόδου,
1100 757 1347 812 δεδιξάμενοι
1381 758 1425 799 δὲ
1456 755 1552 806 τοὺς

91 832 220 891 ταύτῃ
249 832 455 891 φρουροὺς
474 829 791 885 ἓσπεπηδήκασιν
816 828 950 885 ὥσπερ
978 845 1016 869 τι
1036 826 1208 885 ἄθυρμα
1224 828 1450 878 παίζοντες,
1486 825 1549 866 ἕν·-
1570 830 1599 864 Ρ
1624 831 1670 865 89

36 911 85 950 ⁸10
93 901 163 953 τός
178 919 220 944 τε
242 906 315 944 τοῦ
333 898 547 958 περιβόλου
566 900 767 955 γεγένηται
785 897 915 940 οἰδενὶ
935 894 1058 954 πόνῳ.

228 969 373 1012 Πολλὰ
392 969 524 1011 τοίνυν
555 968 661 1024 ἀμφὶ
687 971 767 1010 τῶν
789 963 996 1020 κατηκόων
1020 967 1071 1022 τῇ
1102 963 1281 1022 σωτηρίᾳ
1307 958 1553 1004 διασκοπού-

92 1054 213 1092 μενος
234 1036 510 1086 Ἰουστινιανὸς
537 1035 728 1089 βασιλεὺς
755 1036 877 1076 ἐποίει
906 1033 1016 1076 τάδε.
1085 1036 1226 1089 πρῶτα
1245 1032 1319 1086 μὲν
1341 1031 1452 1087 αὐτῷ
1473 1030 1551 1080 ἐξί-
1580 1034 1611 1069 V
1634 1032 1703 1069 454

92 1102 214 1161 τηλον
233 1105 277 1149 τὸ
297 1105 470 1148 παλαιὸν
488 1105 688 1160 γεγένηται
702 1110 843 1158 τεῖχος,
879 1102 972 1144 mide*
991 1100 1086 1144 ὅσον
1106 1100 1240 1153 ἴχνους
1259 1100 1296 1141 οἱ
1316 1099 1552 1152 ἀπολελειμ-

91 1175 213 1229 μένου
233 1172 351 1224 τινός.
422 1174 554 1230 ἕτερον
574 1174 618 1215 δὲ
638 1173 781 1214 αὐτίκα
803 1173 865 1212 ἐπὶ
885 1175 957 1225 τῆς
977 1170 1101 1224 αὐτῆς
1111 1166 1252 1224 χώρας
1271 1167 1429 1221 ἀνέστη,
1454 1165 1552 1222 ὅπερ

39 1254 82 1292 15
93 1244 273 1292 ἐπιεικῶς
303 1241 562 1299 εὗρυνόμενον
595 1239 709 1295 ὗψοῦ
741 1240 882 1294 ἀνέχει.
950 1236 1135 1295 ὑπεράνω
1165 1253 1207 1278 τε
1235 1241 1314 1278 τῶν
1353 1234 1554 1285 ἐπάλξεων

92 1311 356 1365 ἃνειλημμένη
378 1308 506 1360 θόλος
526 1310 566 1351 ἓν
588 1313 712 1359 στοᾶς
736 1307 873 1367 τρόπῳ
897 1306 1050 1364 ὄροφον
1067 1311 1258 1356 ποιεῖται,
1293 1302 1555 1346 καλύπτουσα

91 1379 188 1429 τοὺς
207 1384 278 1422 τοῦ
297 1377 512 1436 περιβόλου
535 1378 821 1432 ἀμυνομένους.
890 1375 1005 1418 ἄλλοι
1025 1392 1067 1417 τε
1083 1378 1141 1432 τῷ
1159 1371 1274 1431 θόλῳ
1294 1375 1557 1430 προμαχῶνες

92 1448 303 1502 ἐγκείμενοι
348 1444 652 1497 διπλασιάζουσι
683 1452 767 1495 τοῖς
807 1445 903 1500 τῇδε
945 1446 1226 1498 τειχομαχοῦσι
1261 1441 1330 1484 τὸν
1366 1440 1554 1495 πόλεμον.

92 1513 225 1558 ἴπειτα
255 1516 298 1557 δὲ
327 1514 593 1572 ἀμφοτέρωθι
624 1515 664 1563 ἒς
685 1517 758 1555 τοῦ
786 1510 1002 1569 περιβόλου
1028 1512 1079 1553 τὰ
1105 1512 1259 1567 πέρατα
1286 1510 1387 1567 πρὸς
1415 1509 1555 1559 αὐταῖς

36 1593 170 1630 Ξοπου
193 1587 266 1638 τῆς
294 1581 510 1637 θαλάσσης
539 1589 627 1631 ταῖς
651 1581 809 1638 ῥαχίαις
838 1579 1043 1635 μάλιστα,
1078 1578 1307 1636 προβόλους
1331 1580 1555 1632 πεποίηται,

92 1651 164 1702 οὓς
179 1651 342 1705 μώλους
362 1654 572 1702 καλοῦσιν,
608 1651 856 1693 ἔπιπλεΐστον
878 1650 952 1704 μέν
972 1653 1044 1690 τοῦ
1066 1648 1210 1705 ῥοθιόυ
1232 1646 1464 1701 διήκοντας,
1500 1650 1558 1703 τῷ

94 1721 139 1762 δὲ
165 1721 282 1774 τείχει
315 1719 653 1771 ξυναπτομένους,
687 1718 822 1772 ὕψους
850 1719 894 1760 δὲ
922 1718 1012 1774 πέρι
1041 1721 1099 1775 τῷ
1130 1714 1297 1773 ἐρύματι
1320 1716 1558 1769 ἐναμίλλους

93 1787 222 1838 ὄντας.
292 1787 395 1829 ἀλλὰ
418 1788 485 1828 καὶ
511 1787 584 1840 τὴν
607 1786 763 1843 τάφρον
788 1790 862 1828 τοῦ
883 1784 1100 1842 περιβόλου
1123 1784 1314 1826 ἔκτοσθεν
1336 1778 1462 1826 οὖσαν
1486 1800 1557 1825 πε-

93 1854 326 1914 ρικαθάρας
350 1872 391 1898 τε
424 1857 490 1897 καὶ
518 1853 742 1911 κατορύξας
765 1855 1069 1907 ἔνδελεχέστατα
1097 1854 1200 1908 μέγα
1221 1870 1258 1894 τι
1286 1853 1389 1908 αὐτῇ
1415 1851 1559 1909 εὔρους

39 1937 83 1972 25
93 1942 135 1967 τε
155 1929 222 1966 καὶ
238 1923 400 1978 βάθους
418 1924 633 1966 ἓντέθειται
647 1928 802 1979 χρῆμα.
871 1923 937 1963 καὶ
961 1921 1042 1976 μὴν
1068 1923 1134 1962 καὶ
1154 1924 1409 1978 στρατιωτῶν
1430 1937 1558 1962 κατα-

94 1991 238 2048 λόγους
258 1993 300 2036 ἓν
328 1989 485 2041 τούτοις
515 1990 708 2048 ἱδρύσατο
740 1998 825 2040 τοῖς
850 1997 1021 2048 μακροῖς
1041 1990 1186 2044 τείχεσι
1207 1993 1306 2031 πᾶσι
1329 1987 1558 2046 βαρβάροις

93 2155 179 2191 opus
203 2146 276 2179 erat
297 2156 339 2180 ac
362 2145 553 2191 superabile
568 2145 749 2180 tentaturis
809 2143 1032 2178 Nihilominus
1047 2144 1111 2178 rati
1127 2143 1388 2190 inexpugnabile
1402 2142 1558 2177 hostibus

91 2190 379 2236 propugnaculum
394 2191 427 2225 id
443 2192 610 2236 quoddam
628 2188 712 2235 ess'e,
733 2190 892 2236 quidquid
909 2191 996 2224 intra
1013 2202 1124 2224 muros
1140 2196 1227 2233 erat,
1244 2196 1364 2235 patere
1379 2189 1556 2223 sinebant:

93 2235 218 2282 quippe
242 2236 277 2270 in
293 2237 505 2271 Cherroneso
533 2250 596 2271 nec
621 2237 814 2280 castellum,
843 2247 906 2270 nec
935 2237 1002 2270 alia
1028 2237 1203 2281 quaepiam
1229 2236 1367 2269 extabat
1393 2235 1555 2269 munitio:

91 2282 242 2360 ffmm
264 2281 369 2316 tridui
392 2284 464 2316 fere
488 2283 520 2317 in
545 2284 784 2326 longitudinem
802 2287 925 2327 pateat.
974 2282 1078 2316 Certe
1094 2294 1159 2315 non
1177 2282 1233 2315 diu
1248 2286 1322 2325 est,
1352 2293 1424 2314 cum
1443 2282 1558 2314 hostes

149 2327 271 2361 raciam
294 2327 505 2362 incursantes
527 2329 568 2362 ad
598 2329 692 2363 littus
715 2332 889 2362 tentarunt
911 2327 1061 2371 aditum3
1089 2339 1164 2361 mox
1191 2327 1320 2361 territis
1345 2327 1556 2370 custodibus,

93 2373 190 2417 quasi
205 2373 376 2408 ludibundi
392 2374 600 2418 insiluerunt,
619 2387 658 2408 ac
670 2375 786 2408 labore
801 2373 892 2407 nullo
905 2373 993 2408 intra
1008 2373 1091 2408 muri
1107 2373 1266 2407 ambitum
1280 2373 1450 2418 progressi
1465 2380 1557 2407 sunt.

182 2418 302 2460 Quare
315 2419 517 2454 lastinianus
534 2423 619 2464 Aug.
639 2420 748 2454 animo
771 2420 803 2453 in
824 2419 1031 2453 subditorum
1049 2420 1188 2453 salutem
1212 2420 1343 2453 intento
1356 2444 1367 2462 ‚
1390 2418 1556 2453 rationem

94 2461 181 2496 hane
193 2462 277 2499 iniit.
322 2465 492 2510 Principio
510 2477 635 2499 murum
654 2471 801 2499 veterem
818 2465 864 2498 ita
881 2465 993 2508 diruit,
1018 2469 1057 2499 ut
1075 2466 1199 2499 nullum
1216 2465 1287 2498 eius
1303 2464 1481 2509 vestigium
1498 2475 1558 2497 su-

94 2512 258 2552 peresset.
309 2510 460 2544 Subinde
484 2511 625 2544 alterum
650 2511 732 2544 inibi
750 2510 893 2554 struxit,
914 2510 1092 2545 latitudine
1117 2511 1357 2555 altitudineque
1379 2515 1558 2555 praestan-

93 2557 172 2587 tem.
218 2554 330 2600 Supra
352 2555 472 2601 pinnas
497 2557 638 2591 eductus
656 2557 767 2591 fornix
784 2562 1048 2591 concameratam
1071 2558 1234 2602 porticum
1252 2557 1380 2597 efficit,
1406 2567 1446 2589 ac
1471 2554 1557 2588 muri

95 2597 289 2634 defensores
313 2601 412 2645 tegit.
457 2602 554 2636 Alter
577 2603 749 2649 pinnarum
777 2602 860 2636 ordo
887 2602 1007 2636 fornici
1034 2603 1288 2648 superpositus,
1313 2601 1556 2635 dimicationem

95 2642 246 2688 duplioet
258 2648 556 2690 oppugnatoribus.
603 2649 734 2682 Deinde
749 2648 784 2681 in
801 2654 943 2693 utraque
956 2649 1039 2682 muri
1057 2649 1287 2691 extremitate,
1311 2647 1367 2681 ubi
1384 2657 1477 2680 mare
1491 2645 1556 2678 illi-

95 2688 208 2733 ditur,
231 2700 278 2743 ξε.
294 2692 535 2738 reciprocando
559 2693 723 2736 subsidit,
749 2705 895 2738 aggeres
913 2694 988 2728 sive
1003 2695 1105 2728 moles
1119 2723 1128 2738 ,
1155 2700 1192 2728 ut
1205 2694 1397 2739 appellant.
1423 2691 1556 2724 molitus

93 2738 172 2787 5⁸ss
196 2745 253 2778 qm
266 2746 301 2769 m
316 2747 441 2782 aequor
454 2739 554 2783 longe
570 2745 795 2784 procurrunt,
819 2744 853 2773 et
869 2751 962 2774 muro
979 2741 1203 2781 continentes,
1229 2740 1272 2772 de
1288 2737 1465 2772 altitudine
1481 2747 1556 2770 cum

92 2789 167 2822 ipso
183 2783 324 2815 certant,
368 2783 578 2819 Exteriorem
596 2786 742 2820 eiusdem
757 2787 881 2819 fossam
896 2786 1068 2831 purgavit,
1088 2786 1296 2831 plurimaque
1311 2784 1410 2816 humo
1425 2787 1555 2826 egesta,

92 2824 247 2860 latiorem
261 2827 365 2861 multo
379 2828 462 2863 fecit
479 2835 514 2863 et
531 2830 691 2868 altiorem,
739 2832 927 2866 Praeterea
949 2832 1109 2866 militares
1131 2840 1287 2864 numeros
1312 2829 1346 2862 in
1368 2827 1420 2863 his
1444 2827 1554 2872 longis
