<?xml version="1.0" encoding="UTF-8"?>
<!DOCTYPE html PUBLIC "-//W3C//DTD XHTML 1.0 Transitional//EN"
    "http://www.w3.org/TR/xhtml1/DTD/xhtml1-transitional.dtd">
<html xmlns="http://www.w3.org/1999/xhtml" xml:lang="en" lang="en">
 <head>
  <title>
</title>
<meta http-equiv="Content-Type" content="text/html;charset=utf-8" />
  <meta name='ocr-system' content='tesseract 3.04.00' />
  <meta name='ocr-capabilities' content='ocr_page ocr_carea ocr_par ocr_line ocrx_word'/>
</head>
<body>
  <div class='ocr_page' id='page_1' title='image "./corpusscriptorum45niebuoft_0411.png"; bbox 0 0 1800 3126; ppageno 0'>
   <div class='ocr_carea' id='block_1_1' title="bbox 612 95 1599 170">
    <p class='ocr_par' dir='ltr' id='par_1_1' title="bbox 612 95 1599 170">
     <span class='ocr_line' id='line_1_1' title="bbox 612 95 1599 170; baseline 0.004 -4"><span class='ocrx_word' id='word_1_1' title='bbox 612 122 802 166; x_wconf 81' lang='lat' dir='ltr'><strong>NOTAE</strong></span> <span class='ocrx_word' id='word_1_2' title='bbox 834 121 1128 166; x_wconf 78' lang='lat' dir='ltr'><strong>ALEMANNI.</strong></span> <span class='ocrx_word' id='word_1_3' title='bbox 1331 95 1333 97; x_wconf 32' lang='lat'><strong><em>¹</em></strong></span> <span class='ocrx_word' id='word_1_4' title='bbox 1504 123 1599 170; x_wconf 86' lang='lat'><strong>371</strong></span> 
     </span>
    </p>
   </div>
   <div class='ocr_carea' id='block_1_2' title="bbox 126 230 1607 753">
    <p class='ocr_par' dir='ltr' id='par_1_2' title="bbox 126 230 1607 739">
     <span class='ocr_line' id='line_1_2' title="bbox 145 230 1607 286; baseline -0.001 -13"><span class='ocrx_word' id='word_1_5' title='bbox 145 233 383 273; x_wconf 79' lang='lat' dir='ltr'><strong>Iustinianus</strong></span> <span class='ocrx_word' id='word_1_6' title='bbox 411 244 505 271; x_wconf 77' lang='lat' dir='ltr'><strong>vero</strong></span> <span class='ocrx_word' id='word_1_7' title='bbox 534 231 759 283; x_wconf 70' lang='lat' dir='ltr'><strong>Illyriensis</strong></span> <span class='ocrx_word' id='word_1_8' title='bbox 797 244 850 269; x_wconf 86' lang='lat' dir='ltr'><strong>ex</strong></span> <span class='ocrx_word' id='word_1_9' title='bbox 887 238 999 284; x_wconf 85' lang='lat' dir='ltr'><strong>patre</strong></span> <span class='ocrx_word' id='word_1_10' title='bbox 1029 230 1245 281; x_wconf 83' lang='lat' dir='ltr'><strong>Sabbatio,</strong></span> <span class='ocrx_word' id='word_1_11' title='bbox 1278 237 1322 270; x_wconf 91' lang='lat' dir='ltr'><strong>ut</strong></span> <span class='ocrx_word' id='word_1_12' title='bbox 1348 232 1452 270; x_wconf 86' lang='lat' dir='ltr'><strong>infra</strong></span> <span class='ocrx_word' id='word_1_13' title='bbox 1480 247 1520 286; x_wconf 91' lang='lat' dir='ltr'><strong>p.</strong></span> <span class='ocrx_word' id='word_1_14' title='bbox 1551 233 1607 276; x_wconf 89' lang='lat'><strong>57</strong></span> 
     </span>
     <span class='ocr_line' id='line_1_3' title="bbox 144 287 1606 341; baseline -0.001 -12"><span class='ocrx_word' id='word_1_15' title='bbox 144 297 337 329; x_wconf 79' lang='lat' dir='ltr'><strong>narratur.</strong></span> <span class='ocrx_word' id='word_1_16' title='bbox 394 291 441 327; x_wconf 91' lang='lat' dir='ltr'><strong>In</strong></span> <span class='ocrx_word' id='word_1_17' title='bbox 481 301 526 326; x_wconf 86' lang='lat' dir='ltr'><strong>ea</strong></span> <span class='ocrx_word' id='word_1_18' title='bbox 568 302 662 327; x_wconf 86' lang='lat' dir='ltr'><strong>vero</strong></span> <span class='ocrx_word' id='word_1_19' title='bbox 699 290 866 341; x_wconf 86' lang='lat' dir='ltr'><strong>epistola</strong></span> <span class='ocrx_word' id='word_1_20' title='bbox 891 290 1033 340; x_wconf 71' lang='lat' dir='ltr'><strong>frater</strong></span> <span class='ocrx_word' id='word_1_21' title='bbox 1069 290 1277 327; x_wconf 86' lang='lat' dir='ltr'><strong>Iustiniani</strong></span> <span class='ocrx_word' id='word_1_22' title='bbox 1315 287 1480 338; x_wconf 89' lang='lat' dir='ltr'><strong>dicitur,</strong></span> <span class='ocrx_word' id='word_1_23' title='bbox 1523 303 1606 328; x_wconf 85' lang='lat' dir='ltr'><strong>non</strong></span> 
     </span>
     <span class='ocr_line' id='line_1_4' title="bbox 143 341 1606 402; baseline -0.002 -16"><span class='ocrx_word' id='word_1_24' title='bbox 143 347 357 397; x_wconf 81' lang='lat' dir='ltr'><strong>sanguiue,</strong></span> <span class='ocrx_word' id='word_1_25' title='bbox 399 344 470 384; x_wconf 90' lang='lat' dir='ltr'><strong>sed</strong></span> <span class='ocrx_word' id='word_1_26' title='bbox 499 341 787 402; x_wconf 80' lang='grc' dir='ltr'><strong>οἷὸελφοπιστία</strong></span> <span class='ocrx_word' id='word_1_27' title='bbox 816 358 937 398; x_wconf 87' lang='lat' dir='ltr'><strong>quam</strong></span> <span class='ocrx_word' id='word_1_28' title='bbox 962 347 1102 384; x_wconf 85' lang='lat' dir='ltr'><strong>Graeci</strong></span> <span class='ocrx_word' id='word_1_29' title='bbox 1130 352 1295 394; x_wconf 81' lang='lat' dir='ltr'><strong>vocant,</strong></span> <span class='ocrx_word' id='word_1_30' title='bbox 1338 347 1482 383; x_wconf 84' lang='lat' dir='ltr'><strong>iurata</strong></span> <span class='ocrx_word' id='word_1_31' title='bbox 1499 346 1606 397; x_wconf 80' lang='lat' dir='ltr'><strong>fia-</strong></span> 
     </span>
     <span class='ocr_line' id='line_1_5' title="bbox 142 401 1605 454; baseline -0.001 -12"><span class='ocrx_word' id='word_1_32' title='bbox 142 404 340 442; x_wconf 76' lang='lat' dir='ltr'><strong>ternitate.</strong></span> <span class='ocrx_word' id='word_1_33' title='bbox 397 405 500 441; x_wconf 88' lang='lat' dir='ltr'><strong>Nam</strong></span> <span class='ocrx_word' id='word_1_34' title='bbox 527 404 748 441; x_wconf 84' lang='lat' dir='ltr'><strong>Vitalianus</strong></span> <span class='ocrx_word' id='word_1_35' title='bbox 789 403 838 440; x_wconf 91' lang='lat' dir='ltr'><strong>ob</strong></span> <span class='ocrx_word' id='word_1_36' title='bbox 869 401 1093 440; x_wconf 84' lang='lat' dir='ltr'><strong>affectatam</strong></span> <span class='ocrx_word' id='word_1_37' title='bbox 1122 403 1194 441; x_wconf 88' lang='lat' dir='ltr'><strong>sub</strong></span> <span class='ocrx_word' id='word_1_38' title='bbox 1224 404 1434 441; x_wconf 89' lang='lat' dir='ltr'><strong>Anastasio</strong></span> <span class='ocrx_word' id='word_1_39' title='bbox 1464 409 1605 454; x_wconf 88' lang='lat' dir='ltr'><strong>tyran-</strong></span> 
     </span>
     <span class='ocr_line' id='line_1_6' title="bbox 141 457 1603 512; baseline -0.001 -15"><span class='ocrx_word' id='word_1_40' title='bbox 141 457 279 497; x_wconf 85' lang='lat' dir='ltr'><strong>nidem</strong></span> <span class='ocrx_word' id='word_1_41' title='bbox 308 459 384 498; x_wconf 86' lang='lat' dir='ltr'><strong>sibi</strong></span> <span class='ocrx_word' id='word_1_42' title='bbox 411 461 571 507; x_wconf 81' lang='lat' dir='ltr'><strong>timens,</strong></span> <span class='ocrx_word' id='word_1_43' title='bbox 600 460 803 511; x_wconf 84' lang='lat' dir='ltr'><strong>publicam</strong></span> <span class='ocrx_word' id='word_1_44' title='bbox 821 460 1036 510; x_wconf 84' lang='lat' dir='ltr'><strong>postulavit</strong></span> <span class='ocrx_word' id='word_1_45' title='bbox 1056 458 1190 509; x_wconf 83' lang='lat' dir='ltr'><strong>fidem,</strong></span> <span class='ocrx_word' id='word_1_46' title='bbox 1221 473 1343 512; x_wconf 89' lang='lat' dir='ltr'><strong>quam</strong></span> <span class='ocrx_word' id='word_1_47' title='bbox 1360 460 1603 498; x_wconf 87' lang='lat' dir='ltr'><strong>Iustinianus</strong></span> 
     </span>
     <span class='ocr_line' id='line_1_7' title="bbox 141 514 1605 568; baseline -0.002 -13"><span class='ocrx_word' id='word_1_48' title='bbox 141 517 304 555; x_wconf 83' lang='lat' dir='ltr'><strong>nomine</strong></span> <span class='ocrx_word' id='word_1_49' title='bbox 325 517 502 554; x_wconf 83' lang='lat' dir='ltr'><strong>Caesaris</strong></span> <span class='ocrx_word' id='word_1_50' title='bbox 531 529 612 554; x_wconf 87' lang='lat' dir='ltr'><strong>non</strong></span> <span class='ocrx_word' id='word_1_51' title='bbox 640 517 771 554; x_wconf 90' lang='lat' dir='ltr'><strong>solum</strong></span> <span class='ocrx_word' id='word_1_52' title='bbox 793 514 916 564; x_wconf 83' lang='lat' dir='ltr'><strong>dedit,</strong></span> <span class='ocrx_word' id='word_1_53' title='bbox 946 515 1018 554; x_wconf 92' lang='lat' dir='ltr'><strong>sed</strong></span> <span class='ocrx_word' id='word_1_54' title='bbox 1038 518 1160 554; x_wconf 88' lang='lat' dir='ltr'><strong>etiam</strong></span> <span class='ocrx_word' id='word_1_55' title='bbox 1177 529 1296 568; x_wconf 90' lang='lat' dir='ltr'><strong>super</strong></span> <span class='ocrx_word' id='word_1_56' title='bbox 1315 529 1467 554; x_wconf 86' lang='lat' dir='ltr'><strong>sacram</strong></span> <span class='ocrx_word' id='word_1_57' title='bbox 1486 529 1605 553; x_wconf 88' lang='lat' dir='ltr'><strong>men-</strong></span> 
     </span>
     <span class='ocr_line' id='line_1_8' title="bbox 140 568 1602 628; baseline -0.001 -17"><span class='ocrx_word' id='word_1_58' title='bbox 140 585 239 622; x_wconf 82' lang='lat' dir='ltr'><strong>sam,</strong></span> <span class='ocrx_word' id='word_1_59' title='bbox 269 573 349 612; x_wconf 75' lang='lat' dir='ltr'><strong>ritu</strong></span> <span class='ocrx_word' id='word_1_60' title='bbox 374 572 605 611; x_wconf 86' lang='lat' dir='ltr'><strong>Christianis</strong></span> <span class='ocrx_word' id='word_1_61' title='bbox 635 577 834 621; x_wconf 83' lang='lat' dir='ltr'><strong>consueto,</strong></span> <span class='ocrx_word' id='word_1_62' title='bbox 864 568 1165 628; x_wconf 74' lang='grc' dir='ltr'><strong>ἅδελφοπιστίᾳ,</strong></span> <span class='ocrx_word' id='word_1_63' title='bbox 1194 575 1222 611; x_wconf 90' lang='lat' dir='ltr'><strong>i.</strong></span> <span class='ocrx_word' id='word_1_64' title='bbox 1244 587 1278 611; x_wconf 89' lang='lat' dir='ltr'><strong>e.</strong></span> <span class='ocrx_word' id='word_1_65' title='bbox 1300 574 1440 611; x_wconf 83' lang='lat' dir='ltr'><strong>iurata</strong></span> <span class='ocrx_word' id='word_1_66' title='bbox 1459 580 1602 610; x_wconf 80' lang='lat' dir='ltr'><strong>mutuo</strong></span> 
     </span>
     <span class='ocr_line' id='line_1_9' title="bbox 126 627 1605 681; baseline -0.001 -13"><span class='ocrx_word' id='word_1_67' title='bbox 126 629 325 680; x_wconf 84' lang='lat' dir='ltr'><strong>fraterna</strong></span> <span class='ocrx_word' id='word_1_68' title='bbox 345 630 383 680; x_wconf 87' lang='lat' dir='ltr'><em>f</em></span> <span class='ocrx_word' id='word_1_69' title='bbox 385 628 445 678; x_wconf 83' lang='lat' dir='ltr'><strong>de,</strong></span> <span class='ocrx_word' id='word_1_70' title='bbox 473 630 714 668; x_wconf 82' lang='lat' dir='ltr'><strong>Vitalianum</strong></span> <span class='ocrx_word' id='word_1_71' title='bbox 743 629 818 666; x_wconf 88' lang='lat' dir='ltr'><strong>sibi</strong></span> <span class='ocrx_word' id='word_1_72' title='bbox 843 627 1044 677; x_wconf 80' lang='lat' dir='ltr'><strong>devinxit3</strong></span> <span class='ocrx_word' id='word_1_73' title='bbox 1077 629 1184 681; x_wconf 88' lang='lat' dir='ltr'><strong>quod</strong></span> <span class='ocrx_word' id='word_1_74' title='bbox 1214 632 1366 668; x_wconf 88' lang='lat' dir='ltr'><strong>curiose</strong></span> <span class='ocrx_word' id='word_1_75' title='bbox 1389 631 1605 681; x_wconf 84' lang='lat' dir='ltr'><strong>Procopius</strong></span> 
     </span>
     <span class='ocr_line' id='line_1_10' title="bbox 137 680 1607 753; baseline 0.001 -29"><span class='ocrx_word' id='word_1_76' title='bbox 137 686 221 724; x_wconf 84' lang='lat' dir='ltr'><strong>illis</strong></span> <span class='ocrx_word' id='word_1_77' title='bbox 240 686 371 724; x_wconf 84' lang='lat' dir='ltr'><strong>verbis</strong></span> <span class='ocrx_word' id='word_1_78' title='bbox 394 687 628 734; x_wconf 80' lang='lat' dir='ltr'><strong>observavit,</strong></span> <span class='ocrx_word' id='word_1_79' title='bbox 659 680 692 740; x_wconf 79' lang='grc' dir='ltr'><em>ᾦ</em></span> <span class='ocrx_word' id='word_1_80' title='bbox 722 682 792 753; x_wconf 71' lang='grc' dir='ltr'><strong>δή</strong></span> <span class='ocrx_word' id='word_1_81' title='bbox 798 682 845 725; x_wconf 68' lang='lat' dir='ltr'><strong>m*</strong></span> <span class='ocrx_word' id='word_1_82' title='bbox 875 683 994 725; x_wconf 80' lang='grc' dir='ltr'><strong>πιστοὶ</strong></span> <span class='ocrx_word' id='word_1_83' title='bbox 1023 683 1218 739; x_wconf 79' lang='grc' dir='ltr'><strong>πρότερον</strong></span> <span class='ocrx_word' id='word_1_84' title='bbox 1236 684 1339 736; x_wconf 79' lang='grc' dir='ltr'><strong>νπὲρ</strong></span> <span class='ocrx_word' id='word_1_85' title='bbox 1368 689 1442 738; x_wconf 81' lang='grc' dir='ltr'><strong>τῆς</strong></span> <span class='ocrx_word' id='word_1_86' title='bbox 1470 683 1607 737; x_wconf 71' lang='grc' dir='ltr'><em>ἄσφα-</em></span> 
     </span>
    </p>
   </div>
   <div class='ocr_carea' id='block_1_3' title="bbox 137 727 1746 851">
    <p class='ocr_par' dir='ltr' id='par_1_3' title="bbox 137 727 1746 851">
     <span class='ocr_line' id='line_1_11' title="bbox 137 727 1746 797; baseline -0.002 -14"><span class='ocrx_word' id='word_1_87' title='bbox 137 743 246 791; x_wconf 64' lang='lat' dir='ltr'><strong>astae</strong></span> <span class='ocrx_word' id='word_1_88' title='bbox 275 742 488 795; x_wconf 80' lang='grc' dir='ltr'><strong><em>παρέσχετο</em></strong></span> <span class='ocrx_word' id='word_1_89' title='bbox 519 727 714 794; x_wconf 79' lang='grc' dir='ltr'><em>διαλαχών</em></span> <span class='ocrx_word' id='word_1_90' title='bbox 740 737 849 797; x_wconf 71' lang='grc' dir='ltr'><em>αὐτῷ</em></span> <span class='ocrx_word' id='word_1_91' title='bbox 875 743 958 782; x_wconf 76' lang='grc' dir='ltr'><strong>τῶν</strong></span> <span class='ocrx_word' id='word_1_92' title='bbox 987 741 1030 782; x_wconf 81' lang='grc' dir='ltr'><strong>ἓν</strong></span> <span class='ocrx_word' id='word_1_93' title='bbox 1065 745 1320 796; x_wconf 82' lang='grc' dir='ltr'><em>Χριστιανοῖς</em></span> <span class='ocrx_word' id='word_1_94' title='bbox 1348 743 1600 795; x_wconf 74' lang='grc' dir='ltr'><em>μυστηρίωνε</em></span> <span class='ocrx_word' id='word_1_95' title='bbox 1623 744 1654 779; x_wconf 91' lang='grc' dir='ltr'>Ρ</span> <span class='ocrx_word' id='word_1_96' title='bbox 1679 744 1746 780; x_wconf 87' lang='grc'><strong>106</strong></span> 
     </span>
     <span class='ocr_line' id='line_1_12' title="bbox 138 783 1606 851; baseline -0.001 -14"><span class='ocrx_word' id='word_1_97' title='bbox 138 800 383 851; x_wconf 77' lang='lat' dir='ltr'><strong>impunitate</strong></span> <span class='ocrx_word' id='word_1_98' title='bbox 406 800 634 851; x_wconf 67' lang='lat' dir='ltr'><strong>promissa,</strong></span> <span class='ocrx_word' id='word_1_99' title='bbox 665 796 750 850; x_wconf 82' lang='lat' dir='ltr'><strong>fide</strong></span> <span class='ocrx_word' id='word_1_100' title='bbox 771 783 965 850; x_wconf 82' lang='lat' dir='ltr'><strong>publica,</strong></span> <span class='ocrx_word' id='word_1_101' title='bbox 1006 811 1092 836; x_wconf 80' lang='lat' dir='ltr'><strong>una</strong></span> <span class='ocrx_word' id='word_1_102' title='bbox 1120 801 1315 849; x_wconf 68' lang='lat' dir='ltr'><strong>susceptis·</strong></span> <span class='ocrx_word' id='word_1_103' title='bbox 1348 799 1606 836; x_wconf 63' lang='lat' dir='ltr'><strong>Christiano-</strong></span> 
     </span>
    </p>
   </div>
   <div class='ocr_carea' id='block_1_4' title="bbox 123 855 1743 2833">
    <p class='ocr_par' dir='ltr' id='par_1_4' title="bbox 123 855 1730 1753">
     <span class='ocr_line' id='line_1_13' title="bbox 139 855 1604 907; baseline -0.001 -13"><span class='ocrx_word' id='word_1_104' title='bbox 139 869 232 894; x_wconf 81' lang='lat' dir='ltr'><strong>rum</strong></span> <span class='ocrx_word' id='word_1_105' title='bbox 255 858 467 907; x_wconf 69' lang='lat' dir='ltr'><strong>mysteriis.</strong></span> <span class='ocrx_word' id='word_1_106' title='bbox 526 856 594 893; x_wconf 90' lang='lat' dir='ltr'><strong>Sic</strong></span> <span class='ocrx_word' id='word_1_107' title='bbox 623 861 662 892; x_wconf 91' lang='lat' dir='ltr'><strong>et</strong></span> <span class='ocrx_word' id='word_1_108' title='bbox 686 855 927 906; x_wconf 82' lang='lat' dir='ltr'><strong>Strategium</strong></span> <span class='ocrx_word' id='word_1_109' title='bbox 957 856 1098 892; x_wconf 88' lang='lat' dir='ltr'><strong>aerarii</strong></span> <span class='ocrx_word' id='word_1_110' title='bbox 1125 856 1374 906; x_wconf 86' lang='lat' dir='ltr'><strong>praefectum</strong></span> <span class='ocrx_word' id='word_1_111' title='bbox 1393 857 1604 893; x_wconf 82' lang='lat' dir='ltr'><strong>Iustiniani</strong></span> 
     </span>
     <span class='ocr_line' id='line_1_14' title="bbox 131 910 1604 964; baseline -0.001 -14"><span class='ocrx_word' id='word_1_112' title='bbox 131 913 310 963; x_wconf 84' lang='lat' dir='ltr'><strong>fratrem</strong></span> <span class='ocrx_word' id='word_1_113' title='bbox 346 913 591 964; x_wconf 88' lang='lat' dir='ltr'><strong>appellatum</strong></span> <span class='ocrx_word' id='word_1_114' title='bbox 629 911 745 950; x_wconf 84' lang='lat' dir='ltr'><strong>video</strong></span> <span class='ocrx_word' id='word_1_115' title='bbox 784 914 826 949; x_wconf 90' lang='lat' dir='ltr'><strong>in</strong></span> <span class='ocrx_word' id='word_1_116' title='bbox 860 910 1025 951; x_wconf 86' lang='lat' dir='ltr'><strong>historia</strong></span> <span class='ocrx_word' id='word_1_117' title='bbox 1066 911 1115 949; x_wconf 89' lang='lat' dir='ltr'><strong>de</strong></span> <span class='ocrx_word' id='word_1_118' title='bbox 1153 912 1304 963; x_wconf 86' lang='lat' dir='ltr'><strong>templo</strong></span> <span class='ocrx_word' id='word_1_119' title='bbox 1335 919 1493 949; x_wconf 87' lang='lat' dir='ltr'><strong>sanctae</strong></span> <span class='ocrx_word' id='word_1_120' title='bbox 1523 913 1604 949; x_wconf 85' lang='lat' dir='ltr'><strong>So·-</strong></span> 
     </span>
     <span class='ocr_line' id='line_1_15' title="bbox 137 965 1602 1021; baseline 0 -15"><span class='ocrx_word' id='word_1_121' title='bbox 137 967 284 1020; x_wconf 81' lang='lat' dir='ltr'><strong>phiae,</strong></span> <span class='ocrx_word' id='word_1_122' title='bbox 320 982 441 1021; x_wconf 87' lang='lat' dir='ltr'><strong>quem</strong></span> <span class='ocrx_word' id='word_1_123' title='bbox 468 967 620 1006; x_wconf 85' lang='lat' dir='ltr'><strong>ibidem</strong></span> <span class='ocrx_word' id='word_1_124' title='bbox 647 969 750 1006; x_wconf 85' lang='lat' dir='ltr'><strong>infra</strong></span> <span class='ocrx_word' id='word_1_125' title='bbox 787 965 1102 1020; x_wconf 75' lang='grc' dir='ltr'><strong>ἄδελφοποιητόν</strong></span> <span class='ocrx_word' id='word_1_126' title='bbox 1129 976 1243 1006; x_wconf 83' lang='lat' dir='ltr'><strong>autor</strong></span> <span class='ocrx_word' id='word_1_127' title='bbox 1269 970 1475 1005; x_wconf 86' lang='lat' dir='ltr'><strong>nominat:</strong></span> <span class='ocrx_word' id='word_1_128' title='bbox 1506 981 1602 1006; x_wconf 90' lang='lat' dir='ltr'><strong>nam</strong></span> 
     </span>
     <span class='ocr_line' id='line_1_16' title="bbox 123 1026 1603 1078; baseline -0.002 -14"><span class='ocrx_word' id='word_1_129' title='bbox 123 1026 335 1077; x_wconf 63' lang='lat' dir='ltr'><strong>strategio</strong></span> <span class='ocrx_word' id='word_1_130' title='bbox 354 1027 506 1078; x_wconf 89' lang='lat' dir='ltr'><strong>Appius</strong></span> <span class='ocrx_word' id='word_1_131' title='bbox 533 1027 755 1077; x_wconf 85' lang='lat' dir='ltr'><strong>Aegyptius</strong></span> <span class='ocrx_word' id='word_1_132' title='bbox 783 1032 895 1077; x_wconf 87' lang='lat' dir='ltr'><strong>pater</strong></span> <span class='ocrx_word' id='word_1_133' title='bbox 923 1026 1012 1074; x_wconf 87' lang='lat' dir='ltr'><strong>fuit,</strong></span> <span class='ocrx_word' id='word_1_134' title='bbox 1044 1031 1088 1062; x_wconf 87' lang='lat' dir='ltr'><strong>ut</strong></span> <span class='ocrx_word' id='word_1_135' title='bbox 1117 1027 1369 1063; x_wconf 86' lang='lat' dir='ltr'><strong>Innocentius</strong></span> <span class='ocrx_word' id='word_1_136' title='bbox 1398 1026 1603 1062; x_wconf 84' lang='lat' dir='ltr'><strong>Maronia-</strong></span> 
     </span>
     <span class='ocr_line' id='line_1_17' title="bbox 135 1077 1602 1134; baseline -0.001 -15"><span class='ocrx_word' id='word_1_137' title='bbox 135 1095 212 1120; x_wconf 87' lang='lat' dir='ltr'><strong>nus</strong></span> <span class='ocrx_word' id='word_1_138' title='bbox 240 1083 374 1121; x_wconf 76' lang='lat' dir='ltr'><strong>scribit</strong></span> <span class='ocrx_word' id='word_1_139' title='bbox 401 1085 444 1120; x_wconf 91' lang='lat' dir='ltr'><strong>in</strong></span> <span class='ocrx_word' id='word_1_140' title='bbox 474 1083 588 1134; x_wconf 87' lang='lat' dir='ltr'><strong>epist.</strong></span> <span class='ocrx_word' id='word_1_141' title='bbox 618 1081 670 1119; x_wconf 88' lang='lat' dir='ltr'><strong>ad</strong></span> <span class='ocrx_word' id='word_1_142' title='bbox 688 1081 943 1120; x_wconf 87' lang='lat' dir='ltr'><strong>Thematem.</strong></span> <span class='ocrx_word' id='word_1_143' title='bbox 1001 1084 1085 1119; x_wconf 89' lang='lat' dir='ltr'><strong>Hos</strong></span> <span class='ocrx_word' id='word_1_144' title='bbox 1116 1084 1237 1119; x_wconf 83' lang='lat' dir='ltr'><strong>etiam</strong></span> <span class='ocrx_word' id='word_1_145' title='bbox 1266 1077 1497 1134; x_wconf 79' lang='grc' dir='ltr'><em>οἷγαπητους</em></span> <span class='ocrx_word' id='word_1_146' title='bbox 1525 1094 1602 1118; x_wconf 89' lang='lat'>110-</span> 
     </span>
     <span class='ocr_line' id='line_1_18' title="bbox 135 1138 1602 1191; baseline -0.001 -15"><span class='ocrx_word' id='word_1_147' title='bbox 135 1140 287 1177; x_wconf 84' lang='lat' dir='ltr'><strong>minare</strong></span> <span class='ocrx_word' id='word_1_148' title='bbox 306 1138 519 1178; x_wconf 83' lang='lat' dir='ltr'><strong>Christiani</strong></span> <span class='ocrx_word' id='word_1_149' title='bbox 549 1147 855 1187; x_wconf 80' lang='lat' dir='ltr'><strong>consueverant3</strong></span> <span class='ocrx_word' id='word_1_150' title='bbox 889 1152 1009 1191; x_wconf 86' lang='lat' dir='ltr'><strong>quare</strong></span> <span class='ocrx_word' id='word_1_151' title='bbox 1038 1139 1155 1175; x_wconf 86' lang='lat' dir='ltr'><strong>Felix</strong></span> <span class='ocrx_word' id='word_1_152' title='bbox 1183 1151 1286 1189; x_wconf 85' lang='lat' dir='ltr'><strong>papa</strong></span> <span class='ocrx_word' id='word_1_153' title='bbox 1317 1145 1479 1190; x_wconf 86' lang='lat' dir='ltr'><strong>quartus</strong></span> <span class='ocrx_word' id='word_1_154' title='bbox 1510 1151 1602 1175; x_wconf 86' lang='lat' dir='ltr'><strong>cum</strong></span> 
     </span>
     <span class='ocr_line' id='line_1_19' title="bbox 135 1193 1604 1242; baseline -0.001 -10"><span class='ocrx_word' id='word_1_155' title='bbox 135 1194 267 1233; x_wconf 89' lang='lat' dir='ltr'><strong>adhuc</strong></span> <span class='ocrx_word' id='word_1_156' title='bbox 297 1197 420 1234; x_wconf 80' lang='lat' dir='ltr'><strong>laicus</strong></span> <span class='ocrx_word' id='word_1_157' title='bbox 458 1196 676 1233; x_wconf 85' lang='lat' dir='ltr'><strong>fraternam</strong></span> <span class='ocrx_word' id='word_1_158' title='bbox 712 1195 833 1233; x_wconf 88' lang='lat' dir='ltr'><strong>fidem</strong></span> <span class='ocrx_word' id='word_1_159' title='bbox 872 1197 1091 1233; x_wconf 88' lang='lat' dir='ltr'><strong>Iustiniano</strong></span> <span class='ocrx_word' id='word_1_160' title='bbox 1128 1197 1319 1242; x_wconf 89' lang='lat' dir='ltr'><strong>iurasset,</strong></span> <span class='ocrx_word' id='word_1_161' title='bbox 1360 1193 1507 1233; x_wconf 83' lang='lat' dir='ltr'><strong>exinde</strong></span> <span class='ocrx_word' id='word_1_162' title='bbox 1538 1193 1604 1231; x_wconf 88' lang='lat' dir='ltr'><strong>di-</strong></span> 
     </span>
     <span class='ocr_line' id='line_1_20' title="bbox 135 1248 1604 1306; baseline -0.001 -17"><span class='ocrx_word' id='word_1_163' title='bbox 135 1259 222 1290; x_wconf 89' lang='lat' dir='ltr'><strong>ctus</strong></span> <span class='ocrx_word' id='word_1_164' title='bbox 248 1259 307 1290; x_wconf 88' lang='lat' dir='ltr'><strong>est</strong></span> <span class='ocrx_word' id='word_1_165' title='bbox 333 1249 616 1292; x_wconf 76' lang='grc' dir='ltr'><em>Ἰουστινιανοῦ</em></span> <span class='ocrx_word' id='word_1_166' title='bbox 644 1248 862 1306; x_wconf 69' lang='grc' dir='ltr'><em>ἀγαπητὸς,</em></span> <span class='ocrx_word' id='word_1_167' title='bbox 903 1259 946 1288; x_wconf 86' lang='lat' dir='ltr'><strong>ut</strong></span> <span class='ocrx_word' id='word_1_168' title='bbox 984 1254 1026 1287; x_wconf 88' lang='lat' dir='ltr'><strong>in</strong></span> <span class='ocrx_word' id='word_1_169' title='bbox 1062 1253 1333 1288; x_wconf 89' lang='lat' dir='ltr'><strong>Romanorum</strong></span> <span class='ocrx_word' id='word_1_170' title='bbox 1367 1251 1604 1302; x_wconf 85' lang='lat' dir='ltr'><strong>pontificum</strong></span> 
     </span>
     <span class='ocr_line' id='line_1_21' title="bbox 135 1306 1602 1359; baseline -0.002 -12"><span class='ocrx_word' id='word_1_171' title='bbox 135 1310 236 1347; x_wconf 87' lang='lat' dir='ltr'><strong>serie</strong></span> <span class='ocrx_word' id='word_1_172' title='bbox 261 1310 410 1346; x_wconf 85' lang='lat' dir='ltr'><strong>Graece</strong></span> <span class='ocrx_word' id='word_1_173' title='bbox 438 1310 658 1359; x_wconf 85' lang='lat' dir='ltr'><strong>conscripta</strong></span> <span class='ocrx_word' id='word_1_174' title='bbox 693 1309 911 1346; x_wconf 77' lang='lat' dir='ltr'><strong>observavi.</strong></span> <span class='ocrx_word' id='word_1_175' title='bbox 970 1309 1054 1344; x_wconf 87' lang='lat' dir='ltr'><strong>Hac</strong></span> <span class='ocrx_word' id='word_1_176' title='bbox 1093 1307 1233 1344; x_wconf 85' lang='lat' dir='ltr'><strong>eadem</strong></span> <span class='ocrx_word' id='word_1_177' title='bbox 1266 1309 1416 1345; x_wconf 86' lang='lat' dir='ltr'><strong>ratione</strong></span> <span class='ocrx_word' id='word_1_178' title='bbox 1448 1314 1486 1344; x_wconf 91' lang='lat' dir='ltr'><strong>et</strong></span> <span class='ocrx_word' id='word_1_179' title='bbox 1522 1306 1602 1344; x_wconf 83' lang='lat' dir='ltr'><strong>fide</strong></span> 
     </span>
     <span class='ocr_line' id='line_1_22' title="bbox 133 1362 1601 1415; baseline -0.002 -12"><span class='ocrx_word' id='word_1_180' title='bbox 133 1366 343 1403; x_wconf 88' lang='lat' dir='ltr'><strong>Iustiniani</strong></span> <span class='ocrx_word' id='word_1_181' title='bbox 371 1365 493 1402; x_wconf 89' lang='lat' dir='ltr'><strong>frater</strong></span> <span class='ocrx_word' id='word_1_182' title='bbox 519 1366 597 1402; x_wconf 83' lang='lat' dir='ltr'><strong>fuit</strong></span> <span class='ocrx_word' id='word_1_183' title='bbox 626 1362 900 1402; x_wconf 85' lang='lat' dir='ltr'><strong>Theodoricus</strong></span> <span class='ocrx_word' id='word_1_184' title='bbox 930 1362 1168 1401; x_wconf 86' lang='lat' dir='ltr'><strong>Gotthorum</strong></span> <span class='ocrx_word' id='word_1_185' title='bbox 1197 1377 1284 1413; x_wconf 83' lang='lat' dir='ltr'><strong>rex,</strong></span> <span class='ocrx_word' id='word_1_186' title='bbox 1314 1370 1359 1400; x_wconf 87' lang='lat' dir='ltr'><strong>ut</strong></span> <span class='ocrx_word' id='word_1_187' title='bbox 1387 1362 1601 1415; x_wconf 89' lang='lat' dir='ltr'><strong>Theophi-</strong></span> 
     </span>
     <span class='ocr_line' id='line_1_23' title="bbox 133 1416 1598 1472; baseline 0 -13"><span class='ocrx_word' id='word_1_188' title='bbox 133 1422 199 1460; x_wconf 86' lang='lat' dir='ltr'><strong>lus</strong></span> <span class='ocrx_word' id='word_1_189' title='bbox 227 1423 435 1460; x_wconf 87' lang='lat' dir='ltr'><strong>Iustiniani</strong></span> <span class='ocrx_word' id='word_1_190' title='bbox 469 1427 701 1472; x_wconf 87' lang='lat' dir='ltr'><strong>praeceptor</strong></span> <span class='ocrx_word' id='word_1_191' title='bbox 730 1422 917 1472; x_wconf 83' lang='lat' dir='ltr'><strong>explicat.</strong></span> <span class='ocrx_word' id='word_1_192' title='bbox 975 1422 1113 1458; x_wconf 88' lang='lat' dir='ltr'><strong>Ritum</strong></span> <span class='ocrx_word' id='word_1_193' title='bbox 1141 1419 1248 1458; x_wconf 91' lang='lat' dir='ltr'><strong>hunc</strong></span> <span class='ocrx_word' id='word_1_194' title='bbox 1278 1416 1598 1470; x_wconf 72' lang='grc' dir='ltr'><em>ἄδελφοπιστίας,</em></span> 
     </span>
     <span class='ocr_line' id='line_1_24' title="bbox 134 1476 1600 1530; baseline -0.001 -14"><span class='ocrx_word' id='word_1_195' title='bbox 134 1479 400 1530; x_wconf 78' lang='lat' dir='ltr'><strong>antiquissimi</strong></span> <span class='ocrx_word' id='word_1_196' title='bbox 428 1484 560 1529; x_wconf 85' lang='lat' dir='ltr'><strong>patres</strong></span> <span class='ocrx_word' id='word_1_197' title='bbox 590 1476 731 1515; x_wconf 89' lang='lat' dir='ltr'><strong>hausto</strong></span> <span class='ocrx_word' id='word_1_198' title='bbox 749 1477 893 1515; x_wconf 83' lang='lat' dir='ltr'><strong>Christi</strong></span> <span class='ocrx_word' id='word_1_199' title='bbox 922 1478 1066 1528; x_wconf 83' lang='lat' dir='ltr'><strong>poculo</strong></span> <span class='ocrx_word' id='word_1_200' title='bbox 1098 1490 1254 1515; x_wconf 87' lang='lat' dir='ltr'><strong>sacrum</strong></span> <span class='ocrx_word' id='word_1_201' title='bbox 1281 1478 1475 1525; x_wconf 87' lang='lat' dir='ltr'><strong>fecerunt,</strong></span> <span class='ocrx_word' id='word_1_202' title='bbox 1508 1479 1600 1529; x_wconf 88' lang='lat' dir='ltr'><strong>qui-</strong></span> 
     </span>
     <span class='ocr_line' id='line_1_25' title="bbox 132 1533 1600 1585; baseline -0.002 -12"><span class='ocrx_word' id='word_1_203' title='bbox 132 1535 208 1573; x_wconf 89' lang='lat' dir='ltr'><strong>bus</strong></span> <span class='ocrx_word' id='word_1_204' title='bbox 238 1548 353 1573; x_wconf 81' lang='lat' dir='ltr'><strong>curae</strong></span> <span class='ocrx_word' id='word_1_205' title='bbox 382 1535 459 1572; x_wconf 91' lang='lat' dir='ltr'><strong>fuit</strong></span> <span class='ocrx_word' id='word_1_206' title='bbox 482 1541 657 1572; x_wconf 84' lang='lat' dir='ltr'><strong>evertere</strong></span> <span class='ocrx_word' id='word_1_207' title='bbox 686 1534 776 1572; x_wconf 83' lang='lat' dir='ltr'><strong>illas</strong></span> <span class='ocrx_word' id='word_1_208' title='bbox 798 1533 965 1571; x_wconf 83' lang='lat' dir='ltr'><strong>humani</strong></span> <span class='ocrx_word' id='word_1_209' title='bbox 995 1536 1142 1571; x_wconf 87' lang='lat' dir='ltr'><strong>cruoris</strong></span> <span class='ocrx_word' id='word_1_210' title='bbox 1169 1536 1364 1585; x_wconf 82' lang='lat' dir='ltr'><strong>potiones,</strong></span> <span class='ocrx_word' id='word_1_211' title='bbox 1396 1547 1494 1585; x_wconf 90' lang='lat' dir='ltr'><strong>quas</strong></span> <span class='ocrx_word' id='word_1_212' title='bbox 1526 1533 1600 1570; x_wconf 86' lang='lat' dir='ltr'><strong>ad-</strong></span> 
     </span>
     <span class='ocr_line' id='line_1_26' title="bbox 134 1589 1600 1642; baseline -0.001 -14"><span class='ocrx_word' id='word_1_213' title='bbox 134 1589 351 1630; x_wconf 84' lang='lat' dir='ltr'><strong>hibuerunt</strong></span> <span class='ocrx_word' id='word_1_214' title='bbox 378 1605 459 1630; x_wconf 91' lang='lat' dir='ltr'><strong>non</strong></span> <span class='ocrx_word' id='word_1_215' title='bbox 488 1592 620 1629; x_wconf 87' lang='lat' dir='ltr'><strong>solum</strong></span> <span class='ocrx_word' id='word_1_216' title='bbox 640 1591 818 1640; x_wconf 88' lang='lat' dir='ltr'><strong>barbari,</strong></span> <span class='ocrx_word' id='word_1_217' title='bbox 851 1597 889 1628; x_wconf 90' lang='lat' dir='ltr'><strong>et</strong></span> <span class='ocrx_word' id='word_1_218' title='bbox 918 1592 1079 1627; x_wconf 89' lang='lat' dir='ltr'><strong>orientis</strong></span> <span class='ocrx_word' id='word_1_219' title='bbox 1110 1591 1268 1642; x_wconf 87' lang='lat' dir='ltr'><strong>populi,</strong></span> <span class='ocrx_word' id='word_1_220' title='bbox 1298 1597 1342 1628; x_wconf 88' lang='lat' dir='ltr'><strong>ut</strong></span> <span class='ocrx_word' id='word_1_221' title='bbox 1372 1592 1492 1627; x_wconf 81' lang='lat' dir='ltr'><strong>refert</strong></span> <span class='ocrx_word' id='word_1_222' title='bbox 1514 1592 1600 1627; x_wconf 86' lang='lat' dir='ltr'><strong>Lu·-</strong></span> 
     </span>
     <span class='ocr_line' id='line_1_27' title="bbox 135 1644 1730 1701; baseline 0 -15"><span class='ocrx_word' id='word_1_223' title='bbox 135 1649 270 1686; x_wconf 84' lang='lat' dir='ltr'><strong>cianus</strong></span> <span class='ocrx_word' id='word_1_224' title='bbox 299 1649 342 1686; x_wconf 88' lang='lat' dir='ltr'><strong>in</strong></span> <span class='ocrx_word' id='word_1_225' title='bbox 370 1649 439 1686; x_wconf 90' lang='lat' dir='ltr'><strong>lib.</strong></span> <span class='ocrx_word' id='word_1_226' title='bbox 471 1646 521 1685; x_wconf 94' lang='lat' dir='ltr'><strong>de</strong></span> <span class='ocrx_word' id='word_1_227' title='bbox 551 1649 744 1695; x_wconf 87' lang='lat' dir='ltr'><strong>amicitia,</strong></span> <span class='ocrx_word' id='word_1_228' title='bbox 785 1649 847 1685; x_wconf 90' lang='lat' dir='ltr'><strong>cui</strong></span> <span class='ocrx_word' id='word_1_229' title='bbox 887 1648 1025 1685; x_wconf 78' lang='lat' dir='ltr'><strong>titulus</strong></span> <span class='ocrx_word' id='word_1_230' title='bbox 1056 1654 1114 1684; x_wconf 87' lang='lat' dir='ltr'><strong>est</strong></span> <span class='ocrx_word' id='word_1_231' title='bbox 1150 1644 1333 1699; x_wconf 77' lang='grc' dir='ltr'><em>Τόξαρις,</em></span> <span class='ocrx_word' id='word_1_232' title='bbox 1375 1646 1447 1684; x_wconf 83' lang='lat' dir='ltr'><strong>sed</strong></span> <span class='ocrx_word' id='word_1_233' title='bbox 1477 1649 1598 1683; x_wconf 83' lang='lat' dir='ltr'><strong>etiam</strong></span> <span class='ocrx_word' id='word_1_234' title='bbox 1624 1651 1653 1684; x_wconf 88' lang='lat' dir='ltr'><strong>A</strong></span> <span class='ocrx_word' id='word_1_235' title='bbox 1675 1650 1730 1701; x_wconf 65' lang='lat'><strong>24.</strong></span> 
     </span>
     <span class='ocr_line' id='line_1_28' title="bbox 133 1703 1511 1753; baseline -0.002 -10"><span class='ocrx_word' id='word_1_236' title='bbox 133 1705 306 1743; x_wconf 85' lang='lat' dir='ltr'><strong>Romani.</strong></span> <span class='ocrx_word' id='word_1_237' title='bbox 334 1703 386 1742; x_wconf 90' lang='lat' dir='ltr'><strong>ad</strong></span> <span class='ocrx_word' id='word_1_238' title='bbox 415 1705 628 1753; x_wconf 84' lang='lat' dir='ltr'><strong>amicitias,</strong></span> <span class='ocrx_word' id='word_1_239' title='bbox 658 1703 821 1743; x_wconf 87' lang='lat' dir='ltr'><strong>foedera</strong></span> <span class='ocrx_word' id='word_1_240' title='bbox 851 1712 889 1742; x_wconf 87' lang='lat' dir='ltr'><strong>et</strong></span> <span class='ocrx_word' id='word_1_241' title='bbox 920 1705 1208 1742; x_wconf 88' lang='lat' dir='ltr'><strong>coniurationes</strong></span> <span class='ocrx_word' id='word_1_242' title='bbox 1239 1703 1511 1741; x_wconf 85' lang='lat' dir='ltr'><strong>stabiliendas.</strong></span> 
     </span>
    </p>

    <p class='ocr_par' dir='ltr' id='par_1_5' title="bbox 133 1758 1600 2266">
     <span class='ocr_line' id='line_1_29' title="bbox 246 1758 1600 1813; baseline -0.002 -15"><span class='ocrx_word' id='word_1_243' title='bbox 246 1763 292 1798; x_wconf 93' lang='lat' dir='ltr'><strong>P.</strong></span> <span class='ocrx_word' id='word_1_244' title='bbox 322 1762 389 1808; x_wconf 85' lang='lat'><strong>46,</strong></span> <span class='ocrx_word' id='word_1_245' title='bbox 423 1763 487 1801; x_wconf 88' lang='lat'><strong>16.</strong></span> <span class='ocrx_word' id='word_1_246' title='bbox 546 1763 660 1799; x_wconf 84' lang='lat' dir='ltr'><strong>Dato</strong></span> <span class='ocrx_word' id='word_1_247' title='bbox 695 1761 906 1813; x_wconf 75' lang='lat' dir='ltr'><strong>offensioni</strong></span> <span class='ocrx_word' id='word_1_248' title='bbox 934 1759 1045 1810; x_wconf 85' lang='lat' dir='ltr'><strong>loco]</strong></span> <span class='ocrx_word' id='word_1_249' title='bbox 1087 1763 1196 1797; x_wconf 88' lang='lat' dir='ltr'><strong>Haec</strong></span> <span class='ocrx_word' id='word_1_250' title='bbox 1234 1761 1412 1797; x_wconf 83' lang='lat' dir='ltr'><strong>acerbius</strong></span> <span class='ocrx_word' id='word_1_251' title='bbox 1443 1758 1600 1796; x_wconf 86' lang='lat' dir='ltr'><strong>Zacha-</strong></span> 
     </span>
     <span class='ocr_line' id='line_1_30' title="bbox 134 1814 1599 1869; baseline -0.001 -15"><span class='ocrx_word' id='word_1_252' title='bbox 134 1818 213 1855; x_wconf 87' lang='lat' dir='ltr'><strong>rias</strong></span> <span class='ocrx_word' id='word_1_253' title='bbox 245 1816 350 1869; x_wconf 88' lang='lat' dir='ltr'><strong>apud</strong></span> <span class='ocrx_word' id='word_1_254' title='bbox 376 1818 593 1868; x_wconf 81' lang='lat' dir='ltr'><strong>Evagrium</strong></span> <span class='ocrx_word' id='word_1_255' title='bbox 628 1818 658 1855; x_wconf 96' lang='lat' dir='ltr'><strong>l.</strong></span> <span class='ocrx_word' id='word_1_256' title='bbox 689 1819 716 1859; x_wconf 86' lang='lat'>4</span> <span class='ocrx_word' id='word_1_257' title='bbox 746 1831 779 1855; x_wconf 93' lang='lat' dir='ltr'><strong>c.</strong></span> <span class='ocrx_word' id='word_1_258' title='bbox 809 1821 849 1859; x_wconf 98' lang='lat'><strong>3.</strong></span> <span class='ocrx_word' id='word_1_259' title='bbox 907 1815 1192 1854; x_wconf 87' lang='lat' dir='ltr'><strong>Emendandus</strong></span> <span class='ocrx_word' id='word_1_260' title='bbox 1226 1824 1284 1854; x_wconf 85' lang='lat' dir='ltr'><strong>est</strong></span> <span class='ocrx_word' id='word_1_261' title='bbox 1312 1814 1599 1867; x_wconf 82' lang='lat' dir='ltr'><strong>Theophanes,</strong></span> 
     </span>
     <span class='ocr_line' id='line_1_31' title="bbox 136 1869 1599 1926; baseline 0.001 -16"><span class='ocrx_word' id='word_1_262' title='bbox 136 1875 207 1926; x_wconf 88' lang='lat' dir='ltr'><strong>qui</strong></span> <span class='ocrx_word' id='word_1_263' title='bbox 232 1875 381 1926; x_wconf 85' lang='lat' dir='ltr'><strong>populo</strong></span> <span class='ocrx_word' id='word_1_264' title='bbox 413 1874 847 1925; x_wconf 81' lang='lat' dir='ltr'><strong>Constantinopolitano</strong></span> <span class='ocrx_word' id='word_1_265' title='bbox 877 1874 1066 1913; x_wconf 86' lang='lat' dir='ltr'><strong>Vitaliani</strong></span> <span class='ocrx_word' id='word_1_266' title='bbox 1095 1872 1259 1910; x_wconf 88' lang='lat' dir='ltr'><strong>caedem</strong></span> <span class='ocrx_word' id='word_1_267' title='bbox 1290 1872 1499 1920; x_wconf 85' lang='lat' dir='ltr'><strong>adscribit,</strong></span> <span class='ocrx_word' id='word_1_268' title='bbox 1532 1869 1599 1911; x_wconf 59' lang='lat' dir='ltr'><strong>aar}</strong></span> 
     </span>
     <span class='ocr_line' id='line_1_32' title="bbox 134 1923 1598 1986; baseline -0.002 -16"><span class='ocrx_word' id='word_1_269' title='bbox 134 1928 179 1971; x_wconf 79' lang='grc' dir='ltr'><strong>τὸ</strong></span> <span class='ocrx_word' id='word_1_270' title='bbox 205 1928 376 1978; x_wconf 80' lang='grc' dir='ltr'><strong><em>πολλους</em></strong></span> <span class='ocrx_word' id='word_1_271' title='bbox 405 1926 647 1986; x_wconf 68' lang='grc' dir='ltr'><em>ἀνῃρηκέναι</em></span> <span class='ocrx_word' id='word_1_272' title='bbox 679 1933 734 1985; x_wconf 79' lang='grc' dir='ltr'><strong>τῷ</strong></span> <span class='ocrx_word' id='word_1_273' title='bbox 763 1933 888 1984; x_wconf 79' lang='grc' dir='ltr'><em>καιρῷ</em></span> <span class='ocrx_word' id='word_1_274' title='bbox 919 1932 992 1980; x_wconf 83' lang='grc' dir='ltr'><strong>τῆς</strong></span> <span class='ocrx_word' id='word_1_275' title='bbox 1019 1925 1320 1976; x_wconf 73' lang='grc' dir='ltr'><em>ἐπαναστάσεως</em></span> <span class='ocrx_word' id='word_1_276' title='bbox 1351 1925 1477 1968; x_wconf 72' lang='grc' dir='ltr'><em>αὐτοῦ</em></span> <span class='ocrx_word' id='word_1_277' title='bbox 1505 1923 1598 1967; x_wconf 76' lang='grc' dir='ltr'><em>κατ’</em></span> 
     </span>
     <span class='ocr_line' id='line_1_33' title="bbox 132 1972 1600 2039; baseline -0.004 -11.988"><span class='ocrx_word' id='word_1_278' title='bbox 132 1981 404 2032; x_wconf 83' lang='grc' dir='ltr'><em>Λναστασίου,</em></span> <span class='ocrx_word' id='word_1_279' title='bbox 433 1972 553 2038; x_wconf 82' lang='lat' dir='ltr'><strong>quod,</strong></span> <span class='ocrx_word' id='word_1_280' title='bbox 582 1989 724 2039; x_wconf 85' lang='lat' dir='ltr'><strong>inquit,</strong></span> <span class='ocrx_word' id='word_1_281' title='bbox 754 1988 903 2024; x_wconf 69' lang='lat' dir='ltr'><strong>multos</strong></span> <span class='ocrx_word' id='word_1_282' title='bbox 925 1986 1112 2023; x_wconf 76' lang='lat' dir='ltr'><strong>deleverit</strong></span> <span class='ocrx_word' id='word_1_283' title='bbox 1133 2000 1211 2037; x_wconf 82' lang='lat' dir='ltr'><strong>quo</strong></span> <span class='ocrx_word' id='word_1_284' title='bbox 1233 1993 1403 2036; x_wconf 82' lang='lat' dir='ltr'><strong>tempore</strong></span> <span class='ocrx_word' id='word_1_285' title='bbox 1422 1987 1465 2022; x_wconf 84' lang='lat' dir='ltr'><strong>in</strong></span> <span class='ocrx_word' id='word_1_286' title='bbox 1481 1985 1600 2021; x_wconf 80' lang='lat' dir='ltr'><strong>Ana-</strong></span> 
     </span>
     <span class='ocr_line' id='line_1_34' title="bbox 133 2042 1597 2095; baseline -0.003 -14"><span class='ocrx_word' id='word_1_287' title='bbox 133 2045 309 2081; x_wconf 70' lang='lat' dir='ltr'><strong>stasium</strong></span> <span class='ocrx_word' id='word_1_288' title='bbox 338 2057 456 2081; x_wconf 76' lang='lat' dir='ltr'><strong>arma</strong></span> <span class='ocrx_word' id='word_1_289' title='bbox 484 2051 724 2095; x_wconf 41' lang='lat' dir='ltr'><strong>sumpserat</strong></span> <span class='ocrx_word' id='word_1_290' title='bbox 781 2042 863 2082; x_wconf 90' lang='lat' dir='ltr'><strong>Sed</strong></span> <span class='ocrx_word' id='word_1_291' title='bbox 890 2043 1110 2081; x_wconf 86' lang='lat' dir='ltr'><strong>Vitalianus</strong></span> <span class='ocrx_word' id='word_1_292' title='bbox 1140 2055 1262 2094; x_wconf 86' lang='lat' dir='ltr'><strong>quam</strong></span> <span class='ocrx_word' id='word_1_293' title='bbox 1291 2042 1411 2079; x_wconf 88' lang='lat' dir='ltr'><strong>fue1it</strong></span> <span class='ocrx_word' id='word_1_294' title='bbox 1439 2042 1597 2092; x_wconf 83' lang='lat' dir='ltr'><strong>populis</strong></span> 
     </span>
     <span class='ocr_line' id='line_1_35' title="bbox 135 2098 1600 2152; baseline -0.002 -15"><span class='ocrx_word' id='word_1_295' title='bbox 135 2107 331 2151; x_wconf 84' lang='lat' dir='ltr'><strong>acceptus,</strong></span> <span class='ocrx_word' id='word_1_296' title='bbox 360 2100 543 2152; x_wconf 85' lang='lat' dir='ltr'><strong>publicae</strong></span> <span class='ocrx_word' id='word_1_297' title='bbox 572 2101 666 2138; x_wconf 86' lang='lat' dir='ltr'><strong>illae</strong></span> <span class='ocrx_word' id='word_1_298' title='bbox 692 2100 994 2137; x_wconf 84' lang='lat' dir='ltr'><strong>acclamationes</strong></span> <span class='ocrx_word' id='word_1_299' title='bbox 1017 2098 1231 2136; x_wconf 86' lang='lat' dir='ltr'><strong>declarant.</strong></span> <span class='ocrx_word' id='word_1_300' title='bbox 1295 2099 1339 2137; x_wconf 93' lang='lat' dir='ltr'><strong>V</strong></span> <span class='ocrx_word' id='word_1_301' title='bbox 1333 2098 1503 2135; x_wconf 61' lang='lat' dir='ltr'><strong>italiam,</strong></span> <span class='ocrx_word' id='word_1_302' title='bbox 1516 2111 1600 2148; x_wconf 75' lang='lat' dir='ltr'><strong>pa-</strong></span> 
     </span>
     <span class='ocr_line' id='line_1_36' title="bbox 135 2155 1598 2204; baseline -0.002 -10"><span class='ocrx_word' id='word_1_303' title='bbox 135 2157 247 2195; x_wconf 79' lang='lat' dir='ltr'><strong>tricii</strong></span> <span class='ocrx_word' id='word_1_304' title='bbox 285 2156 407 2194; x_wconf 80' lang='lat' dir='ltr'><strong>multi</strong></span> <span class='ocrx_word' id='word_1_305' title='bbox 445 2159 529 2195; x_wconf 67' lang='lat' dir='ltr'><strong>sint</strong></span> <span class='ocrx_word' id='word_1_306' title='bbox 564 2158 677 2195; x_wconf 85' lang='lat' dir='ltr'><strong>anni.</strong></span> <span class='ocrx_word' id='word_1_307' title='bbox 741 2157 948 2196; x_wconf 81' lang='lat' dir='ltr'><strong>Vitaliani</strong></span> <span class='ocrx_word' id='word_1_308' title='bbox 976 2155 1190 2193; x_wconf 71' lang='lat' dir='ltr'><strong>orthodoxi</strong></span> <span class='ocrx_word' id='word_1_309' title='bbox 1217 2156 1338 2193; x_wconf 77' lang='lat' dir='ltr'><strong>malti</strong></span> <span class='ocrx_word' id='word_1_310' title='bbox 1363 2156 1447 2192; x_wconf 69' lang='lat' dir='ltr'><strong>sint</strong></span> <span class='ocrx_word' id='word_1_311' title='bbox 1476 2156 1598 2204; x_wconf 74' lang='lat' dir='ltr'><strong>anni,-</strong></span> 
     </span>
     <span class='ocr_line' id='line_1_37' title="bbox 136 2212 1066 2308; baseline -0.001 -57"><span class='ocrx_word' id='word_1_312' title='bbox 136 2225 235 2266; x_wconf 86' lang='lat' dir='ltr'><strong>quas</strong></span> <span class='ocrx_word' id='word_1_313' title='bbox 246 2212 510 2308; x_wconf 52' lang='lat' dir='ltr'><strong>gffipiphanhls</strong></span> <span class='ocrx_word' id='word_1_314' title='bbox 537 2215 686 2265; x_wconf 86' lang='lat' dir='ltr'><strong>Tyrius</strong></span> <span class='ocrx_word' id='word_1_315' title='bbox 715 2215 759 2251; x_wconf 91' lang='lat' dir='ltr'><strong>in</strong></span> <span class='ocrx_word' id='word_1_316' title='bbox 788 2215 902 2264; x_wconf 86' lang='lat' dir='ltr'><strong>epist.</strong></span> <span class='ocrx_word' id='word_1_317' title='bbox 933 2213 1066 2250; x_wconf 85' lang='lat' dir='ltr'><strong>refert.</strong></span> 
     </span>
    </p>

    <p class='ocr_par' dir='ltr' id='par_1_6' title="bbox 135 2265 1743 2833">
     <span class='ocr_line' id='line_1_38' title="bbox 283 2265 1598 2320; baseline -0.005 -9.775"><span class='ocrx_word' id='word_1_318' title='bbox 283 2269 665 2319; x_wconf 75' lang='lat' dir='ltr'><strong>.46‚17.Eum</strong></span> <span class='ocrx_word' id='word_1_319' title='bbox 701 2271 743 2307; x_wconf 89' lang='lat' dir='ltr'><strong>in</strong></span> <span class='ocrx_word' id='word_1_320' title='bbox 787 2271 888 2308; x_wconf 75' lang='lat' dir='ltr'><strong>aula</strong></span> <span class='ocrx_word' id='word_1_321' title='bbox 927 2271 1049 2320; x_wconf 83' lang='lat' dir='ltr'><strong>impie</strong></span> <span class='ocrx_word' id='word_1_322' title='bbox 1085 2265 1412 2318; x_wconf 74' lang='lat' dir='ltr'><strong>contrucidavit]</strong></span> <span class='ocrx_word' id='word_1_323' title='bbox 1464 2267 1598 2305; x_wconf 81' lang='lat' dir='ltr'><strong>Victor</strong></span> 
     </span>
     <span class='ocr_line' id='line_1_39' title="bbox 135 2324 1598 2378; baseline -0.003 -14"><span class='ocrx_word' id='word_1_324' title='bbox 135 2326 364 2364; x_wconf 85' lang='lat' dir='ltr'><strong>Tunnensis</strong></span> <span class='ocrx_word' id='word_1_325' title='bbox 402 2339 540 2364; x_wconf 87' lang='lat' dir='ltr'><strong>eorum</strong></span> <span class='ocrx_word' id='word_1_326' title='bbox 577 2333 804 2377; x_wconf 86' lang='lat' dir='ltr'><strong>temporum</strong></span> <span class='ocrx_word' id='word_1_327' title='bbox 831 2327 1023 2378; x_wconf 88' lang='lat' dir='ltr'><strong>aequalis.</strong></span> <span class='ocrx_word' id='word_1_328' title='bbox 1088 2326 1329 2364; x_wconf 70' lang='lat' dir='ltr'><strong>Vitalianus</strong></span> <span class='ocrx_word' id='word_1_329' title='bbox 1362 2324 1598 2362; x_wconf 75' lang='lat' dir='ltr'><strong>Constanti-</strong></span> 
     </span>
     <span class='ocr_line' id='line_1_40' title="bbox 135 2379 1597 2434; baseline -0.003 -14"><span class='ocrx_word' id='word_1_330' title='bbox 135 2383 275 2434; x_wconf 80' lang='lat' dir='ltr'><strong>nopoli</strong></span> <span class='ocrx_word' id='word_1_331' title='bbox 302 2384 411 2421; x_wconf 82' lang='lat' dir='ltr'><strong>intra</strong></span> <span class='ocrx_word' id='word_1_332' title='bbox 436 2383 654 2433; x_wconf 80' lang='lat' dir='ltr'><strong>palatium,</strong></span> <span class='ocrx_word' id='word_1_333' title='bbox 685 2383 771 2420; x_wconf 85' lang='lat' dir='ltr'><strong>loco</strong></span> <span class='ocrx_word' id='word_1_334' title='bbox 802 2396 915 2434; x_wconf 80' lang='lat' dir='ltr'><strong>quem</strong></span> <span class='ocrx_word' id='word_1_335' title='bbox 943 2381 1188 2433; x_wconf 80' lang='lat' dir='ltr'><strong>Delphicum</strong></span> <span class='ocrx_word' id='word_1_336' title='bbox 1219 2382 1370 2419; x_wconf 85' lang='lat' dir='ltr'><strong>Graeco</strong></span> <span class='ocrx_word' id='word_1_337' title='bbox 1400 2379 1597 2418; x_wconf 72' lang='lat' dir='ltr'><strong>vocabulo</strong></span> 
     </span>
     <span class='ocr_line' id='line_1_41' title="bbox 137 2437 1596 2491; baseline -0.002 -15"><span class='ocrx_word' id='word_1_338' title='bbox 137 2437 299 2490; x_wconf 80' lang='lat' dir='ltr'><strong>dicunt,</strong></span> <span class='ocrx_word' id='word_1_339' title='bbox 337 2439 563 2478; x_wconf 74' lang='lat' dir='ltr'><strong>Iustiniani</strong></span> <span class='ocrx_word' id='word_1_340' title='bbox 591 2441 768 2491; x_wconf 83' lang='lat' dir='ltr'><strong>patricii</strong></span> <span class='ocrx_word' id='word_1_341' title='bbox 790 2441 979 2490; x_wconf 86' lang='lat' dir='ltr'><strong>factione</strong></span> <span class='ocrx_word' id='word_1_342' title='bbox 1007 2439 1162 2476; x_wconf 76' lang='lat' dir='ltr'><strong>dieitur</strong></span> <span class='ocrx_word' id='word_1_343' title='bbox 1190 2439 1425 2489; x_wconf 72' lang='lat' dir='ltr'><strong>interfectus</strong></span> <span class='ocrx_word' id='word_1_344' title='bbox 1441 2437 1596 2487; x_wconf 61' lang='lat' dir='ltr'><strong>suis-se.</strong></span> 
     </span>
     <span class='ocr_line' id='line_1_42' title="bbox 136 2490 1597 2547; baseline -0.003 -16"><span class='ocrx_word' id='word_1_345' title='bbox 136 2495 324 2533; x_wconf 81' lang='lat' dir='ltr'><strong>Extincto</strong></span> <span class='ocrx_word' id='word_1_346' title='bbox 349 2497 574 2544; x_wconf 84' lang='lat' dir='ltr'><strong>Vitaliano,</strong></span> <span class='ocrx_word' id='word_1_347' title='bbox 605 2497 675 2547; x_wconf 91' lang='lat' dir='ltr'><strong>qui</strong></span> <span class='ocrx_word' id='word_1_348' title='bbox 703 2502 786 2533; x_wconf 86' lang='lat' dir='ltr'><strong>erat</strong></span> <span class='ocrx_word' id='word_1_349' title='bbox 812 2498 1004 2546; x_wconf 87' lang='lat' dir='ltr'><strong>magister</strong></span> <span class='ocrx_word' id='word_1_350' title='bbox 1030 2497 1220 2544; x_wconf 86' lang='lat' dir='ltr'><strong>militiae,</strong></span> <span class='ocrx_word' id='word_1_351' title='bbox 1250 2495 1493 2532; x_wconf 85' lang='lat' dir='ltr'><strong>Iustinianus</strong></span> <span class='ocrx_word' id='word_1_352' title='bbox 1524 2490 1597 2527; x_wconf 87' lang='lat' dir='ltr'><strong>de-</strong></span> 
     </span>
     <span class='ocr_line' id='line_1_43' title="bbox 138 2549 1743 2603; baseline 0.001 -16"><span class='ocrx_word' id='word_1_353' title='bbox 138 2553 317 2601; x_wconf 80' lang='lat' dir='ltr'><strong>signatus</strong></span> <span class='ocrx_word' id='word_1_354' title='bbox 360 2559 419 2590; x_wconf 90' lang='lat' dir='ltr'><strong>est</strong></span> <span class='ocrx_word' id='word_1_355' title='bbox 457 2551 542 2589; x_wconf 84' lang='lat' dir='ltr'><strong>dux</strong></span> <span class='ocrx_word' id='word_1_356' title='bbox 574 2553 842 2590; x_wconf 85' lang='lat' dir='ltr'><strong>Romanarum</strong></span> <span class='ocrx_word' id='word_1_357' title='bbox 882 2553 1100 2603; x_wconf 81' lang='lat' dir='ltr'><strong>legionum.</strong></span> <span class='ocrx_word' id='word_1_358' title='bbox 1157 2554 1217 2589; x_wconf 88' lang='lat' dir='ltr'><strong>Ita</strong></span> <span class='ocrx_word' id='word_1_359' title='bbox 1255 2554 1451 2596; x_wconf 73' lang='lat' dir='ltr'><strong>Zonaras3</strong></span> <span class='ocrx_word' id='word_1_360' title='bbox 1490 2549 1596 2584; x_wconf 77' lang='lat' dir='ltr'><strong>Con-</strong></span> <span class='ocrx_word' id='word_1_361' title='bbox 1622 2550 1654 2584; x_wconf 93' lang='lat' dir='ltr'><strong>V</strong></span> <span class='ocrx_word' id='word_1_362' title='bbox 1675 2551 1743 2588; x_wconf 80' lang='lat'><strong>349</strong></span> 
     </span>
     <span class='ocr_line' id='line_1_44' title="bbox 139 2604 1599 2660; baseline -0.001 -16"><span class='ocrx_word' id='word_1_363' title='bbox 139 2609 336 2646; x_wconf 81' lang='lat' dir='ltr'><strong>stantinus</strong></span> <span class='ocrx_word' id='word_1_364' title='bbox 373 2607 737 2660; x_wconf 85' lang='lat' dir='ltr'><strong>Porphyrogenitus</strong></span> <span class='ocrx_word' id='word_1_365' title='bbox 782 2610 811 2647; x_wconf 93' lang='grc'>1</span> <span class='ocrx_word' id='word_1_366' title='bbox 844 2610 862 2649; x_wconf 87' lang='grc'>1</span> <span class='ocrx_word' id='word_1_367' title='bbox 906 2608 1054 2648; x_wconf 87' lang='lat' dir='ltr'><strong>Them.</strong></span> <span class='ocrx_word' id='word_1_368' title='bbox 1095 2610 1160 2649; x_wconf 83' lang='lat'><strong>12.</strong></span> <span class='ocrx_word' id='word_1_369' title='bbox 1207 2607 1251 2647; x_wconf 88' lang='grc' dir='ltr'>Ὀ</span> <span class='ocrx_word' id='word_1_370' title='bbox 1288 2606 1407 2659; x_wconf 80' lang='grc' dir='ltr'><em>μέγας</em></span> <span class='ocrx_word' id='word_1_371' title='bbox 1446 2604 1599 2650; x_wconf 79' lang='grc' dir='ltr'><em>ἐκεῖνος</em></span> 
     </span>
     <span class='ocr_line' id='line_1_45' title="bbox 138 2656 1596 2717; baseline -0.003 -15"><span class='ocrx_word' id='word_1_372' title='bbox 138 2661 207 2703; x_wconf 77' lang='grc' dir='ltr'><em>καὶ</em></span> <span class='ocrx_word' id='word_1_373' title='bbox 235 2661 471 2717; x_wconf 80' lang='grc' dir='ltr'><strong><em>περιβόητος</em></strong></span> <span class='ocrx_word' id='word_1_374' title='bbox 499 2663 681 2717; x_wconf 80' lang='grc' dir='ltr'><em>βασιλευς</em></span> <span class='ocrx_word' id='word_1_375' title='bbox 706 2661 979 2713; x_wconf 84' lang='grc' dir='ltr'><em>Ἰουστινιανός</em></span> <span class='ocrx_word' id='word_1_376' title='bbox 1017 2663 1103 2714; x_wconf 86' lang='grc' dir='ltr'>(ότε</span> <span class='ocrx_word' id='word_1_377' title='bbox 1132 2667 1212 2704; x_wconf 81' lang='grc' dir='ltr'><strong>τῶν</strong></span> <span class='ocrx_word' id='word_1_378' title='bbox 1243 2660 1452 2714; x_wconf 81' lang='grc' dir='ltr'><strong><em>σκήπτρων</em></strong></span> <span class='ocrx_word' id='word_1_379' title='bbox 1482 2656 1596 2712; x_wconf 76' lang='grc' dir='ltr'><em>ἐκρά-</em></span> 
     </span>
     <span class='ocr_line' id='line_1_46' title="bbox 139 2717 1597 2774; baseline -0.009 -6"><span class='ocrx_word' id='word_1_380' title='bbox 139 2734 198 2759; x_wconf 62' lang='grc' dir='ltr'><strong>τει</strong></span> <span class='ocrx_word' id='word_1_381' title='bbox 226 2722 298 2771; x_wconf 67' lang='grc' dir='ltr'><strong>τῆς</strong></span> <span class='ocrx_word' id='word_1_382' title='bbox 332 2719 552 2774; x_wconf 80' lang='grc' dir='ltr'><em>Ῥωμαϊκῆς</em></span> <span class='ocrx_word' id='word_1_383' title='bbox 588 2723 789 2774; x_wconf 82' lang='grc' dir='ltr'><em>βασιλείας</em></span> <span class='ocrx_word' id='word_1_384' title='bbox 830 2739 850 2764; x_wconf 95' lang='grc' dir='ltr'>ο</span> <span class='ocrx_word' id='word_1_385' title='bbox 889 2738 1032 2763; x_wconf 87' lang='grc' dir='ltr'><em>τουτου</em></span> <span class='ocrx_word' id='word_1_386' title='bbox 1061 2725 1176 2767; x_wconf 81' lang='grc' dir='ltr'><strong><em>θεῖος</em></strong></span> <span class='ocrx_word' id='word_1_387' title='bbox 1202 2717 1434 2766; x_wconf 81' lang='grc' dir='ltr'><em>Ἰουστῖνος)</em></span> <span class='ocrx_word' id='word_1_388' title='bbox 1475 2730 1597 2767; x_wconf 77' lang='grc' dir='ltr'>μοιο-</span> 
     </span>
     <span class='ocr_line' id='line_1_47' title="bbox 140 2768 1596 2833; baseline -0.005 -13"><span class='ocrx_word' id='word_1_389' title='bbox 140 2774 357 2830; x_wconf 79' lang='grc' dir='ltr'><em>στράτηγος</em></span> <span class='ocrx_word' id='word_1_390' title='bbox 402 2792 484 2818; x_wconf 85' lang='grc' dir='ltr'><strong>των</strong></span> <span class='ocrx_word' id='word_1_391' title='bbox 524 2777 751 2832; x_wconf 70' lang='grc' dir='ltr'><em>Ῥωμαϊκῶν</em></span> <span class='ocrx_word' id='word_1_392' title='bbox 800 2776 1009 2833; x_wconf 79' lang='grc' dir='ltr'><em>ταγμάτων</em></span> <span class='ocrx_word' id='word_1_393' title='bbox 1054 2780 1210 2830; x_wconf 85' lang='grc' dir='ltr'><em>Καῖσαο</em></span> <span class='ocrx_word' id='word_1_394' title='bbox 1258 2773 1314 2816; x_wconf 68' lang='grc' dir='ltr'><strong>ὢν</strong></span> <span class='ocrx_word' id='word_1_395' title='bbox 1357 2768 1596 2827; x_wconf 79' lang='grc' dir='ltr'><strong>ἐχρημάτιζε.</strong></span> 
     </span>
    </p>
   </div>
  </div>
 </body>
</html>
