1800 3126
522 173 524 175 ,
571 116 764 163 NOTAE
797 114 1091 161 ALEMANNI.
1326 96 1332 142 ἑ
1464 113 1564 160 367

271 227 464 270 ,Nominis
491 233 528 266 et
555 228 655 264 recti
682 227 838 267 Iustino
868 228 913 266 in
935 226 1120 278 principe
1146 224 1264 264 vivit·

270 285 530 326 lastinianus
557 298 658 336 apex
685 283 854 324 domini.

213 343 260 380 P.
290 341 358 390 45,
392 345 431 383 1.
493 341 633 380 Colore
663 340 856 390 imbutus,
886 354 966 392 quo
995 337 1163 376 scribere
1190 349 1278 375 mos
1305 343 1362 374 est
1391 337 1569 388 impera-

102 397 275 451 toribus]
304 398 517 449 Gregorius
546 396 746 436 secundus
776 397 828 435 ad
853 398 1034 435 Leonem
1060 397 1243 433 Isaurum
1270 395 1566 446 imperatorem.

101 457 282 497 Litterae
311 463 431 504 tuae,
469 463 505 493 et
532 468 613 493 non
641 455 800 493 alienae
838 455 993 505 sigillis
1030 452 1302 504 imperatoriis
1331 451 1570 502 obsignatae

100 512 318 562 diligenter
344 517 494 561 essent,
531 518 568 549 et
595 518 810 550 accuratae
843 512 955 549 intus
983 508 1298 560 subscriptiones
1320 522 1394 559 per
1423 509 1570 545 cinna-

100 568 220 607 barin
231 570 406 620 propria
425 582 554 606 manu
572 575 660 617 tua,
690 576 735 605 ut
762 581 848 605 mos
872 574 930 605 est
957 565 1282 617 imperatoribus,
1311 564 1566 604 subscribere.

105 623 362 664 cinnabarin
390 626 545 663 vocavit
575 626 623 663 ob
645 625 785 663 coloris
812 623 1144 671 similitudinem3
1176 621 1248 661 sed
1266 623 1567 674 imperatorium

99 688 341 732 encaustum
378 695 623 734 purpureum
661 689 745 719 erat
782 694 837 718 ex
863 682 1031 718 murice.
1090 681 1210 718 Sacri
1246 678 1405 731 affatus
1445 693 1569 731 quos-

99 752 268 790 cumque
297 746 461 776 nostrae
485 736 813 776 mansuetudinis
838 739 883 775 in
904 750 1163 789 quacumque
1182 738 1441 787 paginarum
1468 736 1570 773 scri-

90 797 225 847 pserit
253 796 474 844 autoritas,
501 809 582 833 non
610 795 695 832 alio
724 794 846 833 vultu
865 795 1045 846 penitus,
1069 799 1145 830 aut
1175 792 1326 840 colore,
1354 794 1437 829 nisi
1460 806 1568 844 pur-

90 865 230 904 purea
275 850 556 891 tantummodo
593 853 854 902 inscriptione
890 852 1139 890 lustrentur:
1179 849 1333 886 scilicct
1371 856 1418 886 ut
1463 850 1569 886 cocti

99 909 289 960 muricis,
335 915 374 946 et
411 909 503 946 triti
543 908 743 958 conchylii
781 906 928 946 ardore
970 909 1195 959 signentur.
1265 906 1392 943 ‚Hanc
1430 913 1568 942 autem

98 967 212 1003 sacri
246 966 430 1004 encausti
459 965 744 1016 confictionem
776 964 885 1002 nulli
920 966 976 1002 sit
1004 965 1182 1012 licitum,
1224 969 1299 999 aut
1336 974 1568 999 concessum

96 1021 254 1061 habere.
291 1022 322 1060 l.
350 1022 377 1062 6
411 1035 446 1059 c.
476 1019 527 1058 de
552 1020 698 1060 divers.
728 1025 906 1072 rescript.
940 1027 1176 1059 encaustum
1217 1017 1337 1057 hodie
1379 1020 1421 1056 in
1450 1019 1567 1066 Italia

98 1077 270 1116 dicimus
309 1077 533 1116 enchiostro
544 1093 562 1125 ;
602 1084 816 1128 encausta,
863 1085 903 1115 et
940 1078 1202 1116 encaustaria
1247 1075 1467 1127 legendum
1514 1074 1568 1111 ad

95 1134 127 1173 l.
157 1136 184 1176 9
213 1148 247 1172 c.
277 1132 328 1172 de
357 1136 478 1186 agric.
515 1135 649 1186 liquor
684 1135 754 1171 ille
791 1147 1037 1186 purpureus,
1077 1147 1198 1186 quem
1235 1131 1303 1169 hio
1339 1146 1420 1170 non
1459 1139 1568 1168 atra-

95 1197 293 1240 mentum,
323 1190 396 1229 sed
413 1199 772 1243 purpuramentum
802 1204 942 1229 vocare
967 1192 1099 1238 liceat,
1130 1189 1361 1228 servabatur
1388 1190 1430 1225 in
1460 1195 1568 1225 atra-

95 1249 306 1296 mentario,
334 1249 415 1286 nisi
443 1246 573 1285 dicere
603 1250 725 1285 etiam
751 1248 883 1294 malis,
913 1247 1310 1298 purpuramentario3
1337 1244 1447 1297 quod
1475 1258 1568 1282 cum

97 1304 268 1341 caniculi
296 1303 470 1341 formam
502 1303 757 1356 effigiemque
785 1316 880 1354 prae
909 1315 952 1340 se
979 1303 1100 1341 ferret
1135 1302 1293 1354 (quales
1325 1308 1570 1340 atramenta-

95 1362 249 1398 riorum
275 1359 424 1398 formas
454 1358 654 1412 hodieque
683 1358 942 1411 usurpamus)
980 1360 1030 1398 ob
1064 1358 1109 1397 id
1139 1371 1365 1398 cAmcULus
1407 1366 1466 1396 est
1495 1371 1570 1410 ap-

94 1417 306 1469 pellatum.
363 1418 421 1454 Et
446 1429 470 1453 a
500 1427 702 1456 cAmcuno
733 1423 829 1464 erat,
858 1418 928 1468 qui
953 1417 1112 1454 Caesari
1142 1415 1340 1454 eiusmodi
1370 1428 1570 1467 purpura-

93 1474 339 1512 mentarium
365 1473 629 1512 ministrabat.
686 1475 922 1511 Anastasius
943 1472 1278 1512 Bibliothecarius
1308 1472 1359 1510 ad
1387 1480 1570 1510 octavam

74 1528 299 1582 -synodum
326 1537 402 1568 act.
434 1530 501 1570 10.
532 1531 803 1581 Praepositus
831 1530 1015 1568 caniculi
1043 1538 1121 1581 est,
1152 1532 1226 1582 qui
1254 1543 1399 1567 curam
1429 1537 1465 1566 et
1495 1543 1572 1566 cu-

95 1585 274 1624 stodiam
297 1589 407 1638 gerit
435 1587 636 1637 caniculi,
665 1586 715 1624 id
739 1594 810 1636 est,
839 1589 1138 1636 atramentarii,
1168 1601 1213 1624 ex
1242 1601 1320 1638 quo
1350 1588 1571 1638 imperator

95 1642 351 1682 rnonmcEAs
391 1644 551 1681 litteras
584 1644 727 1681 scribit
768 1646 812 1682 in
853 1643 1023 1686 chartis.
1091 1642 1156 1682 Ad
1196 1656 1345 1681 nomen
1395 1645 1430 1680 si
1473 1642 1572 1695 quid

97 1706 302 1751 praeterea
330 1700 489 1737 Caesari
527 1700 856 1738 subscribendum
885 1708 990 1749 erat,
1028 1699 1073 1738 id
1106 1702 1358 1753 praepositus
1399 1701 1570 1736 caniculi

97 1769 222 1793 manu
251 1768 323 1794 sua
352 1757 553 1803 exarabat,
584 1756 692 1808 quod
721 1759 762 1794 in
791 1759 897 1794 calce
929 1757 1110 1795 eiusdem
1138 1757 1284 1808 synodi
1304 1755 1568 1807 Christopho-

97 1826 189 1850 rum
212 1813 352 1850 Basilii
380 1815 631 1864 imperatoris
657 1827 679 1850 a
706 1815 884 1851 caniculo
909 1814 1051 1852 fecisse
1073 1815 1215 1866 liquet.
1274 1813 1568 1850 Praeficieban-

96 1875 162 1907 tur
190 1870 369 1907 caniculo
390 1871 569 1920 primarii
597 1882 621 1914 a
651 1873 825 1918 secretis,
857 1884 1030 1922 quorum
1058 1884 1204 1921 magna
1226 1869 1398 1920 dignitas
1430 1877 1468 1906 et
1494 1883 1568 1906 au-

96 1926 235 1964 toritas
263 1924 352 1974 fuit,
381 1932 516 1977 utpote
546 1939 649 1978 quae
678 1927 772 1964 solis
793 1926 956 1964 tandem
975 1928 1225 1980 imperatoris
1256 1928 1451 1977 sanguine
1471 1939 1568 1977 pro-

95 1983 258 2034 pinquis
287 1981 582 2021 concederetur.
640 1985 748 2031 Quae
776 1985 915 2022 Iunius
945 1983 996 2022 de
1032 1983 1111 2022 hoc
1144 1983 1275 2022 officio
1306 1982 1415 2035 apud
1444 1982 1568 2020 Codi-

94 2051 216 2087 num,
244 2051 377 2090 nugae
406 2046 513 2078 sunt.

208 2096 257 2133 P.
283 2095 361 2143 45,
392 2095 432 2138 5.
497 2097 745 2148 Lupicinae]
792 2096 963 2134 Sanctus
1003 2094 1250 2148 Nicephorus
1293 2097 1337 2133 in
1380 2094 1566 2134 chronico

96 2146 366 2202 Euphemiam
391 2153 579 2204 appellat.
637 2155 811 2205 Uterque
840 2154 967 2201 bene3
1012 2153 1117 2191 illud
1144 2153 1387 2191 vocabulum
1420 2154 1570 2190 natali-

97 2208 201 2246 tium
226 2208 316 2257 fuit,
346 2207 423 2246 hoc
450 2211 612 2248 nomine
641 2223 664 2247 a
682 2212 847 2259 Iustino,
878 2211 1108 2263 populoque
1128 2211 1569 2261 Constantinopolitano

98 2264 277 2316 Augusta
308 2266 552 2304 consalutata
582 2274 653 2313 est,
682 2274 727 2304 ut
755 2266 903 2304 habeut
926 2268 1067 2305 Graeci
1097 2269 1308 2318 scriptores
1339 2280 1438 2320 quos
1463 2267 1570 2304 infra

99 2319 152 2359 ad
188 2335 230 2372 p.
258 2321 312 2365 45
350 2322 424 2360 lin.
453 2324 480 2362 2
517 2322 784 2361 laudabimus.
842 2326 976 2362 Victor
1013 2325 1245 2363 Tunnensis
1283 2326 1327 2361 iu
1366 2323 1568 2361 chronico.

98 2376 250 2416 Iustini
277 2380 425 2416 coniux
444 2380 655 2430 Lupicina
683 2382 842 2417 nomine
869 2379 1094 2432 dicebatur,
1125 2395 1252 2434 quam
1275 2381 1568 2420 Constantino-

91 2433 271 2484 politani
289 2435 564 2487 Euphemiam
588 2443 731 2487 postea
758 2444 1012 2476 vocaverunt.

211 2491 258 2527 P.
289 2490 355 2539 45,
382 2491 422 2530 8.
482 2493 668 2543 Insignis
695 2492 812 2531 homo
841 2493 1112 2546 stoliditatis]
1154 2493 1290 2543 Idem,
1322 2493 1394 2533 sed
1423 2492 1567 2531 mode-

100 2545 199 2582 SfiUS
228 2546 258 2583 l·
290 2547 312 2587 1
343 2548 439 2585 bell·
470 2548 596 2586 Vand·
628 2546 743 2590 οὔπω
772 2548 845 2602 μὲν
868 2547 1010 2602 ἥκοντι
1042 2551 1083 2600 ἐς
1120 2551 1348 2603 βασιλείαν,
1389 2551 1567 2590 διοικου-

100 2598 208 2654 μένῳ
237 2599 280 2642 δὲ
305 2599 431 2655 αὐτήν
459 2601 550 2644 κατ’
578 2605 782 2656 ἐξουσίαν,
820 2606 907 2648 ἐπεί
939 2608 982 2648 οἱ
1009 2607 1034 2649 ό
1062 2612 1177 2655 θεῖος
1201 2602 1413 2654 Ἰουστῖνος
1439 2605 1566 2658 ’ὑπέρ-

98 2653 232 2710 γηράς
259 2673 299 2699 τε
327 2655 384 2699 ὦν
414 2659 627 2713 ἐβασίλευε,
654 2662 723 2703 καὶ
751 2666 832 2703 τῶν
859 2661 958 2704 narni
987 2662 1064 2717 τήν
1093 2663 1297 2704 πολιτείαν
1319 2658 1567 2715 πραγμάτων

100 2709 154 2753 ου’
181 2717 384 2764 παντελῶς
412 2716 604 2771 ἔμπειρος.
663 2719 859 2758 Nondum
888 2719 946 2758 ad
981 2723 1138 2772 imperii
1168 2720 1563 2758 administrationem

101 2778 324 2809 accesserat
339 2771 605 2827 lastinianus,
634 2790 721 2815 eam
750 2785 884 2817 tamen
911 2779 1074 2819 sumina
1103 2776 1303 2818 exercebat
1331 2777 1566 2829 autoritate,

1589 227 1690 262 Aeo
