1800 3126
267 155 367 203 446
720 161 780 204 IN
811 158 954 206 HIST.
985 161 1237 207 ARGANAM

145 269 173 303 A
196 267 241 304 94
266 266 379 313 bani,
409 272 448 304 et
470 266 683 305 Castrensis
712 268 849 304 aerarii
875 258 1076 318 praefecti.
1131 270 1214 307 Hoc
1240 282 1331 307 vero
1358 282 1518 309 munere
1545 271 1690 323 funge-

264 322 404 358 bantur
440 324 513 360 viri
548 324 682 372 legum
721 324 1018 371 consultissimi,
1058 336 1201 375 eosque
1234 327 1418 377 principis
1457 327 1689 381 παρέδρους,

262 390 475 415 assessores·
502 380 649 428 passim
675 384 788 414 vocat
815 380 1050 443 Procopius3
1085 381 1175 430 qui,
1206 379 1311 430 quod
1340 394 1392 419 ex
1413 383 1547 432 legum
1573 396 1690 434 prae—

261 434 402 483 scripto
448 433 671 469 faciendum
718 440 838 482 esset,
886 435 1103 485 principem
1147 443 1363 472 monerent.
1417 438 1504 474 Lib.
1539 441 1558 478 1
1594 438 1690 475 bell.

263 487 397 525 Gotth.
430 485 501 534 Ὃς
524 486 573 537 δη
601 484 831 542 Ἀταλαρίχῳ
861 486 1083 542 παρήδρευε
1110 486 1311 542 πρότερον,
1344 493 1590 546 Κυαισίτωρα
1617 491 1691 543 τήν

261 539 384 595 ἀρχήν
422 540 568 593 ταύτην
606 546 770 583 καλοῦσι
813 543 1003 596 Ῥωμαῖοι.
1074 545 1309 582 Atlzalatici
1349 559 1547 595 asses-sor,-
1586 547 1692 584 hanc

259 613 349 635 vero
389 597 623 647 dignitatem
652 599 828 636 Romani
865 607 1108 650 quaestorem
1145 601 1362 651 appellant.
1426 603 1566 652 Evagr.
1604 603 1634 639 l.
1665 601 1691 642 4

261 656 389 693 c.12.
422 651 495 700 “Og-
529 650 774 705 παρήδρευεν
800 651 1062 708 Ἰουστινιανῷ
1103 657 1207 706 (lego
1235 652 1444 709 Ἰουστίνῳ)
1484 657 1691 710 Κυαίστωρ

258 704 520 758 καθειστήκει.
590 711 663 746 Hic
705 723 908 760 perperam
946 710 1342 761 Christophorsonus·
1391 713 1463 762 qui
1502 711 1693 749 assiduus·

259 777 350 800 cum
382 764 608 801 Iustiniano
626 765 730 814 suit.
788 767 926 803 Iustini
955 780 1127 803 assessor
1157 773 1195 802 et
1225 773 1410 817 quaestor
1435 767 1524 803 fuit.
1581 769 1694 803 Hunc

257 820 408 869 primus
439 820 714 858 Constantinus
754 829 998 872 quaestorem
1037 823 1202 858 vocavit.
1260 824 1349 859 Zos.
1380 822 1479 859 libro
1510 821 1550 862 5.
1589 820 1694 860 Σάλ-

261 876 349 926 βιος
387 873 411 914 o‘
446 872 493 913 τοὶ
529 876 682 926 βασιλεῖ
707 877 899 916 δοκοῦντα
924 876 1162 930 τεταγμένος
1177 873 1459 943 ὕπαγορεῦειν,
1496 873 1542 917 ὃν
1568 876 1695 915 Κυαί-

262 942 380 993 avoca
408 933 540 969 καλεῖν
577 931 618 970 οἱ
652 927 727 972 ἀπὸ
758 933 1058 971 Κωνσταντίνου
1093 925 1284 971 δεδώκασι
1311 927 1457 984 χρόνοι.
1514 932 1693 980 Salvias,

261 986 380 1021 cuius
415 999 562 1022 munus
603 993 706 1036 erat,
748 989 996 1037 imperatoris
1034 989 1247 1024 sententias
1277 988 1556 1038 pronunciare.
1611 987 1696 1024 Hic

260 1042 398 1078 mean·
435 1048 618 1091 quaestor
654 1044 779 1090 coepit
811 1045 977 1092 tempore
1009 1043 1272 1079 Constantini.
1327 1045 1378 1079 Et
1415 1050 1549 1080 tamen
1591 1040 1696 1093 apud

262 1096 513 1151 Spartiauum
541 1098 584 1132 in
613 1096 810 1134 Hadriano
838 1099 1026 1147 legimus:
1070 1098 1339 1147 Quaesturam
1363 1100 1509 1149 gessitj
1540 1099 1582 1145 in
1613 1110 1696 1148 qua
1747 1093 1750 1097 ’

261 1152 477 1188 orationem
505 1153 755 1202 imperatoris·
793 1154 835 1189 in
873 1159 1014 1189 senatu
1050 1155 1250 1203 agrestius·
1278 1155 1554 1203 pronuncians
1587 1154 1698 1189 risus

259 1215 327 1244 est.
383 1205 496 1243 Unde
526 1214 707 1258 quaestor
736 1203 859 1256 στόμα
888 1207 1074 1258 βασιλέως
1103 1207 1320 1256 dicebatur,
1359 1222 1403 1245 os
1431 1209 1696 1258 imperatoris,

260 1268 304 1298 ut
334 1269 391 1298 est
422 1263 462 1298 in
494 1265 774 1312 epigrammate
800 1264 969 1310 Graeco,
1012 1262 1117 1314 quod
1146 1265 1261 1300 citavi
1289 1262 1339 1300 ad
1366 1277 1406 1314 p.
1435 1266 1503 1304 28.
1557 1261 1699 1300 Theo-

257 1316 432 1368 phylact.
463 1318 677 1355 Simocatta
710 1317 813 1368 apud
841 1317 1293 1372 Photium,Kval61mQ
1325 1334 1369 1366 ος
1405 1333 1506 1372 προς
1530 1315 1597 1359 τὸν
1624 1319 1700 1369 δῆ-

260 1388 336 1423 μον
358 1388 430 1423 την
460 1373 500 1412 ἐν
530 1376 582 1427 τῷ
611 1370 714 1426 λόγῳ
736 1370 847 1421 ταξιν
875 1370 1025 1425 ἐταχθη
1048 1376 1226 1427 πληροῦν
1247 1377 1321 1414 τοῦ
1343 1373 1541 1425 βασιλέως.
1597 1373 1699 1410 Sunt

259 1435 299 1463 et
328 1430 526 1465 minorum
559 1431 859 1479 magistratuum
889 1436 1113 1480 quaestores
1149 1435 1187 1466 et
1216 1427 1425 1482 πάρεδροι,
1461 1435 1505 1466 ut
1531 1441 1699 1479 procon-

258 1483 355 1520 sulis
386 1483 664 1534 Cappadociae,
696 1486 849 1521 comitis
878 1487 1060 1532 Isauriae,
1090 1486 1277 1535 praetoris
1305 1483 1500 1533 Pisidiae,
1531 1491 1570 1521 et
1597 1483 1698 1521 alio-

257 1551 345 1575 rum
374 1541 415 1574 iu
445 1541 633 1587 novellis3
664 1542 877 1590 Procopius
907 1541 1087 1576 Belisarii
1115 1540 1205 1576 fuit.

366 1596 411 1630 P.
439 1597 530 1641 117,
562 1596 627 1634 11.
684 1597 867 1631 Primum
898 1603 1135 1645 quaesturae
1173 1594 1457 1632 Tribonianum
1486 1593 1697 1644 praefecit]

256 1650 357 1685 Nam
386 1649 456 1686 sub
483 1651 646 1697 Iustino,
677 1656 715 1686 et
743 1649 973 1700 aliquandiu
1002 1651 1073 1687 sub
1103 1651 1317 1687 Iustiniano
1344 1655 1590 1700 quaestorem
1619 1649 1700 1698 egit

259 1705 434 1751 Provlus,
468 1703 515 1740 de
547 1717 622 1755 quo
652 1706 765 1755 plura
796 1705 969 1742 diximus
999 1705 1049 1742 ad
1077 1719 1116 1756 p.
1136 1705 1205 1744 28.
1262 1706 1364 1741 Huic
1392 1705 1582 1741 sufficitur
1604 1705 1700 1740 Tri-

259 1759 464 1806 bonianus‚
494 1761 556 1796 cui
578 1767 736 1810 propter
759 1761 1059 1797 Victoriatorum
1083 1760 1314 1798 seditionem
1337 1766 1576 1806 exautorato‚
1607 1771 1700 1796 suc-

263 1813 367 1851 cedit
395 1815 587 1852 Basilides
616 1817 657 1851 in
686 1829 831 1866 paucos
859 1815 962 1852 dies:
993 1815 1136 1853 sedatis
1166 1817 1301 1862 turbis,
1329 1817 1472 1852 iterum
1489 1815 1701 1851 Tribonia-

261 1882 359 1906 nus:
400 1871 447 1906 ab
488 1873 569 1907 eius
601 1871 709 1907 obitu
734 1872 884 1908 Iunilus
914 1870 1047 1918 Affer3
1090 1870 1230 1908 deinde
1260 1872 1549 1908 Constantinus.
1611 1873 1702 1920 Τρι-

263 1923 456 1977 βωνιανὸς
487 1925 550 1976 ε’τη
579 1924 702 1965 πολλοὶ
732 1924 909 1978 ἐπιβιοὺς
930 1928 981 1979 τῇ
1009 1924 1111 1981 αρχῇ
1138 1923 1358 1977 ἐτελεύτησε
1383 1922 1499 1979 νόσῳ.
1565 1924 1702 1962 Tribo-

264 1982 413 2018 nianus
442 1983 483 2017 in
513 1995 558 2018 ea
587 1980 807 2032 dignitate,
838 1982 908 2018 ubi
932 1983 1033 2018 fixit
1061 1983 1278 2033 complures
1307 1995 1444 2029 annox,
1461 1966 1605 2017 morbo
1627 1993 1702 2029 pe-

265 2037 351 2073 riit.
407 2037 509 2082 Quot
548 2035 699 2073 annos‘l
740 2039 1004 2074 conficiamus.
1062 2037 1337 2074 Constantinus
1367 2047 1467 2072 anno
1496 2035 1701 2071 Iustiniani

261 2098 375 2128 sexto
406 2099 444 2128 et
477 2093 667 2141 vigesimo
699 2105 788 2128 cum
818 2091 1005 2142 dignitate
1036 2098 1139 2138 erat,
1169 2099 1212 2128 ut
1241 2090 1360 2127 habes
1392 2091 1480 2127 coll.
1505 2093 1531 2130 2
1560 2087 1702 2140 synodi

262 2148 421 2197 quintae
451 2147 922 2196 Constantinopolitanae3
962 2148 1210 2196 septennium
1238 2147 1389 2182 Iunilus
1418 2147 1459 2181 in
1500 2158 1545 2181 eo
1576 2143 1703 2194 gradu

262 2203 418 2250 exegit,
458 2208 500 2236 ut
530 2200 594 2237 hic
623 2202 789 2238 affirmat
818 2203 1052 2252 Procopius:
1088 2215 1207 2252 quare
1237 2200 1287 2237 ad
1323 2213 1470 2237 annum
1496 2200 1702 2237 Iustiniani

261 2255 621 2305 undevigesimum,
663 2258 727 2293 vel
763 2259 936 2304 circiter,
976 2257 1118 2294 obiisse
1155 2258 1442 2294 Tribonianum
1477 2255 1700 2291 verosimile

260 2318 332 2348 est.
392 2313 474 2356 Quo
507 2312 755 2361 potissimum
793 2319 966 2362 tempore
996 2313 1186 2350 urbanam
1214 2313 1376 2363 gesserit
1403 2311 1699 2361 praefecturam,

259 2379 339 2404 non
367 2367 514 2417 liquet,
546 2367 708 2404 fortasse
738 2374 826 2404 aute
857 2375 1123 2418 quaesturam.

370 2423 416 2458 P.
445 2423 543 2468 118,
574 2425 612 2461 6.
675 2423 960 2460 Constantinus
998 2424 1131 2473 legum
1163 2420 1279 2459 haud
1308 2418 1536 2471 imperitus]
1575 2420 1701 2464 Quem

262 2477 333 2513 tali
363 2477 489 2526 elogio
509 2478 747 2514 Iustinianus
778 2480 817 2514 in
849 2480 1122 2515 constitutione
1152 2477 1200 2514 de
1227 2477 1466 2526 digestorum
1495 2475 1701 2511 confirma-

261 2534 368 2569 tione
396 2531 655 2569 commendat.
717 2531 1024 2571 Constantinum
1053 2536 1186 2571 virum
1214 2533 1410 2568 illustrem
1430 2531 1607 2566 comitem
1630 2542 1702 2565 sa-

263 2601 427 2624 crarum
457 2588 738 2638 largitionum,
775 2596 810 2624 et
840 2590 1081 2652 magistrum
1109 2589 1259 2625 Scrinia·
1287 2586 1531 2631 libellorum,
1558 2597 1702 2621 sacra-

262 2657 432 2694 rumque
471 2645 758 2694 cognitionum,
800 2645 873 2694 qui
912 2658 1058 2694 semper
1094 2642 1208 2680 nobi-s·
1236 2655 1279 2679 ex
1314 2642 1416 2679 bona
1453 2641 1634 2690 opinione
1665 2644 1702 2676 et

261 2698 401 2748 gloria
429 2713 509 2735 sese
533 2697 830 2738 commendavit.
885 2700 944 2736 De
973 2698 1112 2737 eodem
1139 2699 1227 2749 lege
1255 2697 1345 2735 coll.
1365 2699 1391 2738 2
1416 2693 1556 2747 synodi
1585 2695 1702 2746 quin·

266 2760 330 2791 tae
359 2755 820 2806 Constantinopolitanae.
