1858 3126
329 138 427 184 256
906 136 1166 180 PROCOPII

330 245 540 302 ἀποτόμων
559 244 848 305 ἓμφερεστάτην
875 244 1095 303 εἰργάσατο.
1162 245 1290 290 ἔπειτα
1315 247 1359 290 δὲ
1381 251 1512 305 χῶρον
1530 248 1600 291 τὸν
1622 245 1744 304 ὖπερ-

330 314 532 371 πεφυκότα
567 315 795 367 κατατεμὼν
826 313 865 362 ἴς
893 330 934 355 τε
966 311 1202 366 ἀνεκβάτους
1227 315 1422 370 κρημνοὺς
1452 317 1518 357 καὶ
1547 314 1747 372 σήραγγας

332 381 557 432 ἀδιεξόδους
592 380 853 435 μετεστήσατο
883 380 955 434 τὴν
993 381 1114 422 αὐτοῦ
1150 378 1290 435 φύσιν·
1333 381 1438 431 ὅπως
1472 383 1515 423 δὲ
1547 383 1592 424 τὸ
1620 388 1746 435 τεῖχος

282 458 312 492 C
332 447 490 503 ὑψηλόν
525 465 566 491 τε
597 449 654 502 εἴη
694 445 960 503 διαφερόντως
987 449 1051 488 καὶ
1089 445 1189 495 ὅλως
1221 446 1571 502 ἀνανταγώνιστον,
1615 449 1655 490 εἷ’
1685 464 1746 497 τις

328 518 505 572 προσίοι,
531 513 911 570 προσεπετεχνήσατο
933 512 1060 555 πάντα
1080 512 1155 554 ὅσα
1176 515 1216 554 ἓν
1235 511 1344 555 πόλει
1360 513 1501 570 Δάρας
1525 513 1778 571 εἶργάσατο.5

329 583 402 631 τὰς
423 583 499 638 γὰρ
520 581 695 630 ἐπάλξεις
716 581 959 637 ἀποσφίγξας
980 581 1019 621 ἓν
1037 584 1158 636 στενῷ
1177 578 1350 633 μάλιστα
1369 579 1460 622 ὅσον
1475 582 1631 623 ἐνθένδε
1645 580 1749 634 βάλ-

330 653 411 690 λειν
436 648 527 696 τοὺς
552 653 882 701 τειχομαχοῦντας
909 648 1057 688 δυνατὰ
1075 646 1192 696 εἶναι,
1221 645 1389 698 ἔμβολόν
1408 663 1448 688 τε
1471 647 1607 696 αὕταῖς
1623 650 1749 689 λίθων

330 717 531 767 ἐπιβολαῖς
553 715 593 755 ἓν
616 714 841 771 περιδρόμῳ
864 715 1100 769 περιελίξας,
1129 714 1341 755 ἐντέθεικεν
1366 714 1555 768 ἐμπείρως
1577 713 1751 764 ἐπάλξεις

329 780 476 837 ἑτέρας,
503 783 801 837 προτειχίσματί
818 798 857 823 τε
884 781 979 823 αὐτὸ
1001 781 1225 836 περιβαλὼν
1245 779 1373 837 κύκλῳ
1394 781 1678 835 ἐμφερέστατον
1694 784 1752 836 τῷ

329 850 371 890 ἓν
402 847 512 890 πόλει
542 847 685 903 Δάρας
713 848 908 904 περιβόλῳ
936 850 1161 901 πεποίηται,
1195 847 1343 902 πύργον
1375 847 1536 888 ἕκαστον
1563 846 1804 903 φρούριονΙΟ

330 915 471 970 ἐχυρὸν
507 914 799 968 τεκτηνάμενος.
867 909 913 956 οὗ
944 916 993 968 δὴ
1027 915 1099 963 τὰς
1134 913 1317 967 δυνάμεις
1345 911 1501 962 ἁπάσας
1527 915 1593 954 καὶ
1617 913 1685 955 τὸν
1714 914 1754 955 ἓν

323 981 543 1037 Ἀρμενίαις
571 982 790 1038 στρατηγὸν
814 981 1057 1043 ἱδρύσασθαι
1078 980 1422 1034 καταστησάμενος
1439 981 1643 1036 κρείσσους
1663 978 1756 1029 τοὺς

323 1047 550 1102 Ἀρμενίους
587 1048 820 1104 διεπράξατο
849 1048 894 1090 τὸ
930 1049 1065 1090 λοιπὸν
1099 1046 1192 1089 εἶναι
1229 1047 1255 1100 ἢ
1290 1048 1456 1088 δεδιέναι
1486 1046 1557 1099 τὴν
1585 1049 1756 1102 Περσῶν

328 1113 487 1170 ἔφοδον.

274 1193 307 1228 D
458 1181 524 1230 Ἐς
553 1179 686 1234 μέντοι
705 1181 755 1222 τὰ
774 1179 928 1231 Βιζανὰ
951 1179 1063 1221 οὗδὲν
1084 1179 1282 1234 εἴργασται
1306 1183 1360 1235 τῷ
1379 1182 1539 1230 βασιλεῖ’
1561 1178 1603 1228 ἐξ
1629 1178 1756 1227 αἰτίας
1767 1182 1807 1216 15

330 1249 504 1290 τοιᾶσδε.
569 1254 692 1289 κεῖται
720 1248 792 1300 μὲν
823 1248 864 1288 ἐν
896 1251 952 1302 τῷ
983 1244 1121 1302 ὁμαλῷ
1151 1245 1195 1286 τὸ
1225 1247 1392 1301 χωρίον,
1431 1246 1547 1285 πεδία
1577 1261 1618 1285 τε
1649 1244 1754 1300 ἄμφ’

331 1315 428 1356 αὐτὸ
464 1315 525 1355 ἐπὶ
557 1315 711 1369 μακρὸν
736 1313 935 1366 ἱππήλατά
969 1315 1096 1363 ἔστιν,
1129 1311 1276 1360 ὓδατος
1306 1312 1347 1352 δὲ
1377 1308 1585 1364 σηπεδόνες
1617 1312 1760 1351 πολλαὶ

330 1381 608 1434 ξυνισταμένου
637 1381 813 1423 ἐνταῦθά
841 1384 927 1422 εἶσι.
993 1381 1059 1420 καὶ
1095 1379 1167 1420 ἀπ’
1197 1379 1319 1419 αὐτοῦ
1348 1384 1430 1426 τοῖς
1462 1378 1534 1430 μὲν
1562 1378 1762 1430 πολεμιόις

330 1448 650 1502 ἐπιμαχώτατον,
684 1454 766 1497 τοῖς
797 1448 839 1488 δὲ
870 1444 1068 1501 οἰκήτορσι
1099 1446 1412 1497 λοιμωδέστατον
1431 1445 1527 1485 αὐτὸ
1556 1445 1786 1499 ’ξυμβαίνειΥ

190 1521 309 1556 V433
332 1514 443 1558 εἶναι.
510 1509 564 1556 ὧν
596 1514 646 1567 δὴ
681 1515 791 1556 ἕνεκα
822 1513 866 1555 τὸ
892 1514 1038 1569 χωρίον
1068 1516 1183 1554 τοῦτο
1219 1510 1412 1567 ὑπεριδὼν
1446 1509 1613 1567 ἑτέρωθι
1646 1509 1813 1552 πόλιν20

331 1584 513 1635 ε’ὁείματο
541 1581 663 1623 αὐτοῦ
689 1582 884 1634 βασιλέως
909 1578 1113 1632 ἐπώνυμον
1126 1610 1138 1629 ,
1166 1576 1478 1632 ἀξιολογωτάτην
1499 1594 1542 1618 τε
1564 1578 1630 1618 καὶ
1653 1576 1760 1630 ἄμα-

325 1666 400 1703 χον
423 1648 523 1697 ὅλως
542 1649 582 1688 ἔν
595 1650 731 1705 χωρίῳ
753 1650 956 1705 Τζουμινᾷ
975 1647 1223 1700 καλουμένῳ,
1258 1643 1352 1699 ὅπερ
1371 1645 1545 1697 σημείοις
1562 1644 1633 1696 μὲν
1655 1646 1760 1701 τρισὶ

330 1718 512 1767 Βιζανιῦν
535 1715 651 1767 διέχει
659 1746 674 1766 ,
709 1716 750 1756 ἐν
772 1713 994 1771 κρημνώδει
1019 1714 1060 1754 δὲ
1080 1711 1253 1765 μάλιστα
1272 1713 1445 1764 κείμενον
1466 1710 1613 1762 εὐεξίας
1637 1707 1763 1768 ἀέρων

333 1778 377 1825 εὖ
399 1783 491 1836 ἕχει.

421 1897 456 1932 9.
477 1895 746 1941 προτειχίσματί
766 1905 806 1929 τε
830 1891 942 1940 αὐτὸ]
963 1891 1196 1940 προτείχισμοὶ
1218 1906 1254 1928 τι
1274 1890 1375 1939 αὐτῷ
1398 1892 1516 1927 Tolos-

329 2021 408 2072 ptos
432 2020 561 2051 montes
585 2017 768 2061 depressis:
793 2016 912 2049 deinde
935 2016 1091 2049 tumulum
1108 2015 1276 2049 editiorem
1298 2014 1347 2047 ita
1361 2013 1504 2054 excidit,
1524 2014 1564 2046 ut
1581 2011 1650 2046 eius
1664 2011 1760 2046 situm

329 2074 364 2096 ιη
381 2061 574 2106 praecipitia
589 2062 756 2094 inaccessa
775 2062 934 2104 aviosque
949 2061 1057 2093 hiatus
1072 2060 1256 2093 mutaverit,
1301 2059 1350 2092 Ut
1363 2069 1445 2091 vero
1464 2058 1547 2091 muri
1561 2058 1762 2091 excellerent

330 2107 517 2147 altitudine,
540 2117 591 2146 ac,
613 2106 642 2139 si
658 2105 731 2149 quis
746 2106 894 2138 infensus
910 2105 1096 2145 accederet,
1119 2105 1246 2137 omnino
1262 2107 1372 2137 essent
1384 2102 1677 2146 inexpugnabiles,
1700 2102 1761 2135 ad-

330 2151 411 2186 iecit
426 2162 651 2194 quaecumque
665 2150 696 2183 in
714 2150 795 2182 urbe
810 2151 897 2183 Dara
913 2149 986 2183 fieri
1000 2150 1152 2182 iusserat.
1190 2148 1321 2181 Etenim
1338 2147 1454 2191 pinnas
1470 2147 1568 2180 vaide
1583 2146 1761 2186 contraxit,

330 2196 449 2230 relicta
472 2200 650 2239 apertura,
675 2195 829 2238 quantula
853 2195 933 2227 satis
955 2199 1044 2227 esset
1066 2194 1108 2226 ad
1134 2193 1294 2238 petendos
1310 2192 1484 2225 missilibus
1507 2197 1763 2236 oppugnatoreS,

331 2245 524 2284 structaque
539 2240 661 2272 circum
676 2239 805 2283 lapidea
819 2239 969 2283 porticu,
993 2239 1073 2272 alias
1090 2239 1165 2272 huic
1180 2238 1295 2282 pinnas
1318 2237 1399 2270 scite
1420 2237 1586 2280 imposuit.
1630 2236 1763 2270 Murum

331 2286 430 2319 etiam
451 2284 650 2318 circumiecit
669 2284 883 2325 exteriorem,
909 2288 944 2316 et
957 2284 1046 2316 facto
1063 2294 1104 2316 ex
1123 2294 1251 2327 quaque
1267 2282 1351 2315 turri
1366 2281 1501 2315 castello
1518 2281 1647 2323 valido,
1669 2291 1762 2313 moe-

330 2331 385 2363 nia
399 2329 512 2372 exegit
527 2329 568 2362 ad
584 2340 694 2362 eorum
709 2329 965 2370 similitudinem,
989 2328 1107 2372 quibus
1129 2328 1237 2361 cincta
1256 2332 1307 2360 est
1320 2327 1424 2360 Dara.
1469 2325 1523 2359 Ea
1537 2325 1642 2370 copiis
1657 2325 1762 2358 omni-

330 2375 394 2408 bus
414 2386 454 2407 ac
469 2374 626 2417 magistro
642 2373 775 2407 militum
792 2385 852 2418 per
866 2373 1051 2407 Armenium
1065 2372 1232 2417 assignata
1246 2371 1343 2413 sede,
1364 2369 1536 2404 Armenios
1551 2380 1573 2403 a
1585 2370 1762 2404 Persarum

330 2419 567 2463 irruptionibus
585 2429 720 2452 securos
737 2418 891 2452 reddidit.
1811 2414 1814 2416 ’

422 2464 528 2496 Porro
551 2473 681 2496 causam
701 2463 781 2496 nihil
803 2462 999 2496 aedificandi
1017 2461 1148 2494 Bizanis
1170 2461 1255 2494 hanc
1274 2459 1390 2493 habuit
1412 2459 1604 2503 imperator.
1649 2457 1762 2492 Locus

334 2512 387 2542 est
399 2508 434 2542 in
451 2507 586 2552 planitie
601 2507 700 2541 situsz
721 2508 826 2551 campi
840 2507 939 2550 longe
953 2507 1087 2550 lateque
1102 2505 1333 2539 circumiacent
1348 2503 1562 2547 equitabiles:
1585 2508 1762 2546 corruptae

333 2554 381 2587 ibi
404 2553 514 2597 plures
539 2552 673 2584 lacunae
697 2559 775 2585 sunt
798 2562 904 2603 aquae
925 2551 1058 2584 desidis.
1103 2550 1202 2584 Unde
1216 2554 1251 2582 et
1268 2548 1419 2582 hostibus
1435 2552 1626 2593 expugnatu
1647 2547 1762 2582 admo-

334 2599 410 2631 dum
427 2597 550 2638 facssis,
573 2601 607 2630 et
620 2596 736 2629 incolis
753 2596 1036 2640 pestilentissimus
1061 2595 1155 2628 locus
1170 2598 1230 2628 est.
1277 2594 1490 2637 Quapropter
1505 2593 1592 2625 hunc
1606 2602 1763 2636 asperna-

335 2648 410 2683 tus,
434 2643 546 2676 urbem
572 2652 631 2674 suo
659 2640 788 2674 nomine
813 2640 992 2683 insignem,
1015 2639 1183 2682 egregiam
1207 2643 1307 2681 atque
1331 2638 1486 2671 invictam
1509 2636 1587 2671 alibi
1609 2635 1760 2675 condidit,

336 2698 454 2732 nempe
468 2687 501 2720 in
515 2687 589 2720 loco
605 2685 658 2718 cui
672 2696 789 2718 nomen
805 2685 980 2718 Tzumina.
1026 2684 1093 2718 Hic
1106 2683 1205 2718 tertio
1221 2694 1242 2717 a
1255 2682 1390 2716 Bizanis
1404 2681 1524 2728 lapide,
1546 2681 1612 2716 situ
1625 2680 1761 2716 maxime

334 2743 495 2778 praeceps
505 2758 516 2777 ,
537 2730 663 2776 gaudet
679 2730 760 2765 caeli
776 2729 981 2764 salubritate.
1533 2746 1540 2753 ·
