1858 3126
336 156 402 205 94
931 162 1194 206 PROCOPII

339 273 409 331 m'cf
438 276 488 328 τῇ
510 271 687 327 βασιλίδι
712 272 757 314 τὸ
778 271 964 327 βούλημα
988 273 1120 324 ἱκανὸς
1140 274 1298 329 γένοιτο.
1367 273 1470 316 οὕτω
1489 292 1529 317 τε
1547 278 1619 317 τοῦ
1637 292 1768 331 παρα-

339 339 586 389 πεπτωκότος
609 340 680 393 τὴν
707 341 778 393 μὲν
810 341 947 381 οὗσιάν
983 341 1122 383 αὐτίκα
1153 343 1193 390 ἒς
1222 341 1266 382 τὸ
1299 341 1487 395 δημόσιον
1520 341 1769 398 ἀνάγραπτον

340 408 472 457 ἐποίει,
508 405 724 462 πικρότατα
750 407 791 448 δὲ
812 407 931 448 αὐτὸν
957 409 1208 462 αἶκισαμένη,
1242 409 1378 464 καίπερ
1406 409 1501 458 ἴσως
1531 410 1767 464 εὐπατρίδην

339 474 384 516 τὸ
415 475 609 515 ἀνέκαθεν
637 472 731 515 ὄντα
743 505 756 523 ,
784 472 810 525 ἢ
836 478 943 530 φυγῇ
965 477 1125 528 ζημιοῦν
1152 474 1178 529 ἢ
1199 473 1366 531 θανάτῳ
1401 475 1558 529 οὐδαμῆ
1588 476 1768 528 ἀπηξίου,

339 540 389 594 ’ἣν
414 542 458 581 δέ
478 558 518 594 γε
542 546 619 581 τῶν
643 541 742 594 αὐτῇ
762 541 1087 594 ἐσπουδασμένων
1107 544 1180 583 τινὶ
1198 543 1263 582 ἐπὶ
1282 540 1418 596 φόνοις
1440 542 1589 591 ἀδίκοις
1603 541 1628 596 ἢ
1651 541 1801 598 ἕτέρῳό

342 624 398 663 τῳ
419 612 496 648 τῶν
513 608 707 661 μεγίστων
728 606 981 661 ἀδικημάτων
1005 607 1151 650 ἁλῶναι
1177 609 1395 663 ξυμβαίνῃ,
1431 607 1676 664 διασύρουσα
1705 610 1772 650 καὶ

342 673 587 727 χλευάζουσα
616 674 688 726 τὴν
718 678 796 715 τῶν
819 674 1047 731 κατηγόρων
1085 674 1211 730 ὁρμὴν
1241 679 1393 717 σιωπᾶν
1421 675 1472 716 τὰ
1501 673 1773 730 προσπεσόντα

345 739 430 782 οὔτι
471 742 723 790 ἐθελουσίους
760 739 984 796 ἠνάγκαζεν.
1086 742 1189 784 ἀλλὰ
1226 744 1292 782 καὶ
1329 746 1408 783 τῶν
1446 741 1686 798 πραγμάτων
1723 741 1773 783 τὰ

346 806 642 849 σπουδαιότατα
681 810 736 856 εἰς
765 811 1041 862 γελωτοποιίαν
1079 808 1362 862 μεταβάλλειν,
1395 807 1498 850 Δὅταν
1531 809 1632 864 αὐτῇ
1662 811 1773 864 δοκῇ,

347 874 477 930 ὥσπερ
507 875 547 915 ἕν
572 880 695 930 σκηνῇ
724 877 789 916 καὶ
812 875 972 932 θεάτρῳ
995 876 1107 932 ἔργον
1135 878 1352 930 πεποίηται.
1418 877 1484 916 καὶ
1506 876 1601 918 ποτέ
1618 892 1678 924 τις
1695 879 1773 916 τῶν
1786 884 1828 918 10

349 943 563 996 πατρικίων
591 943 714 998 γέρων
746 960 787 983 τε
821 945 884 983 καὶ
917 942 1061 999 χρόνον
1095 943 1218 984 πολὺν
1251 944 1290 984 ἓν
1318 943 1422 998 ἇρχῇ
1443 943 1629 997 γεγονὼς,
1656 936 1775 997 οὗπερ

349 1009 424 1062 ε’γιὺ
450 1009 495 1050 τὸ
513 1007 639 1062 ὄνομα
657 1008 952 1062 ἐξεπιστάμενος
974 1009 1027 1060 ὥς
1042 1009 1182 1064 ἣκιστα
1206 1009 1494 1064 ἐπιμνήσομαι,
1529 1008 1582 1058 ὥς
1599 1009 1656 1062 μὴ
1680 1009 1777 1050 ‹2⁷15-

224 1080 252 1112 P
282 1081 326 1116 46
349 1092 492 1130 ραντον
523 1076 594 1129 τὴν
628 1077 667 1125 ἐς
693 1076 813 1117 αὐτὸν
835 1076 951 1132 ὕβριν
982 1076 1206 1131 ποιήσωμαι
1214 1109 1227 1128 ,
1257 1082 1335 1119 τῶν
1362 1077 1463 1132 αὐτῇ
1482 1074 1778 1130 ὑπηρετούντων

348 1143 436 1183 τινὰ
464 1141 672 1198 ὀφείλοντά
698 1143 735 1184 οἳ
759 1142 949 1198 χρήματα
971 1143 1125 1198 μεγάλα
1157 1143 1450 1199 εἰσπράξασθαι
1471 1144 1543 1197 οὐχ
1563 1141 1645 1192 οἷός
1663 1159 1704 1184 τε
1723 1141 1778 1183 ὢν

349 1211 496 1263 ἐσῆλθε
517 1210 615 1264 παρ’
644 1210 767 1263 αὐτὴν
778 1241 790 1259 ,
816 1209 884 1251 τόν
905 1228 944 1251 τε
969 1208 1227 1264 συμβαλόντα
1251 1209 1523 1262 αἰτιασάμενος
1543 1211 1608 1251 καὶ
1627 1211 1777 1263 δεηθη-
1792 1215 1832 1248 15

348 1275 514 1328 σόμενος
545 1277 653 1332 αὐτῷ
678 1281 886 1330 βοηθῆσαι
923 1277 973 1318 τὰ
1002 1280 1148 1319 δίκαια.
1230 1277 1324 1333 ὅπερ
1352 1275 1376 1331 ἡ
1407 1275 1598 1332 Θεοδώρα
1621 1292 1780 1331 προμα-

347 1348 483 1384 θοῦσα
504 1350 587 1393 τοῖς
604 1342 801 1396 εὐνούχοις
820 1345 1055 1395 ἐπέστελλεν,
1090 1344 1246 1386 ἐπειδὰν
1271 1343 1291 1386 ὁ
1313 1345 1515 1399 πατρίκιος
1538 1342 1637 1399 πρὸς
1658 1342 1782 1396 αὐτὴν

343 1412 495 1461 ἵκοιτο,
545 1410 831 1452 κυκλώσασθαι
866 1413 939 1464 μὲν
973 1412 1095 1453 αὐτὸν
1129 1411 1327 1461 ἅπαντας,
1365 1409 1570 1452 ἐπακούειν
1606 1410 1649 1451 δὲ
1681 1409 1783 1464 αὐτῇ

348 1479 626 1533 φθεγγομένη,
660 1476 880 1519 &nemeina
911 1477 932 1520 ὅ
961 1495 998 1520 τι
1027 1479 1171 1527 αὐτοὺς
1197 1479 1534 1534 ἀντιφθέγγεσθαι
1564 1479 1634 1518 δεῖ.
1702 1477 1783 1517 ἐπεὶ

349 1546 392 1585 δὲ
411 1543 430 1586 ὁ
453 1547 655 1599 πατρίκιος
679 1545 718 1593 ἐς
735 1545 806 1598 τὴν
825 1552 1094 1599 γυναικωνῖτιν
1116 1548 1290 1599 εἰσῆλθε,
1313 1543 1575 1600 προσεκύνησε
1603 1544 1676 1596 μὲν
1701 1542 1836 1584 (ὅσ-20

351 1629 424 1667 περ
451 1612 574 1664 αὐτὴν
602 1618 832 1668 προσκυνεῖν
863 1612 1039 1662 εἴθιστο,
1081 1613 1356 1668 δεδακρυμένῳ
1388 1613 1430 1652 δὲ
1458 1611 1592 1659 ἐοικώς
1617 1604 1689 1660 ,,ὦ
1717 1610 1782 1651 δέ-

352 1683 544 1728 σποιναζί,
575 1679 664 1734 ἔφη,
697 1710 724 1729 ,,
730 1679 904 1732 χαλεπὸν
933 1682 1125 1735 πατρικίω
1148 1679 1259 1735 ἀνδρὶ
1280 1677 1498 1734 χρημάτων
1518 1679 1690 1719 δεῖσθαι.
1757 1674 1784 1717 ἃ

301 1755 331 1789 Β
354 1746 430 1802 γὰρ
450 1753 532 1795 τοῖς
554 1746 688 1795 ἄλλοις
704 1744 937 1800 συγγνιόλιιην
955 1763 995 1787 τε
1009 1748 1075 1787 καὶ
1096 1746 1203 1787 ἔλεον
1222 1747 1345 1802 φέρει,
1365 1750 1490 1787 ταῦτα
1510 1745 1550 1794 ἐς
1567 1743 1685 1800 ὕβριν
1704 1747 1786 1800 τῷ-

447 1840 465 1873 1
491 1834 587 1871 οὕτω
610 1838 726 1872 Reisk.
771 1837 890 1885 τούτῳ
908 1840 980 1875 AP.
1111 1839 1132 1872 5
1151 1838 1222 1872 τινὶ
1237 1839 1350 1873 Reisk.
1394 1837 1448 1878 τὶς
1465 1837 1535 1874 ΑΡ.
1669 1838 1692 1871 9
1723 1832 1787 1876 ὁρ-

444 1882 532 1926 μὴν]
555 1880 667 1927 ὀργήν
690 1884 804 1917 Reisk.
966 1883 1007 1918 15
1029 1882 1261 1927 συμβαλόντα
1284 1883 1401 1918 Reisk.
1447 1880 1696 1926 συμβάλλοντα
1715 1881 1786 1915 ΑΡ.

448 1930 491 1962 16
507 1926 596 1970 ὅπερ
615 1949 658 1954 -
675 1929 923 1971 προμαθοῦσα
937 1929 1042 1962 Alem.
1076 1926 1173 1975 ᾧπερ
1185 1950 1229 1956 —
1247 1928 1484 1971 προμαχοῦσα
1508 1927 1576 1961 ΑΡ.
1667 1927 1713 1960 20
1727 1937 1789 1968 γυ-

445 1977 652 2008 ναικωνῖτιν
673 1974 774 2008 Alem.
817 1975 1079 2018 γυναικωνίτην
1095 1975 1166 2009 ΑΡ.
1266 1974 1350 2007 ibid.
1377 1973 1524 2017 εἰσῆλθε
1539 1970 1668 2005 addidit
1681 1970 1787 2004 Alem.

355 2056 450 2087 turos
478 2052 520 2085 de
538 2051 703 2085 sententia
725 2051 767 2085 ad
789 2050 960 2095 Augustae
979 2051 1208 2085 crudelitatem
1227 2049 1487 2093 attemperanda.
1532 2049 1620 2082 Tum
1636 2058 1716 2082 vero
1731 2047 1789 2082 illa

356 2097 496 2131 fortunis
513 2097 703 2141 publicatis,
723 2107 828 2137 reum,
847 2097 1003 2130 maiorum
1018 2097 1094 2130 licet
1109 2097 1230 2129 clarum
1245 2095 1430 2135 nobilitate,
1449 2093 1552 2137 virgis
1568 2093 1788 2127 crudelissime

357 2154 501 2182 caesum,
524 2142 579 2174 vel
597 2141 707 2184 exilio,
731 2141 786 2174 vel
810 2141 924 2174 ultima
948 2152 1056 2185 poena
1076 2141 1253 2174 damnavit.
1299 2139 1423 2172 Contra
1445 2139 1473 2172 si
1492 2138 1554 2172 viri
1574 2138 1693 2182 quibus
1714 2137 1789 2181 ipsa

356 2188 527 2230 studeret„
551 2191 609 2219 aut
628 2186 758 2226 caedis,
780 2190 839 2218 aut
855 2186 1054 2219 nefariorum
1078 2186 1244 2219 criminnm
1269 2184 1432 2218 manifesti
1450 2182 1788 2228 deprehenderentur,

357 2237 589 2266 accusatorum
605 2236 742 2264 conatus
757 2242 843 2263 nunc
858 2231 1019 2276 asperius,
1036 2241 1122 2263 nunc
1137 2231 1275 2263 facetius
1291 2229 1438 2270 eludens,
1453 2239 1475 2261 a
1491 2239 1590 2262 causa
1605 2227 1790 2271 iudicioque

356 2277 519 2311 deterruit
541 2277 594 2309 vel
617 2276 751 2308 invitos.
798 2275 887 2316 Quin
912 2279 946 2308 et
961 2287 1014 2309 res
1030 2275 1242 2319 gravissimas
1260 2275 1339 2308 data
1357 2284 1459 2318 opera
1475 2273 1519 2306 ad
1532 2272 1625 2305 iocos
1641 2276 1675 2305 et
1690 2272 1789 2305 risum

357 2335 419 2367 pro
439 2322 571 2355 libidine
586 2321 887 2364 revocavit‚-quasi
902 2321 935 2354 in
952 2331 1051 2354 scena
1067 2332 1108 2354 ac
1122 2321 1268 2354 theatro.
1314 2319 1374 2351 Vir
1392 2317 1516 2351 ordinis
1531 2315 1682 2357 Pati-idi,
1697 2316 1789 2350 senio

357 2373 393 2401 et
409 2372 505 2411 gesto
528 2367 582 2399 diu
599 2366 795 2408 magistratu
811 2365 924 2408 gravis
949 2365 1060 2409 (cuius
1075 2370 1188 2398 notum
1203 2375 1320 2398 nomen
1336 2363 1540 2396 reticendum
1556 2361 1633 2394 mihi
1649 2365 1721 2404 est,
1749 2372 1792 2394 ne

358 2417 452 2446 tanta
473 2412 542 2444 eius
568 2411 764 2444 contumelia
788 2411 831 2443 ad
856 2411 1041 2444 memoriam
1069 2410 1181 2444 veniat
1197 2408 1405 2454 posteritatis
1421 2406 1608 2449 aeternam)
1634 2415 1655 2438 a
1675 2405 1791 2439 Theo-

358 2458 461 2491 dorae
476 2455 626 2489 familiari
642 2466 714 2488 cum
729 2466 834 2498 grave
854 2466 911 2488 aes
926 2455 1087 2489 creditum
1105 2455 1239 2498 exigere
1257 2465 1322 2487 non
1341 2458 1475 2497 posset,
1497 2462 1569 2484 eam
1593 2449 1676 2484 adiit
1698 2450 1793 2483 debi-

302 2518 305 2521 ·
358 2507 464 2536 torem
489 2500 774 2545 interpellaturus»,
798 2500 954 2544 illamque
973 2506 1008 2534 ut
1029 2511 1067 2534 se
1086 2511 1192 2544 aequo
1214 2499 1287 2532 iure
1307 2498 1582 2541 complecteretur
1602 2498 1790 2538 rogaturus.

359 2546 542 2581 Theodora
557 2557 595 2578 re
610 2545 845 2589 praecognita,
879 2545 1020 2590 imperat
1042 2545 1199 2578 eunuchis
1221 2543 1406 2577 venientem
1427 2540 1610 2575 Patricium
1629 2545 1666 2572 ut
1679 2550 1793 2573 omnes

361 2593 402 2626 ad
419 2603 516 2626 unum
532 2590 790 2630 circumlatam,
817 2590 946 2633 sibique
964 2590 1084 2623 dicenti
1100 2589 1256 2622 adiiciant
1269 2588 1428 2628 animum,
1451 2585 1704 2629 condictumque
1719 2595 1792 2617 car—

361 2649 436 2671 men
453 2635 661 2670 iutercinant.
706 2635 799 2678 Ergo
814 2635 981 2668 Patricius
997 2635 1180 2668 cubiculum
1193 2634 1379 2676 ingressus,
1397 2643 1434 2665 se
1446 2657 1456 2674 ,
1477 2634 1515 2665 ut
1529 2629 1630 2663 moris
1646 2632 1731 2670 erat,
1752 2628 1792 2662 ad

361 2683 448 2716 illius
465 2681 568 2726 pedes
585 2680 725 2724 abiecit,
745 2692 784 2713 ac
800 2691 885 2724 pene
903 2680 1182 2713 lacrimabundus:
1207 2680 1323 2719 Dura,
1343 2677 1472 2721 inquit,
1501 2687 1521 2709 o
1539 2674 1696 2714 domina,
1721 2674 1793 2706 Pa-

362 2728 456 2761 tricii
478 2726 624 2761 conditio
647 2731 708 2767 est,
733 2727 791 2769 qm·
811 2726 971 2760 mcmaria
994 2725 1201 2768 difficultate
1216 2727 1406 2768 urgeatur-3
1436 2723 1474 2755 id
1494 2720 1583 2755 enim
1605 2719 1693 2763 quod
1715 2718 1796 2752 aliis

363 2775 499 2808 veniam
517 2771 897 2817 commiserationemqae
917 2770 1098 2814 conciliat,
1119 2770 1200 2804 huic
1219 2768 1332 2804 ordini
1348 2772 1397 2804 est
1417 2764 1678 2811 indignissimae
1699 2763 1796 2798 cala-
