1754 3132
188 177 248 221 36
775 176 1039 220 PROCOPII

185 286 317 342 με’νοις
338 289 534 329 δοκοῦντα
553 283 650 339 ἔχειν
663 317 674 335 ,
711 285 751 333 ἔς
770 284 976 342 ξίμφορον
998 285 1040 326 ἐκ
1057 289 1128 326 τοῦ
1149 285 1210 326 ἐπὶ
1231 289 1415 326 πλεῖστον
1436 281 1616 326 ἐτελεύτα

186 354 318 402 τέλος·
355 355 395 396 ἐν
424 354 468 395 δὲ
497 357 554 410 τῷ
587 350 741 409 ὑστέρῳ
774 351 895 402 δόξαν
925 353 997 405 μὲν
1017 347 1229 406 ἀπήνεγκεν
1253 350 1314 393 ὅτι
1335 351 1384 405 δὴ
1406 350 1455 393 τὰ
1472 351 1618 404 βελτίω

184 418 468 475 βεβούλευται,
506 418 575 460 ἅτε
603 420 666 460 καὶ
695 423 776 460 τῶν
811 420 912 461 κατὰ
944 419 1014 460 τὸν
1044 416 1215 471 πόλεμον
1237 416 1351 460 τόνδε
1373 415 1617 472 πραγμάτων

181 488 351 543 γεγονώς
388 486 595 541 ἔμπειρος,
634 485 727 526 ἀλλ’
763 485 802 527 ἒν
840 492 925 534 τοῖς
956 486 1222 537 ἀποβαίνουσι
1253 489 1537 538 κακοτυχοῦντι
1565 483 1616 526 τὰ

182 554 310 596 πολλὰ
335 555 374 602 ἒς
397 553 590 606 ἀβουλίας
607 549 771 605 δόκησιν
791 552 900 610 αὐτῷ
920 552 1133 606 ἀπεκρίθη,
1206 550 1332 600 οὕτως
1354 550 1432 606 ἄρα
1453 550 1527 592 οὖκ
1545 550 1613 591 ἄν·
1629 557 1649 592 5

181 619 361 677 θρώπων
391 624 583 673 βουλαῖς,
612 618 715 660 ἀλλὰ
747 623 795 675 τῇ
827 621 868 661 ἐκ
900 624 999 660 θεοῦ
1029 619 1132 674 ῥοπῇ
1163 616 1446 672 πρυτανεῦεται
1472 617 1524 659 τὰ
1546 617 1619 658 ἆν-

180 685 379 743 θρώπεια,
409 685 431 728 ὃ
453 686 501 739 δὴ
525 683 648 739 τύχην
668 683 838 728 εἰώθασι
861 689 991 727 καλεῖν
1014 686 1241 740 ἄνθρωποι,
1271 685 1342 725 οὐκ
1359 682 1505 732 εῗὸότες
1521 682 1617 725 ὅτου

180 754 230 808 δὴ
253 755 363 796 ἕνεκα
384 751 512 808 ταύτῃ
532 750 684 807 πρόεισι
706 753 756 795 τὰ
781 755 1075 806 ξυμβαίνοντα,
1111 747 1212 807 ᾗπερ
1231 750 1367 799 αὐτοῖς
1392 750 1536 805 ἔνδηλα
1557 751 1620 805 γί-

180 838 302 864 νεται.
370 824 427 876 τῷ
457 820 533 874 γὰρ
569 818 700 877 ἀλόγῳ
733 822 917 862 δοκοῦντι
941 819 1037 862 εἶναι
1067 824 1177 874 φιλεῖ
1190 818 1236 859 τὸ
1253 822 1326 871 τῆς
1347 815 1469 871 τύχης
1490 817 1618 869 ὄνομα

58 893 90 926 Α
112 893 156 927 22
180 894 439 943 προσχωρεῖν.
513 886 618 927 ἀλλὰ
659 891 789 929 ταῦτα
825 888 896 940 μὲν
939 886 992 936 ὥς
1030 904 1083 940 πη
1123 884 1278 942 ἑκάστῳ
1312 885 1428 941 φίλον
1441 916 1455 936 ,
1491 881 1618 940 ταύτῃ
1632 887 1674 926 10

179 955 358 997 δοκείτω.

124 1027 156 1060 D
314 1018 355 1062 ε’.
427 1016 664 1074 Βελισάριος
689 1021 732 1061 δὲ
764 1020 810 1062 τὸ
830 1018 1014 1074 δεύτερον
1035 1019 1075 1060 ἓν
1092 1018 1241 1076 Ἰταλίᾳ
1260 1014 1467 1072 γενόμενος
1489 1017 1619 1071 αἴσχι-

179 1105 255 1130 στα
288 1086 450 1129 ἐνθένδε
480 1085 704 1140 ἀπήλλαξε·
741 1091 813 1139 τῆς
841 1087 913 1140 μέν
941 1087 1018 1141 γὰρ
1046 1090 1118 1139 γῆς
1145 1086 1184 1134 ἐς
1209 1083 1413 1133 πενταετες
1434 1085 1619 1138 ἐπιβῆναι

180 1155 252 1196 οὐκ
281 1154 466 1207 ἴσχυσεν,
503 1152 638 1207 ὥσπερ
669 1170 738 1205 μοι
771 1155 811 1195 ἓν
839 1160 922 1201 τοῖς
943 1153 1172 1208 ἔμπροσθεν
1191 1150 1320 1206 λόγοις
1340 1149 1519 1206 ἐρρήθη,
1542 1149 1619 1193 ’ὅτι

59 1229 87 1262 Ρ
114 1229 156 1263 16
178 1221 235 1275 μὴ
259 1218 406 1262 ἐνθάδε
425 1217 618 1274 ὀχύρωμα
635 1215 696 1273 ἦν.
731 1218 1039 1272 ναυτιλλόμενος
1059 1220 1102 1261 δὲ
1123 1217 1255 1260 πάντα
1273 1222 1417 1260 τοῦτον
1437 1218 1506 1259 τὸν
1519 1215 1618 1272 χρό-
1632 1227 1673 1260 15

178 1305 247 1330 νον
269 1287 320 1329 τὰ
345 1284 618 1328 ἐπιθαλάσσια
638 1284 800 1342 περιῄει.
873 1288 1057 1334 Τωτίλας
1081 1286 1125 1328 δὲ
1147 1289 1306 1345 λυσσῶν
1327 1280 1376 1338 ἦν
1399 1284 1522 1326 αὗτὸν
1542 1283 1619 1334 ἔξω

177 1356 330 1409 τείχους
363 1358 528 1406 λαβεῖν,
566 1353 612 1395 οὗ
644 1353 778 1407 μέντοι
809 1347 944 1410 εὗρεν,
983 1354 1063 1395 ἐπεὶ
1084 1353 1262 1412 ὀρρωδίᾳ
1279 1355 1408 1408 πολλῇ
1433 1349 1557 1400 αὗτός
1575 1367 1618 1393 τε

265 1505 299 1539 5.
336 1501 454 1544 οὕτως
476 1523 520 1529 -
544 1506 787 1549 προσχωρεῖν]
827 1504 954 1539 Suidas
984 1516 1013 1539 s.
1042 1516 1075 1538 v.
1110 1503 1212 1548 τύχη.
1261 1498 1379 1545 οὕτως
1402 1523 1447 1528 -
1470 1503 1618 1539 δοκείτω

265 1547 383 1583 iisdem
407 1551 481 1583 fere
504 1550 617 1583 verbis
642 1551 798 1594 leguntur
822 1551 874 1584 De
896 1550 983 1584 bello
1009 1549 1128 1583 Gotth.
1152 1560 1184 1594 p.
1210 1549 1277 1583 600
1301 1560 1330 1581 c.
1443 1549 1475 1583 8.
1501 1543 1615 1594 ᾗπερ]

267 1594 366 1638 εἴπερ
387 1595 502 1638 vulgo,
527 1595 760 1629 consentiente
783 1595 900 1628 Suida.
926 1594 1068 1628 Correxi
1091 1603 1134 1628 ex
1159 1595 1264 1627 altero
1289 1594 1372 1626 loco.
1470 1595 1504 1628 9.
1531 1592 1619 1629 ἀλό-

265 1641 341 1683 γῳ]
373 1637 568 1684 παραλόγῳ
601 1643 679 1674 600.
820 1641 874 1675 13.
905 1638 1079 1685 ἐπιβῆναι
1102 1636 1169 1674 οὐκ
1194 1638 1335 1682 ἴσχυσεν
1360 1638 1462 1672 Alem.
1509 1639 1619 1682 Lege-

265 1686 367 1718 batur
387 1681 574 1728 ἀποβῆναι
596 1685 727 1729 ἴσχυσε.
774 1685 828 1718 De
850 1685 938 1718 bello
963 1686 1083 1719 Gotth.
1106 1686 1140 1718 3.
1164 1694 1198 1738 pf
1222 1685 1289 1718 548
1313 1695 1344 1718 a.
1376 1683 1443 1726 γῆς
1464 1680 1530 1727 μὲν
1552 1684 1620 1728 τῆς

265 1728 410 1764 Ἰταλαῖν
431 1729 623 1770 πενταετες
646 1729 793 1775 οὐδαμῆ
815 1729 952 1775 ἐπιβάς.
1057 1728 1109 1763 14.
1133 1741 1226 1769 ,,οτι
1248 1727 1298 1772 μή
1322 1726 1459 1764 ἐνθάδε
1481 1725 1620 1774 ὀχύρω-

268 1786 320 1818 μα
344 1771 414 1818 ἦν]
449 1775 518 1808 Imo
550 1779 648 1809 erant
682 1775 872 1819 praesidia,
903 1775 938 1808 in
961 1785 1048 1819 quae
1073 1773 1258 1807 Belisarius
1281 1773 1438 1818 recipere
1460 1784 1497 1807 se
1520 1778 1619 1818 pote-

267 1822 344 1860 rat3
377 1819 438 1853 sed
471 1820 556 1853 haec
589 1825 622 1853 et
655 1832 742 1864 quae
772 1826 956 1864 sequuntur
986 1819 1084 1852 foede
1107 1831 1127 1852 a
1150 1818 1296 1852 librariis
1327 1823 1489 1861 corrupta
1512 1830 1555 1852 ex
1577 1818 1620 1852 li-

266 1865 328 1898 bro
351 1865 374 1898 3
401 1863 481 1898 belii
503 1865 658 1898 Gotthici
683 1865 817 1898 restitui
839 1870 997 1908 possunt:
1030 1863 1068 1899 ἔκ
1090 1875 1127 1897 τε
1150 1861 1384 1906 ὀχυρώματος
1407 1863 1464 1898 ἀεὶ
1487 1861 1620 1899 ἐπιθα-

266 1910 417 1943 λασσίου
441 1908 541 1948 τινὸς
564 1908 600 1949 ἐς
623 1907 708 1944 ἄλλο
733 1908 790 1944 ἐπὶ
813 1911 876 1952 τῆς
899 1910 1079 1953 παραλίας
1100 1907 1271 1952 ὀχύρωμα
1295 1907 1454 1952 διηνεκὲς
1475 1911 1619 1944 ναυτιλ-

267 1954 458 1996 maenus—‚⁶⁶
481 1956 596 1988 Anum.
720 1957 774 1990 16.
797 1953 936 2000 περιῄει
958 1966 1021 1989 om.
1045 1957 1094 1994 A,
1119 1954 1268 1987 indicata
1291 1954 1421 1988 lacuna.
1534 1954 1617 1988 ibid.

273 2000 458 2042 Τωτίλας]
482 2001 650 2040 τουτίλας
672 2000 751 2033 Vat.
886 2001 967 2034 ibid.
989 1999 1127 2034 λυσσῶν
1151 1993 1196 2043 ἦν
1221 1999 1299 2033 Vat.
1345 1999 1473 2033 Aberat
1494 1993 1554 2044 ἦν.

178 2139 263 2168 tuna
286 2133 388 2167 rebus
412 2132 608 2167 viderentur
622 2158 631 2173 ,
664 2133 706 2167 ad
733 2133 844 2179 exitus
867 2138 977 2168 tamen
1000 2135 1197 2179 plerumque
1219 2133 1336 2167 felices
1358 2131 1504 2167 deducta
1526 2138 1616 2168 sunt.

178 2178 337 2212 Secundo
371 2190 451 2212 vero
482 2179 542 2212 iila
573 2178 704 2212 demum
726 2180 793 2212 fuit
814 2179 954 2213 aiiorum
978 2179 1020 2212 de
1044 2191 1082 2212 eo
1108 2179 1294 2218 sententia,
1325 2179 1451 2222 optime
1483 2179 1617 2222 quidem

180 2223 397 2264 consultare,
431 2229 550 2268 utpote
573 2223 632 2267 qui
654 2224 766 2258 Italici
790 2224 869 2257 belli
894 2223 1146 2257 administrandi
1171 2223 1431 2269 experimentum
1455 2223 1617 2265 haberet3

178 2273 215 2302 at
237 2269 336 2301 rebus
359 2273 397 2301 ut
421 2268 593 2312 plurimum
618 2269 702 2302 male
725 2270 775 2302 sic
799 2268 1046 2309 recidentibus,
1084 2269 1215 2302 minime
1237 2268 1310 2302 sani
1333 2267 1463 2301 consilii
1485 2267 1616 2312 opinio-

180 2323 253 2346 nem
284 2312 407 2353 movit,
439 2313 725 2355 confirmavitque.
776 2314 867 2347 Sane
899 2325 955 2347 res
989 2314 1174 2347 mortalium
1204 2325 1270 2347 non
1302 2315 1442 2347 humana
1471 2313 1614 2355 ratione,

179 2358 240 2391 sed
264 2368 285 2390 a
306 2357 369 2390 deo
393 2357 591 2402 quibusdam
619 2358 724 2392 veluti
747 2358 919 2392 momentis
947 2360 1195 2402 gubernantum
1229 2359 1293 2392 etsi
1316 2358 1484 2392 fortunam
1506 2357 1531 2391 ii
1552 2369 1616 2392 vo-

181 2414 260 2435 care
283 2409 506 2444 consuerunt,
531 2403 590 2447 qui
614 2403 693 2436 licet
716 2414 826 2437 rerum
851 2410 992 2437 eventus
1014 2410 1171 2444 teneant,
1196 2403 1326 2437 minime
1349 2407 1460 2436 tamen
1483 2413 1614 2444 causas,

181 2446 302 2492 quibus
323 2457 379 2480 res
398 2447 496 2491 ipsae
519 2447 568 2481 ita
590 2448 764 2489 feruntur,
798 2449 907 2492 fitque
938 2454 974 2482 ut
998 2449 1087 2493 quod
1110 2460 1228 2482 carere
1250 2447 1382 2482 ratione
1403 2447 1560 2488 videtur,
1593 2459 1614 2481 e

181 2491 326 2535 vestigio
350 2492 507 2526 fortunae
529 2504 647 2526 nomen
671 2499 909 2538 consequatur.
957 2494 1079 2528 Verum
1102 2493 1266 2538 quisque,
1297 2496 1336 2526 ut
1358 2491 1460 2534 libet,
1492 2492 1535 2526 de
1561 2492 1613 2526 his

178 2536 229 2571 ita
249 2535 384 2570 sentiat.
1418 2564 1419 2569 ,

271 2582 305 2616 5.
355 2581 437 2615 Post
467 2582 645 2616 secundam
681 2594 762 2626 ergo
793 2583 981 2617 Belisarius
1003 2583 1037 2617 in
1058 2581 1188 2616 Italiam
1218 2579 1460 2624 expeditionem
1482 2580 1611 2626 turpis-

182 2625 264 2659 sime
286 2625 365 2659 inde
387 2627 576 2667 reducitur,
601 2639 674 2660 cum
698 2639 716 2661 e
739 2627 886 2671 navigiis
908 2628 942 2661 in
965 2633 1088 2662 terram
1111 2625 1336 2667 descendere,
1358 2630 1396 2658 ut
1418 2636 1521 2670 supra
1542 2637 1614 2660 me-

183 2671 331 2712 moravi,
355 2670 611 2715 quinquennium
635 2676 739 2706 totum
764 2673 980 2716 nequiverit,
1013 2683 1121 2716 neque
1144 2670 1177 2703 in
1199 2674 1329 2704 certum
1351 2669 1487 2715 aliquod
1534 2682 1611 2705 rae-

183 2715 304 2749 sidium
327 2727 364 2749 se
388 2717 560 2760 recipere,
587 2717 646 2750 sed
672 2721 833 2762 perpetuo
857 2718 1052 2751 maritimam
1077 2727 1167 2749 oram
1191 2715 1297 2748 classe
1315 2715 1461 2760 legeret.
1538 2721 1612 2750 erte

184 2760 266 2795 licet
297 2761 412 2795 insane
437 2761 571 2797 Totilas
601 2769 761 2807 cuperet,
794 2762 925 2797 minime
947 2767 1057 2797 tamen
1086 2761 1176 2795 illum
1199 2771 1272 2795 cum
1293 2763 1367 2795 toto
1389 2761 1611 2796 Romanorum
