1858 3126
521 139 598 184 DE
629 139 917 184 AEDIFICHS
949 138 1005 183 Π.
1079 139 1154 185 10.
1332 156 1334 158 ·
1463 138 1559 185 241

109 259 306 315 πυρκαϊᾶς
323 258 595 312 περικαθῆραι
615 253 665 297 τὰ
695 256 891 309 λείψανα,
926 253 983 297 ἔτι
1009 252 1142 307 με’ντοι
1165 250 1368 308 δημοσίων
1389 253 1562 310 στοῶνῆ

107 322 352 382 περιπόλων
376 323 509 366 αὗλῶν
528 323 690 378 οὐδαμῆ
709 323 859 374 οὐσῶν,
895 323 989 364 οὐδὲ
1005 322 1155 380 ἀγορᾶς
1174 339 1228 376 πη
1246 323 1562 377 καθισταμένης,

109 393 201 436 οὐδὲ
224 395 303 434 τῶν
325 396 534 434 στενωπῶν
548 392 621 442 τὰς
647 392 788 447 ἀγυιὰς
809 389 1071 447 διαιρούντων
1087 394 1137 447 τῇ
1157 388 1283 442 πόλει,
1310 390 1437 441 οἰκίας
1457 390 1564 441 τινὸς

105 459 335 513 οἶκοὸομίαν
355 459 768 503 ἀπαυθαδιάσασθαι.
837 459 940 501 ἀλλὰ
967 459 1158 514 βασιλεὺς
1183 459 1352 518 οὐδεμιᾷ
1371 457 1559 514 μελλήσει
1579 467 1612 502 D

73 525 163 586 5ὦς
183 526 381 571 ἀπωτάτω
407 533 480 583 τῆς
506 528 658 579 πόλεως
687 528 739 570 τὰ
765 529 1030 584 καθῃρημείἀ
1059 527 1320 583 μετενεγκὼν,
1349 526 1564 584 ἐλεύθερόν

103 613 148 639 τε
172 596 242 639 τὸν
267 595 394 653 ταύτῃ
417 598 518 654 ἀέρα
537 597 607 648 ξὺν
630 603 713 646 τοῖς
733 596 892 652 ἔνερθεν
913 601 994 638 τῶν
1022 595 1287 651 ἐνοχλούντων
1305 594 1564 650 καταστησά-

103 681 241 719 μενος,
275 669 417 721 πρῶτα
441 667 515 719 μὲν
534 666 585 708 τὰ
611 663 742 722 ἐδάφη
769 663 999 718 πανταχόθι
1020 670 1092 718 τῆς
1114 662 1268 714 πόλεως
1293 666 1426 715 λίθοις
1454 663 1563 718 ἆμα-

103 734 244 784 ξιαιόις
264 732 476 787 ἐκάλυψεν.
544 732 676 776 ἔπειτα
698 734 741 775 δὲ
761 739 898 782 στοαῖς
923 749 963 774 τε
987 734 1054 774 καὶ
1076 733 1243 787 ἀγοραῖς
1265 733 1391 788 αὐτὴν
1408 735 1564 790 διακρί-

102 818 189 852 νας,
222 802 290 843 καὶ
309 801 451 844 διελὼν
466 803 540 856 μὲν
558 809 642 852 τοῖς
662 807 877 851 στενωποῖς
896 799 1108 858 ἇμφόδους
1127 798 1300 851 ἁπάσας,
1337 801 1499 854 ὀχετοὺς
1522 801 1566 844 δὲ

50 880 95 916 10
105 871 172 912 καὶ
193 867 342 926 κρήνας
369 872 435 912 καὶ
457 869 659 927 ὗδροχόας
681 868 1056 924 καταστησάμενος,
1094 867 1203 918 ὅσοις
1227 867 1253 923 ἡ
1280 868 1395 919 πόλις
1416 867 1565 924 κεκόμ-

101 950 253 993 ψευται
263 969 276 989 ,
294 938 468 996 ,θέατρά
486 956 527 981 τε
551 939 652 996 αὐτῇ
670 940 737 981 καὶ
756 942 951 992 βαλανεῖα
972 938 1257 992 πεποιημένος,
1294 939 1360 979 καὶ
1379 939 1466 988 ταῖς
1490 938 1565 979 ἄλ-
1589 944 1624 979 Η
1648 947 1694 981 26

102 1010 194 1056 λαις
213 1007 424 1060 δημοσίαις
441 1008 689 1061 οἰκοδομίαις
710 1005 888 1057 ἁπάσαις
907 1005 1129 1062 κοσμήσας,
1165 1004 1310 1063 αἷσπερ
1332 1006 1566 1060 εὐδαιμονία

103 1075 392 1132 διαφαίνεσθαι
415 1075 570 1126 πόλεως
589 1076 708 1118 εἴωθε
717 1109 730 1128 ,
764 1079 951 1129 τεχνιτῶν
971 1077 1014 1117 δὲ
1034 1077 1101 1117 καὶ
1122 1072 1442 1131 ε’πιδημιοόργων
1463 1079 1567 1129 πλῆ-

102 1146 183 1193 θος
207 1143 438 1199 ἐπαγαγών,
470 1143 568 1204 ῥᾷόν
587 1162 629 1187 τε
652 1147 717 1186 καὶ
738 1142 990 1200 ἀπονώτερον
1008 1151 1092 1194 τοῖς
1120 1145 1315 1186 ἐνοικοῦσι
1346 1144 1566 1200 παρέσχετο
1588 1149 1619 1194 Ρ
1641 1150 1686 1186 49

48 1221 94 1258 15
105 1212 325 1264 δείμασθαι
343 1211 417 1262 τὰς
438 1213 570 1255 αὐτῶν
597 1215 703 1262 ῗδίας
726 1214 866 1262 οῗκιάς.
937 1211 1041 1254 οὕτω
1060 1229 1102 1254 τε
1118 1210 1359 1266 Ἀντιόχειαν
1377 1213 1568 1268 ἐπιφανε-

101 1280 247 1335 στέραν
268 1281 466 1334 γεγονέναι
494 1285 616 1322 τανῦν
634 1280 660 1336 ἢ
681 1279 874 1338 πρότερον
899 1274 950 1334 ἦν
976 1281 1213 1334 ξυνηνέχθη.
1285 1279 1390 1321 ἀλλὰ
1416 1282 1482 1321 καὶ
1512 1280 1568 1322 ἱε-

102 1347 174 1404 ρὸν
194 1347 373 1390 ἐνταῦθα
397 1352 447 1405 τῇ
464 1347 645 1406 θεοτόκῳ
669 1351 877 1403 πεποίηται
895 1349 998 1404 μέγα
1014 1362 1023 1373 ·
1052 1343 1100 1390 οὗ
1125 1348 1175 1402 δὴ
1199 1345 1244 1390 τό
1262 1365 1304 1390 τε
1326 1345 1474 1398 κᾶλλος
1499 1350 1567 1391 καὶ

99 1414 146 1457 τὸ
175 1416 216 1465 ἒς
242 1413 400 1458 ἅπαντα
423 1418 722 1473 μεγαλοπρεπὲς
747 1418 928 1458 ἐπελθεῖν
960 1415 1065 1474 λόγῳ
1098 1415 1326 1470 ἀμήχανον·
1363 1415 1385 1457 ὃ
1417 1416 1468 1471 δὴ
1499 1418 1568 1459 καὶ

98 1481 287 1541 προσόδῳ
325 1484 483 1539 ἐτίμησε
519 1483 742 1541 χρημάτων
769 1483 968 1539 μεγάλων.
1037 1483 1094 1527 ἔτι
1129 1485 1266 1538 μέντοι
1294 1486 1362 1526 καὶ
1390 1486 1568 1540 Μιχαὴλ

44 1555 160 1610 mugi
179 1551 410 1610 ἀρχαγγέλῳ
433 1552 531 1596 νεὼν
550 1553 791 1608 παμμεγέθη
813 1554 1011 1607 ἐδείματο.
1080 1551 1304 1609 προύνόησε·
1330 1554 1373 1595 δὲ
1400 1556 1466 1595 καὶ
1487 1558 1568 1595 τῶν

100 1618 392 1677 ἅρρωστήμασι
414 1622 667 1676 πονουμένων
688 1623 868 1664 ἐνταῦθα
888 1625 1078 1676 πτωχῶν,
1109 1622 1215 1663 οἷκία
1232 1638 1273 1663 τε
1297 1622 1411 1678 σφίσι
1430 1624 1497 1664 καὶ
1515 1623 1568 1664 τὰ

100 1688 143 1738 ἐς
158 1688 230 1743 τὴν
250 1689 474 1742 ἐπιμέλειαν
492 1691 558 1731 καὶ
577 1694 658 1732 τῶν
679 1688 918 1744 νοσημάτων
939 1690 1072 1732 ἀπαλλ
1063 1708 1125 1745 a)
1128 1690 1177 1744 ὴν
1195 1690 1236 1732 ἐν
1261 1690 1467 1747 ἐπιτηδείῳ
1492 1707 1569 1732 κα-

192 1775 225 1810 1.
250 1773 515 1819 περικαθῆραι]
537 1772 792 1828 περικαθήρας
814 1774 863 1809 H.
911 1774 1011 1809 Prior
1033 1774 1136 1808 lectio
1154 1778 1207 1808 est
1227 1773 1328 1809 etiam
1352 1774 1479 1808 codicis
1495 1774 1569 1808 Va-

190 1819 314 1860 timui,
336 1820 370 1854 in
389 1830 456 1864 quo
472 1819 515 1852 ad
536 1821 720 1875 marginem
735 1824 898 1854 notantur
921 1820 1034 1873 haec,
1047 1820 1180 1863 πρῶτα
1201 1831 1268 1863 μεν
1290 1817 1361 1863 γὰρ
1375 1818 1568 1874 ἐξηνθρα-

190 1865 358 1921 κωμὲνην
380 1865 444 1899 καὶ
465 1864 743 1922 τετεφρωμένην
763 1862 916 1899 ἅπασαν
932 1863 1105 1909 καθήρας
1126 1863 1324 1908 ἐλεύθερον
1346 1863 1412 1899 τὸν
1428 1864 1569 1908 ταύτης

193 1908 290 1954 ἀέρα
311 1908 610 1955 παρεσκευάσατο
636 1909 760 1945 ἔπειτα
783 1909 830 1945 τὰ
856 1909 977 1955 ἐδάφη
999 1909 1222 1954 πανταχόθι.
1269 1911 1389 1944 ΜΛιτ.
1436 1911 1569 1945 Eadem

190 1955 248 1990 ina
270 1957 400 2000 πρῶτα
423 1977 468 1983 -
491 1967 612 1990 παντα
637 1955 703 1991 όθι
725 1958 828 1991 habet
852 1957 901 1998 C,
924 1957 999 1990 loco
1025 1957 1166 1998 horum,
1186 1953 1472 2000 τετεφρωμένων
1495 1954 1567 2001 γὰρ

191 2001 401 2046 πανταχόσε
423 2013 530 2047 usqne
546 2002 591 2036 ad
629 2000 732 2046 δάφη
756 2000 982 2046 πανταχόθι.

101 2069 198 2116 quias
221 2070 372 2104 abstulit.
417 2070 608 2104 Praeterea
630 2081 703 2104 cum
720 2070 832 2103 nullae
847 2069 977 2115 uspiam
994 2074 1108 2103 essent
1124 2068 1279 2114 publicae
1303 2068 1477 2113 porticus,
1504 2080 1568 2103 nec

101 2116 292 2151 columnata
309 2115 417 2156 atria,
438 2127 502 2148 nec
526 2117 656 2157 sorum,
679 2127 743 2149 nec
769 2115 861 2149 urbis
883 2114 1033 2159 compita.
1057 2115 1092 2148 in
1107 2115 1202 2148 vicos
1218 2118 1333 2158 secta,
1355 2126 1422 2148 non
1439 2118 1514 2149 erat
1530 2120 1569 2149 ut

101 2161 235 2196 domum
251 2161 426 2206 quisquam
441 2161 682 2195 aedificandam
698 2161 896 2215 susciperet
944 2162 991 2194 At
1003 2161 1198 2205 imperator,
1225 2140 1360 2194 abiec’ta
1376 2160 1466 2194 omni
1485 2172 1567 2195 cun-

101 2205 271 2251 ctatione,
293 2207 408 2241 ruinas
423 2207 539 2252 procul
555 2208 639 2241 urbe
656 2206 832 2260 exportari
853 2206 970 2241 iussit·
995 2207 1052 2240 ubi
1071 2207 1176 2240 solum
1192 2205 1323 2250 pariter
1338 2218 1412 2240 cum
1427 2209 1508 2240 aere
1523 2208 1566 2240 ab

100 2234 342 2307 impedimentis
357 2264 500 2287 vacuum
523 2253 609 2297 fuit,
633 2252 773 2306 primum
789 2252 921 2306 quidem
949 2253 1040 2287 saxis
1061 2251 1299 2296 plaustralibus
1323 2252 1439 2286 urbem
1461 2257 1567 2286 totam

102 2298 311 2339 constravit·
344 2298 421 2333 dein
442 2309 526 2332 vero
551 2281 738 2344 poiticibus
761 2310 801 2332 ac
826 2298 907 2332 foris
932 2298 1023 2332 illam
1052 2297 1224 2331 distinxit·
1260 2299 1407 2351 compita
1432 2297 1465 2331 in
1492 2298 1567 2331 vias

103 2343 212 2378 omnia
227 2344 357 2379 secuit·
382 2344 636 2389 aquaeductus,
659 2345 794 2388 fontes,
817 2343 986 2378 emissaria
1010 2344 1113 2386 fecit,
1136 2344 1258 2388 quibus
1276 2344 1426 2377 omnibus
1442 2344 1568 2378 decora

105 2393 159 2423 at
172 2392 208 2424 et
220 2390 370 2434 gloriosa
385 2390 526 2424 civitas:
556 2389 705 2423 eamdem
720 2389 874 2430 theatris,
899 2389 1027 2423 balneis
1045 2389 1184 2434 aliisque
1203 2389 1334 2422 ornavit
1351 2389 1492 2433 publicis
1507 2401 1566 2423 ae-

105 2433 223 2469 diffidis
238 2435 400 2482 cuiusque
414 2435 566 2480 generis,
591 2447 678 2490 quae
693 2435 786 2469 urbis
805 2435 1001 2469 felicitatem
1026 2435 1258 2468 demonstrare
1278 2435 1400 2469 solent.
1448 2435 1567 2469 Accito

105 2478 277 2515 sthormn
301 2485 403 2526 atque
420 2482 575 2526 opificum
598 2481 728 2526 ingenti
747 2492 905 2519 numero.
928 2480 964 2514 id
987 2481 1105 2514 incolis
1130 2480 1265 2521 tribuit,
1291 2486 1328 2514 ut
1351 2492 1446 2515 suam
1470 2492 1517 2524 qu
1521 2481 1567 2514 is-

106 2535 178 2603 3110
196 2525 326 2560 domum
349 2527 482 2561 faciiius
504 2531 607 2572 atque
632 2526 824 2580 expeditius
842 2506 1050 2561 aedificaret.
1094 2526 1186 2560 Hinc
1203 2526 1330 2560 factum
1354 2532 1425 2569 est,
1449 2532 1487 2559 ut
1507 2527 1567 2558 ho-

132 2580 243 2604 nen-nus
256 2571 454 2607 Antiochiae
475 2573 636 2627 splendor
661 2572 839 2618 pristinum
866 2576 1018 2617 superet.
1064 2571 1192 2606 Ibidem
1219 2573 1376 2617 templum
1406 2554 1569 2616 deiparae

107 2614 276 2670 condidit,
295 2629 375 2652 sane
388 2619 550 2673 amplum3
575 2618 670 2652 cuius
685 2618 789 2652 decus
810 2619 1064 2663 absolutamque
1079 2617 1365 2662 magnificentiam
1379 2618 1492 2650 verbis
1507 2627 1567 2649 as-

105 2659 204 2706 sequi
228 2672 376 2707 nequem
399 2664 463 2710 ipsi
490 2664 592 2698 etiam
617 2664 823 2698 luculentum
847 2664 1012 2718 pecuniae
1037 2675 1172 2697 censum
1199 2663 1365 2697 attribuit.
1410 2660 1570 2695 Michaeii

106 2716 243 2759 quoque
259 2707 466 2762 Archangaio
483 2710 600 2744 aedem
621 2710 770 2744 extruxit
791 2709 996 2755 praecipuae
1011 2708 1262 2753 magnitudinis.
1308 2707 1402 2750 Quin
1427 2712 1461 2740 et
1485 2717 1568 2750 pau-

105 2750 245 2796 peribus
260 2753 371 2797 aegris
393 2754 580 2790 consuluit.
604 2755 760 2790 masculis
775 2766 928 2790 seorsum
944 2767 986 2790 ac
1004 2754 1156 2789 foeminis
1173 2754 1348 2795 cubicula,
1372 2751 1568 2796 ministeria,

104 2807 230 2841 resque
247 2808 361 2832 omnes
382 2798 427 2833 ad
448 2801 709 2846 recuperandam
730 2801 960 2836 valetudinem
984 2800 1156 2847 appositas
1181 2811 1261 2834 cons
1265 2798 1366 2832 tituit.
1414 2797 1492 2832 Nec
1509 2797 1570 2832 mi-

160 2843 349 2895 Procopius
380 2848 1292 2886 111.16
