1754 3132
567 123 834 168 HISTORIA
868 122 1083 166 ARCANA
1120 123 1166 169 6.
1538 121 1601 168 45

131 237 358 295 ἐμνήσθην,
395 243 454 297 τῷ
475 239 624 295 βιβλίῳ
645 236 868 292 ἔνθίμενοι,
905 233 1129 292 λαβόμενοί
1144 253 1187 279 τε
1207 240 1283 291 τῆς
1298 235 1500 290 βασιλέως
1519 255 1601 291 χει-

131 309 226 366 ρὸς,
265 311 457 364 περιῆγον
474 308 550 361 μὲν
573 306 643 357 ξῦν
670 311 720 362 τῇ
743 308 911 362 γραφίδι
938 307 979 356 ἒς
1007 310 1090 348 τῶν
1120 303 1326 362 τεττάρων
1345 303 1600 362 γραμμάτων

129 377 200 420 τὸν
218 373 362 428 τύπον,
398 376 440 426 ἒς
459 373 596 424 πάσας
615 392 658 417 τε
679 375 756 425 τὰς
775 379 850 418 τοῦ
868 373 992 425 ξύλου
1019 373 1149 430 αὐτὴν
1170 374 1463 431 περιελίξαντες
1487 375 1602 417 ἔντο-

127 445 212 500 μοὶς
241 443 352 488 οὕτω
382 445 433 500 δὴ
467 441 808 499 ἀπηλλάσσοντο,
847 447 1020 486 τοιαῦτα
1052 443 1255 498 βασιλέως
1282 440 1508 500 γράμματα
1528 443 1603 500 φέ-

95 520 280 570 5ροντες.
353 513 406 556 τὰ
438 514 514 568 μὲν
550 513 656 570 ἀμφὶ
677 517 734 571 τῷ
749 512 958 572 Ἰουστίνῳ
989 510 1121 569 ταύτῃ
1136 510 1350 566 Ῥωμαίοις
1369 510 1458 567 εἶχε.
1529 529 1604 567 γυ-

127 584 234 625 ναικὶ
254 583 300 626 δὲ
322 581 452 637 ὄνομα
475 582 741 638 Λουππικίνῃ
766 578 943 639 ξυνῴκει.
1001 580 1105 636 αὕτη
1128 582 1172 623 δὲ
1193 578 1320 636 δούλη
1344 598 1386 623 τε
1407 582 1474 623 καὶ
1492 578 1602 637 βάρ-

125 655 259 707 βαρος
278 646 382 694 οὖσα
403 654 478 694 τοῦ
498 647 684 706 πρόσθεν
707 649 835 704 αὐτὴν
855 650 1085 704 ἐωνημένον
1106 650 1295 704 παλλακὴ
1316 649 1460 706 γέγονε.
1533 651 1602 692 καὶ

126 719 232 774 αὐτὴ
257 720 332 774 μὲν
361 720 433 771 ξὺν
458 719 664 778 Ἰουστίνῳ
695 720 758 761 ἐπὶ
786 720 880 773 βίου
908 721 1085 773 δυσμαῖς
1115 718 1189 773 τὴν
1219 720 1434 772 βασιλείαν
1471 717 1597 773 ἴσχεν.

122 787 341 839 Ἰουστῖνος
369 789 443 843 μὲν
476 783 547 831 οὖν
585 787 676 830 οὕτε
709 804 747 830 τι
780 787 960 844 πονηρὸν
993 787 1091 836 τούς
1125 785 1335 842 ὑπηκόους
1355 785 1597 843 ἐργάζεσθαι

71 857 217 900 Ιοοῧτε
248 857 412 914 ἀγαθὸν
442 857 591 912 ἴσχυεν.
662 855 830 916 εὐηθείᾳ
860 856 939 913 γὰρ
974 860 1106 913 πολλῇ
1130 856 1280 910 εἴχετο,
1318 855 1527 912 ἄγλωτῖός
1555 874 1595 899 τε
1620 870 1652 903 c

123 924 386 970 παντάπασιν
407 925 463 969 ὢν
486 927 552 968 καὶ
574 924 896 981 ἀγροικιζόμενος
918 924 1113 980 μάλιστα.
1151 925 1399 982 ἀδελφιδοῦς
1421 927 1466 968 δὲ
1485 926 1598 984 αὐτῷ

119 994 406 1046 ’Ῑουστινιανὸς
423 994 512 1044 νέος
532 993 588 1037 ὢν
607 994 665 1036 ἔτι
686 996 868 1053 διῳκεῖτο
890 995 965 1050 τὴν
987 994 1116 1050 ἀρχὴν
1138 992 1357 1048 ξύμπασαν
1376 996 1441 1036 καὶ
1461 995 1596 1050 γε’γονε

81 1101 86 1105 ,
117 1062 332 1119 Ῥωμαίοις
349 1067 573 1121 ξυμφορῶν
594 1063 739 1116 αἴτιος,
768 1065 858 1112 οἵας
882 1081 924 1106 τε
944 1066 1011 1106 καὶ
1031 1062 1134 1113 ὅσας
1153 1064 1193 1113 ἐς
1217 1063 1288 1105 τὸν
1310 1062 1473 1106 ἅπαντα
1495 1066 1598 1107 αἰῶ-

118 1133 331 1183 ’να-οὗδείς
347 1150 428 1176 που
451 1130 650 1190 πρότερον
670 1133 773 1190 ἀκοῇ
791 1132 950 1186 ἔλαβεν.
1019 1131 1060 1182 ἴς
1084 1149 1127 1174 τε
1147 1132 1225 1188 γὰρ
1247 1130 1484 1188 ἀνθρώπων
1505 1132 1597 1175 ἄδι-

66 1206 109 1242 15
121 1219 193 1245 κον
215 1199 344 1259 φόνον
370 1203 436 1244 καὶ
456 1200 682 1259 χρημάτων
714 1199 903 1258 ἁρπαγὴν
925 1201 1153 1257 ἀλλοτρίων
1171 1201 1306 1260 ῥᾷστα
1327 1200 1465 1257 ἐχώρει
1477 1235 1490 1254 ,
1529 1204 1598 1244 καὶ

120 1270 240 1314 οὐδὲν
269 1266 321 1326 ἦν
347 1270 462 1329 αὐτῷ
484 1268 690 1326 μυριάδας
711 1270 867 1320 πολλὰς
886 1267 1122 1327 ἀνθρώπων
1151 1269 1439 1326 ἀφανισθῆναι
1452 1304 1465 1323 ,
1504 1273 1596 1314 καί-

119 1357 195 1396 περ
226 1339 340 1398 αὖτῷ
372 1339 507 1382 αἰτίαν
535 1340 731 1394 οὐδεμίαν
763 1339 1100 1396 παρασχομένων.
1171 1340 1239 1381 καὶ
1267 1336 1493 1395 φυλάσσειν
1520 1341 1595 1394 μὲν

118 1413 202 1452 τῶν
221 1408 544 1462 καθεσταμένων
567 1408 685 1452 οὐδὲν
707 1408 820 1462 ἠξίου
835 1442 847 1461 ,
879 1407 1042 1451 ἅπαντα
1065 1409 1109 1451 δὲ
1127 1411 1327 1462 νεοχμοῦν
1347 1407 1387 1458 ἔς
1410 1408 1470 1451 ἀεὶ
1493 1406 1597 1462 ἤθε-

118 1481 186 1531 λε,
215 1479 281 1520 καὶ
301 1477 349 1520 τὸ
371 1475 535 1532 ξύμπαν
556 1480 701 1530 εἰπεῖν,
739 1479 929 1533 μέγιστος
948 1477 999 1532 δὴ
1022 1471 1144 1526 οὗτος
1165 1477 1422 1533 διαφθορεὺς
1445 1482 1528 1521 τῶν
1552 1473 1597 1521 εὖ

61 1543 409 1591 ωκαθεστῶτων.
478 1546 549 1590 τὸν
570 1547 645 1602 μὲν
664 1542 736 1589 οὖν
755 1547 912 1600 λοιμὸν,
950 1546 1076 1602 ὅσπερ
1095 1563 1167 1600 μοι
1187 1546 1229 1588 ἐν
1248 1552 1334 1594 τοῖς
1354 1545 1590 1602 ἔμπροσθεν
1614 1559 1647 1593 D

115 1613 250 1672 λόγοις
271 1613 433 1672 ἐρρήθη
445 1648 459 1669 ,
497 1617 639 1672 καίπερ
660 1614 946 1670 ἔπισκήψαντα
967 1618 1024 1665 εἷς
1042 1614 1117 1670 τὴν
1135 1619 1208 1671 γῆν
1227 1611 1471 1669 ξύμπασαν,
1511 1616 1595 1659 διέ-

116 1701 249 1742 φυγον
269 1683 487 1741 ἄνθρωποι
513 1684 590 1740 οὐχ
608 1683 762 1740 ἥσσους
784 1684 810 1740 ἢ
829 1683 942 1735 ὅσοις
967 1687 1258 1741 διαφθαρῆναι
1289 1683 1528 1739 τετύχηκεν,
1565 1684 1590 1740 ἢ

210 1807 240 1842 1.
283 1803 501 1851 ἐνθέμενοι]
540 1804 754 1849 ἐπιθέμενοι
785 1804 959 1839 Reiskius.
1101 1807 1134 1841 2.
1172 1806 1247 1839 ταῖν
1279 1802 1489 1850 τεττάρων]
1525 1807 1591 1840 τὸν

205 1849 390 1896 τεττάρων
431 1852 503 1886 ΑΡ.
645 1852 700 1888 14.
745 1849 960 1895 ἀνθρώπων
1004 1852 1108 1886 Alem.
1143 1852 1182 1886 P.
1232 1849 1270 1894 ἐξ
1301 1849 1519 1897 ἀνθρώπων
1549 1855 1590 1886 Α.

208 1900 264 1934 18.
302 1897 612 1943 καθεσταμένων]
637 1897 883 1933 καθεστώτων
907 1898 1036 1933 Suidas
1059 1910 1087 1933 s.
1112 1911 1145 1933 v.
1170 1900 1366 1943 νεοχμοῦν.
1505 1899 1589 1933 ibid.

205 1946 388 2028 νεοχμὲῦν
420 1946 526 1999 ᾼΙοιιι.
552 1946 606 2002 P3ss
640 1946 851 2025 νεοχὲιλοῦν
880 1946 919 1980 Α.
1059 1946 1117 1981 22.
1149 1941 1175 1990 ἢ
1203 1942 1306 1986 ὅσοις
1330 1945 1357 1979 Ρ
1381 1957 1455 1979 cum
1480 1945 1590 1981 Suida

205 2001 235 2025 s.
258 2003 292 2026 v,
333 2002 535 2037 πισκηπτω.
583 2004 606 2036 η
629 2003 694 2026 om.
752 2016 760 2025 .

113 2093 238 2138 butus.
272 2105 341 2140 quo
363 2093 518 2128 scribere
541 2104 614 2128 mos
638 2098 691 2128 est
714 2093 1007 2139 Imperatoribus,
1043 2094 1124 2128 huic
1146 2093 1301 2140 Principi
1327 2093 1530 2128 tradebatur
1552 2094 1589 2128 in

113 2150 265 2183 manum,
310 2152 411 2186 quam
443 2140 502 2176 alii
531 2141 780 2186 prehensantes
811 2140 1005 2182 ducebant,
1042 2141 1392 2186 circumagebantque
1426 2141 1589 2175 calamum

114 2197 178 2232 per
202 2191 352 2232 quatuor
384 2186 460 2220 illas
492 2186 683 2221 litterarum
716 2187 867 2228 formas,
904 2198 1026 2231 nempe
1049 2186 1203 2231 singulas
1233 2188 1382 2222 tabellae
1408 2187 1588 2228 incisuras,

111 2236 217 2278 atque
234 2233 283 2267 ita
300 2232 432 2267 demum
455 2233 500 2267 iis
524 2233 566 2266 ab
590 2233 805 2277 Imperatore
827 2233 952 2267 litteris
977 2233 1162 2278 reportatis
1191 2235 1414 2268 recedebant.
1459 2234 1492 2266 Is
1513 2234 1592 2278 qui-

114 2277 190 2312 dem
221 2278 385 2313 Romanis
419 2284 495 2313 erat
525 2279 686 2314 Iustinus.
734 2279 868 2313 Coniux
900 2291 1007 2321 vero,
1050 2279 1107 2313 cui
1140 2291 1259 2314 nomen
1292 2279 1482 2325 Lupicinae
1510 2280 1590 2321 fuit,

113 2335 218 2358 serva
252 2336 362 2370 euque
390 2326 560 2367 barbara,
595 2325 649 2359 sui
682 2325 794 2370 pellex
829 2326 996 2369 emptoris
1029 2325 1175 2367 lumini,
1213 2335 1250 2360 et
1285 2327 1328 2360 ad
1363 2338 1470 2370 usqne
1495 2325 1590 2360 vitae

115 2369 241 2405 exitum
263 2370 401 2416 Imperii
425 2372 530 2406 socia.
579 2371 704 2416 Neque
727 2371 814 2405 malo
848 2372 1037 2414 subiectis,
1076 2383 1189 2417 neque
1223 2373 1311 2406 bono
1337 2384 1413 2406 esse
1437 2372 1589 2406 lustinus

115 2415 252 2460 quidem
276 2417 412 2463 potuit,
445 2417 590 2462 insignis
611 2418 709 2452 homo
733 2417 953 2459 stoliditatis,
989 2429 1116 2452 summa
1150 2429 1224 2452 curn
1260 2418 1405 2453 infantia
1442 2429 1590 2452 summa-

115 2472 183 2506 que
206 2473 282 2497 cum
304 2463 501 2499 rusticitate
525 2464 738 2499 coniunctae.
785 2466 833 2498 At
859 2463 930 2498 eius
965 2464 1094 2498 sororis
1118 2464 1209 2498 filius
1234 2464 1447 2499 Iustinianus
1472 2470 1590 2498 aetate

115 2507 228 2543 adhue
250 2507 382 2551 iunior,
417 2515 453 2545 et
476 2510 536 2556 qui
560 2522 718 2544 summam
744 2509 987 2544 moderabatur
1011 2510 1170 2555 Imperii,
1203 2510 1234 2545 is
1265 2512 1397 2546 demum
1426 2510 1493 2544 fuit
1517 2511 1590 2544 Ro-

115 2553 223 2588 manis
245 2558 300 2590 tot
330 2559 570 2601 tantorumque
593 2557 754 2591 malorum
780 2563 921 2595 auctor,
955 2562 1040 2601 quot
1063 2563 1100 2590 et
1123 2562 1253 2602 quanta
1275 2557 1393 2592 audita
1417 2568 1483 2589 non
1507 2560 1588 2589 sunt

114 2610 158 2633 ex
181 2601 270 2635 omui
293 2602 503 2647 superiorum
528 2606 678 2637 aetatum
704 2602 875 2637 memoria.
910 2602 1027 2636 Facile
1051 2604 1296 2649 prorumpebat
1319 2603 1353 2637 in
1377 2613 1477 2647 opum
1502 2601 1587 2635 alie·

115 2656 232 2680 narum
256 2648 414 2692 rapinas,
450 2649 487 2683 in
512 2649 658 2690 caedes,
681 2649 732 2683 sic
756 2653 795 2683 ut
819 2660 882 2694 pro
905 2649 1012 2683 nihilo
1037 2650 1182 2684 duceret
1208 2650 1413 2684 innumeram
1439 2647 1586 2692 perdere

113 2691 222 2726 omnis
256 2693 405 2728 cn‘minis
437 2695 603 2729 insontem
639 2695 900 2729 multitudinem.
948 2695 1090 2729 Statuta
1120 2707 1262 2730 servare
1288 2705 1503 2739 nequaquam
1535 2692 1586 2726 illi

113 2737 266 2779 animun
297 2746 418 2774 contra
439 2752 574 2787 semper
598 2742 701 2776 rebus
725 2742 866 2776 studere
889 2741 1011 2782 novis,
1046 2745 1104 2782 et,
1135 2753 1201 2776 uno
1225 2742 1353 2781 verbo,
1387 2741 1472 2773 bene
1497 2751 1580 2772 con-

111 2783 244 2820 stitutis
265 2790 397 2830 pestem
419 2785 608 2833 importare
632 2787 906 2823 funestissimam.
955 2787 1059 2822 Luem
1084 2787 1195 2833 illam,
1219 2799 1319 2833 quam
1344 2785 1578 2831 superioribus
