1800 3126
573 147 646 190 AD
676 143 819 188 HlST.

85 261 258 300 Nomisma
272 258 392 294 Iuliani
414 258 600 303 Apostatae
614 254 696 290 407.

133 306 255 343 lustini
281 311 319 339 et
346 303 520 339 Iustiniani
536 304 618 338 391.
632 302 712 337 393.
729 299 810 336 394.

85 351 341 392 Nomocanonis
356 351 484 396 primus
498 355 618 383 auctor
638 348 719 383 463.

85 397 284 437 Nosocomii
312 395 507 442 Sampsonis
523 393 709 428 incendium
731 390 812 426 355.

87 444 258 483 Novellae
273 455 292 476 a
303 442 488 476 Iustiniano
507 439 719 484 conscriptae
731 436 811 472 429.

135 501 247 526 earum
290 499 447 523 numerus
478 487 561 522 ibid.
594 485 721 520 multae
742 494 810 517 non

134 536 246 572 editae
271 534 352 570 ibid.

91 581 310 618 Oecumenici
341 589 459 614 nomen
480 577 556 622 quis
594 576 721 622 primus
748 571 812 609 sibi

135 627 308 709 ἳῧοῖιὲτίὶῐ
331 627 411 662 370.
433 623 601 659 lustianus
625 621 812 656 confirmat.

93 721 287 799 Oenomau7s
304 716 505 760 Aurigarum
522 713 734 748 Circensium
750 722 811 746 au-

139 771 214 799 ctor
234 766 256 800 3
280 766 314 800 2.
369 790 376 796 ff

91 809 296 850 Ὀκλαδίας
307 807 450 852 θρόνος
468 807 549 842 379.

95 857 223 892 Officia
245 861 326 890 sunt
344 851 554 888 Praetoriani
575 850 698 886 milites
713 848 792 885 455.

97 903 278 949 optiones.
297 901 353 946 qui
371 900 452 935 452.

97 947 264 983 Ordinum
278 946 402 981 Palatii
423 944 595 979 successio
619 943 700 978 456.

96 995 222 1030 Pacem
245 993 327 1026 dare
349 990 513 1026 nonlicet
544 990 579 1024 in
604 990 721 1023 Coena
743 987 818 1022 Do·

144 1039 222 1074 mini
239 1040 319 1074 392.

96 1085 369 1123 Palaestinorum
388 1095 429 1118 ac
444 1083 610 1126 Syrorum
642 1090 714 1115 mos
737 1077 818 1113 415.

144 1131 286 1166 remittit
315 1130 379 1164 illis
418 1130 581 1163 tributum
613 1124 820 1161 lastinianus

99 1223 234 1259 Palatia
253 1220 414 1266 Byzantii
439 1224 523 1266 quot
543 1217 671 1254 fuerint
694 1217 775 1252 460.

102 1270 142 1306 S.
163 1267 379 1303 Pantaleonis
400 1266 577 1309 Ecclesia,
593 1265 710 1298 domus
726 1262 759 1296 T
762 1262 823 1296 he-

150 1315 276 1348 odorae
291 1315 379 1358 Aug.
395 1314 474 1348 381.

102 1361 237 1396 Pascha
267 1371 329 1405 per
375 1357 604 1392 excellentiam
639 1350 747 1397 ἑορτὴ
789 1354 824 1386 et

148 1405 270 1450 ’ἡμέρα
286 1406 364 1440 392.
401 1404 492 1438 illius
525 1409 657 1448 tempus
686 1398 827 1434 invertit

149 1451 349 1486 Iustinianus
363 1448 443 1486 464.

105 1498 256 1533 Passara
273 1495 435 1530 Germani
452 1506 537 1529 uxor
552 1495 632 1529 420.

106 1543 326 1579 Patriarchae
347 1541 465 1575 electis
474 1537 741 1585 imperatoribus
757 1546 828 1570 ma-

153 1601 230 1669 ana
255 1587 440 1668 ἑιιὲῐέιᾶηιιηι
477 1587 556 1622 394.
608 1584 675 1618 illis
721 1583 828 1617 bene-

178 1647 188 1668 ι
234 1646 253 1667 n
365 1658 374 1668 .

108 1679 279 1716 Patricius
302 1678 420 1712 Praef.
452 1676 544 1710 urbis
565 1676 644 1711 383.

109 1725 237 1806 Pagae
267 1722 515 1759 Alexandrinus
537 1722 618 1756 461.
651 1717 830 1764 deponitur

110 1818 194 1853 Pax⁴
217 1828 238 1851 a
271 1816 372 1850 Rom.
416 1824 490 1848 cum
525 1810 640 1847 Persis
678 1807 831 1844 stabilita

114 1907 251 1954 Πηγαὶ,
276 1905 500 1941 suburbanum
523 1902 603 1938 431.

114 1954 230 1991 Persis
246 1951 410 1986 tributum
428 1949 580 1996 pendunt
598 1945 738 1982 Romani
751 1945 831 1980 402.

114 2002 240 2036 Petrus
276 1996 493 2044 Apameam,
538 1995 636 2029 homo
683 1992 835 2038 impurus

115 2092 241 2127 Petrus
250 2090 444 2130 Barsames,
457 2086 573 2120 Praef.
583 2085 697 2118 Praet.
711 2082 791 2118 451.

118 2137 246 2172 Petrus
260 2134 427 2178 Magister
446 2132 551 2166 offic.
567 2131 647 2165 433.

120 2179 245 2227 φαγοῖς
267 2177 388 2225 φαγὸς
410 2183 446 2212 et
470 2175 598 2222 φάγων
619 2174 701 2211 355.

119 2229 256 2264 Phocas
276 2225 456 2267 Patricius,
471 2222 606 2267 gentilis
619 2221 700 2257 408.

120 2274 256 2309 Phocus
270 2271 386 2307 Pmef.
407 2271 524 2304 Praet.
540 2268 620 2303 447.

122 2319 266 2354 Photius
280 2318 367 2351 idem
387 2327 428 2349 ac
445 2314 618 2354 Photinus,
649 2310 840 2346 Antoninae

169 2364 272 2407 filius,
287 2369 324 2401 et
342 2361 495 2397 Belisarii
512 2360 697 2405 privignuS‚
713 2356 841 2390 Consul

170 2409 383 2452 codicillaris,
415 2406 522 2441 tradit
544 2404 733 2440 Antoninae
757 2402 840 2446 Syl-

170 2455 301 2490 verium
324 2455 452 2500 Papam
479 2454 560 2487 351.
584 2451 626 2484 fit
651 2448 840 2484 Monachus

172 2506 208 2536 et
229 2501 263 2535 in
283 2502 478 2546 Aegyptum
494 2497 637 2532 mittitur
660 2496 739 2530 354.

125 2546 181 2582 Pii
197 2547 354 2580 dicuntur
377 2548 484 2591 lmpp.
501 2544 600 2577 etiam
615 2540 707 2586 impii
716 2539 795 2575 359-

128 2592 287 2628 Placidus
300 2592 446 2636 'Martyr
468 2602 511 2624 an
533 2588 735 2623 Theodorae
749 2587 842 2629 Aug.

173 2649 280 2684 nepos
293 2638 371 2672 379.
393 2637 474 2672 420.
491 2635 572 2671 440.

127 2684 252 2764 P⁰X⁰3¹3³
273 2683 346 2718 ΟΡ.
371 2682 548 2717 maledicta
569 2680 604 2715 in
626 2677 843 2714 lastinianum

130 2774 288 2817 Πόρναι,
317 2773 543 2819 spectaculum
559 2773 640 2808 380.

130 2821 355 2867 Porphyreon
367 2820 569 2866 pagus466.

853 139 1126 185 ARCANAM.
1470 132 1568 179 575

853 246 1058 295 porphyrio,
1075 248 1168 280 cetus
1186 245 1267 280 432.

855 297 981 331 Portus
1004 292 1226 328 Iustinianeus
1246 290 1326 325 398.

855 342 1056 377 Praefectus
1067 339 1178 374 Praet.
1194 347 1321 371 summa
1332 334 1477 379 dignitas
1492 333 1571 369 447.

903 387 1100 423 Praefectus
1126 382 1373 418 Praetoriorum
1388 381 1573 414 etPraeto-

901 435 1070 468 rianorum
1103 427 1328 472 distinguendi
1353 426 1437 460 ibid.
1463 426 1573 460 Prae-

901 479 983 514 fecti
1021 478 1138 513 Praet.
1187 473 1315 510 diversi
1356 476 1574 507 numerantur

902 525 984 560 ibid.

857 583 1056 618 Praefectus
1085 578 1159 613 urbi
1192 578 1272 614 445.
1304 575 1476 611 Praefecti
1498 573 1575 608 urbi

902 628 965 662 sub
982 626 1166 660 Iustiniano
1184 625 1298 669 plures
1313 623 1394 659 383.

856 675 1004 709 Praetor
1019 671 1127 718 plebis
1143 671 1222 705 445.

855 717 1068 756 Praetoriani
1110 717 1254 751 milites:
1282 715 1362 749 vide
1399 709 1579 746 Scholarii.

902 767 1033 801 Eorum
1050 763 1175 797 diversi
1192 761 1317 807 gradus
1333 760 1411 796 353.
1428 757 1578 792 Codicil-

902 812 992 846 lares
1013 810 1093 844 ibid.

860 857 995 894 Prasini
1012 861 1047 889 et
1067 853 1221 889 Prusiani
1247 852 1386 895 aurigae
1401 851 1480 886 372.
1497 847 1577 882 dicti

907 902 1070 937 Cereales
1091 900 1172 934 ibid.
1189 909 1303 932 eorum
1322 897 1426 931 vestis
1443 895 1579 940 βατρα-

907 949 964 994 χὶς
978 948 1056 982 ibid.
1075 947 1171 980 rixae
1187 957 1260 978 curn
1276 943 1416 977 Venetis
1431 943 1512 976 412.

863 996 1028 1040 Princeps
1046 992 1232 1026 Custodum
1258 988 1380 1024 Palatii
1396 988 1476 1023 363.

863 1041 998 1076 Priscus
1029 1038 1214 1072 Iustiniano
1249 1037 1292 1071 ab
1319 1033 1473 1081 epistolis
1488 1057 1499 1077 ,
1541 1031 1582 1066 fit

910 1086 1078 1121 Diaconus
1094 1085 1172 1119 433.

866 1133 1007 1168 Procius
1025 1128 1284 1164 Mathematicus
1301 1125 1380 1162 365.

865 1178 1009 1214 Proclus
1027 1177 1197 1218 Quaestor
1209 1173 1290 1207 ibid.
1308 1177 1344 1206 et
1369 1170 1448 1206 446.

866 1224 1052 1268 Procopius
1078 1222 1175 1255 huius
1192 1218 1352 1253 historiae
1376 1222 1514 1258 auctor,
1540 1226 1584 1249 an

914 1268 1130 1304 Christianus
1159 1266 1242 1300 XX.
1288 1263 1453 1298 Politicus
1486 1261 1584 1298 xxi.

914 1315 1116 1351 Causidicus
1127 1339 1136 1353 ,
1150 1310 1305 1346 Belisarii
1322 1319 1484 1352 assessor,
1504 1309 1583 1342 illu-

913 1363 992 1397 stris
1004 1361 1084 1396 347.
1112 1370 1178 1392 non
1201 1356 1348 1391 medicus
1376 1355 1453 1389 415.
1478 1355 1586 1390 Prae-

914 1409 1027 1442 fectus
1044 1404 1120 1439 urbi
1139 1404 1208 1437 CP.
1234 1402 1314 1437 383.
1336 1401 1414 1436 436.
1439 1400 1482 1434 de
1505 1400 1588 1434 reli-

918 1453 1018 1497 gione
1034 1451 1118 1485 male
1150 1448 1254 1483 sentit
1275 1447 1353 1482 422.
1387 1446 1430 1480 de
1469 1445 1588 1492 poenis

916 1497 1176 1534 Haereticorum
1186 1495 1266 1529 423.
1283 1492 1415 1526 molitur
1434 1489 1588 1526 α’νὲκδο·

919 1556 966 1580 τοι
992 1545 1070 1578 409.
1093 1542 1151 1575 illa
1174 1539 1292 1575 scribit
1319 1537 1506 1572 Theodora
1536 1537 1588 1571 vi-

918 1595 1021 1624 vente
1048 1589 1128 1622 432.
1166 1597 1209 1619 an
1251 1585 1366 1618 eadem
1405 1581 1589 1617 absolverit

918 1637 994 1671 434.
1014 1632 1231 1667 Iustinianum
1250 1635 1347 1664 caute
1371 1630 1508 1662 laudare
1534 1640 1591 1662 so-

918 1682 966 1716 let
992 1679 1090 1714 XVI.
1107 1679 1185 1712 375.
1210 1677 1280 1710 eius
1296 1675 1406 1709 studia
1421 1675 1592 1708 literarum

921 1738 982 1761 cur
1010 1725 1184 1769 vituperet
1212 1723 1291 1757 437.
1316 1731 1358 1754 an
1380 1720 1486 1765 ipsius
1515 1720 1592 1754 odio

922 1771 1099 1816 scripserit
1115 1768 1176 1804 XI.
1194 1778 1283 1811 quae
1306 1767 1445 1811 scripsit
1468 1767 1509 1800 de
1532 1766 1592 1799 illo

921 1818 1121 1852 confirmant
1136 1813 1191 1846 alii
1208 1812 1285 1847 434.
1302 1813 1344 1846 de
1361 1813 1471 1856 patria
1493 1810 1595 1844 lusti-

922 1862 1012 1898 niani
1029 1872 1095 1894 non
1108 1859 1280 1902 discrepat
1296 1859 1337 1891 ab
1356 1857 1500 1901 Agathia
1514 1858 1594 1893 361.

922 1907 1041 1944 lustini
1068 1910 1166 1950 gesta
1181 1915 1240 1938 cur
1263 1904 1389 1936 tribuat
1412 1903 1594 1936 Iustiniano

923 1955 1000 1990 369.
1018 1951 1150 1997 quando
1168 1949 1304 1994 scripsit
1318 1949 1418 1982 libros
1435 1949 1478 1982 de
1490 1948 1595 1981 Aedi-

924 2000 1011 2035 ficiis
1043 1997 1120 2032 355.
1154 1996 1319 2040 quodnam
1351 2006 1392 2028 ex
1421 1993 1597 2027 Iustiniani

926 2043 1089 2080 aedificiis
1102 2042 1274 2086 vituperet
1289 2040 1365 2074 442.
1383 2038 1597 2085 antiquitatis

928 2093 1101 2126 Romanae
1123 2087 1276 2120 curiosus
1292 2086 1372 2121 376.

882 2138 1042 2174 Eiusdem
1067 2134 1175 2180 patria
1182 2132 1391 2166 XV111.347.
1405 2131 1526 2169 studia,
1541 2141 1598 2164 res

927 2182 1136 2230 praeclarae,
1153 2178 1333 2222 dignitates
1343 2177 1474 2211 xv111.
1490 2177 1598 2210 libro-

929 2241 1000 2264 rum
1012 2236 1180 2266 numerus,
1195 2223 1290 2265 ordo,
1306 2228 1449 2267 tempus.
1462 2223 1506 2256 ib.
1518 2234 1597 2256 sen-

930 2274 1039 2309 tentia
1071 2271 1114 2305 de
1133 2272 1207 2304 Deo
1233 2273 1266 2303 et
1290 2270 1426 2302 fortuna
1440 2269 1509 2302 XX
1524 2278 1597 2312 seq.

927 2322 1010 2358 357.
1059 2317 1200 2352 libertas
1248 2314 1379 2348 dicendi
1421 2314 1508 2348 XIX
1524 2325 1596 2358 seq.

930 2367 1011 2402 357.
1022 2363 1132 2409 stylus
1147 2366 1182 2395 et
1198 2361 1306 2395 forma
1321 2360 1451 2394 dicendi
1466 2359 1598 2393 XXVI.

930 2408 1113 2446 ἀνέκδοτα
1149 2419 1190 2441 ex
1207 2406 1280 2441 aliis
1312 2406 1382 2440 eius
1418 2405 1511 2439 libris
1538 2415 1599 2438 cur

930 2458 1132 2492 confirmare
1145 2453 1245 2486 liceat
1268 2451 1361 2486 XVI.
1380 2452 1501 2496 quibus
1522 2461 1599 2483 sus-

930 2509 1030 2550 pecta
1055 2502 1096 2536 ll.
1114 2511 1156 2533 an
1179 2499 1331 2543 perfecta
1346 2499 1423 2533 397.
1449 2497 1600 2540 Operum

931 2547 1091 2594 Procopii
1115 2544 1239 2578 diversi
1254 2543 1457 2589 interpretes
1466 2541 1599 2575 xxm.

932 2595 1035 2628 editio
1052 2595 1260 2635 Augustana,
1287 2588 1430 2624 Codices
1443 2586 1599 2623 Vaticani

886 2698 1074 2744 Procopius
1090 2698 1249 2731 Gazaeus
1273 2693 1355 2730 347.

887 2756 1073 2802 Procopius
1088 2754 1174 2788 alius
1198 2752 1361 2798 Sophista
1375 2747 1458 2783 ibid.

887 2813 1047 2850 Proiecta
1074 2809 1251 2848 Iustiniani
1277 2807 1388 2854 neptis
1420 2806 1501 2842 419.
1527 2804 1600 2840 eius
