1858 3126
335 174 359 218 1
368 173 430 218 58
919 172 1181 217 PROCOPII
1230 195 1233 202 ι

332 287 469 337 οὗσιάς
497 284 698 343 ἀφείλετο,
734 282 977 342 κληρονόμος
1009 283 1257 340 γεγενημένος
1297 281 1518 339 αὐτόματος
1558 287 1624 327 καὶ
1663 284 1757 328 οὗδὲ

331 353 550 411 τριώβολόν
568 371 641 395 τινι
657 356 734 394 τῶν
747 355 923 406 νομίμων
940 351 1193 408 κληρονόμων
1213 354 1434 408 προέμενος.
1499 352 1670 409 τοσαύτῃ
1691 356 1756 394 αι’-

332 425 402 464 δοῖ
427 423 465 471 ἴς
491 439 532 463 τε
560 422 653 470 τοὺς
678 418 823 472 νόμους
853 422 919 461 καὶ
937 424 1014 461 τῶν
1039 421 1263 473 ἐπιτηδείων
1278 420 1370 469 τοὺς
1389 423 1576 473 ξυγγενεῖς
1595 418 1615 461 ὃ
1635 425 1756 472 βασι-

332 489 423 539 λεὺς
453 484 566 538 οὗτος
595 489 749 543 ἐχρᾶτο.
818 486 942 536 οὕτως
969 489 1033 528 καὶ
1059 488 1109 528 τὰ
1140 488 1351 542 Εἷρηναιόυ
1379 490 1511 543 πολλῷ
1531 487 1756 542 ἔμπροσθεν

331 555 633 610 τελευτήσαντος
668 554 865 606 δικαίωμα
894 554 983 595 οὐδ’
1015 552 1145 595 ὁτιοῦν
1173 554 1236 594 ἔπ’
1268 553 1400 602 αὐτοῖς
1430 553 1528 606 ἔχων
1562 554 1788 610 ἀφείλετο.5

329 623 480 666 τούτων
506 623 549 664 δὲ
581 622 626 663 τὸ
658 620 839 674 ἐχόμενον
869 619 944 662 ὑπὸ
971 620 1116 677 χρόνον
1140 638 1180 662 τε
1205 621 1275 662 τὸν
1298 620 1418 662 αὐτὸν
1442 621 1598 675 γεγονὸς
1618 621 1688 662 οὐκ
1707 619 1757 662 ἂν

329 689 528 746 σιωπῴην.
588 686 812 736 Ἀνατόλιός
831 705 888 738 τις
907 684 953 742 ἦν
970 689 1009 730 ἐν
1021 689 1316 730 Ἀσκαλωνιτῶν
1340 685 1559 740 λευκώματι
1575 688 1626 729 τὰ
1645 703 1758 744 πρω-

193 767 224 801 A
243 766 308 802 128
330 765 414 800 τεΐα
437 757 547 810 ἔχων.
612 754 753 797 τούτου
773 756 844 807 τὴν
863 758 987 796 παῖδα
1012 756 1184 809 γαμετὴ-ν
1207 762 1373 810 γυναῖκα
1405 758 1484 796 τῶν
1508 770 1568 804 τις
1595 756 1758 796 Καισα-

331 827 429 881 ρέων
448 823 676 876 πεποίηται,
711 823 969 875 Μαμιλιανὸς
993 822 1130 876 ἷίνομα,
1165 824 1289 872 οῖκίας
1317 824 1531 877 ἐπιφανοῦς
1551 821 1663 876 ἄγαν.
1709 815 1758 875 ἦν

193 901 225 934 V
242 900 309 935 337
334 894 375 934 δὲ
396 891 422 946 ἡ
445 891 542 947 κόρη
568 891 785 945 ἐπίκληρος,
809 891 888 931 ἐπεὶ
911 889 1035 944 μόνης
1058 890 1179 943 αὐτῆς
1191 887 1414 938 Ἀνατόλιος
1432 887 1595 944 ἐγεγόνει
1613 886 1756 944 πατήρ.
1771 896 1813 930 10

279 968 310 1002 C
330 959 439 1016 νόμῳ
474 959 516 999 δὲ
543 957 698 999 ἄνωθεν
726 958 999 1012 διωρισμένον,
1035 957 1191 999 ἐπειδὰν
1216 957 1433 1010 βουλευτὴς
1452 960 1529 998 τῶν
1555 972 1659 1006 τινος
1683 954 1761 997 πό-

330 1033 428 1070 λεων
463 1026 532 1068 οὐκ
559 1025 894 1078 ἀπολελειμμένων
920 1025 956 1066 οἳ
980 1026 1131 1066 παίδων
1156 1023 1272 1078 γόνου
1292 1023 1456 1080 ἄρρενος
1475 1025 1515 1073 ἐξ
1537 1021 1761 1079 ἀνθρώπιον

330 1094 592 1152 ἀφανισθείη,
627 1097 704 1134 τῶν
738 1093 1073 1146 ἀπολελειμμένων
1100 1090 1175 1133 ὑπὸ
1205 1091 1347 1133 τούτου
1368 1089 1585 1147 χρημάτων
1614 1091 1659 1131 τὸ
1688 1091 1760 1143 μὲν

329 1159 637 1216 τεταρτημόριον
668 1161 858 1201 δίδοσθαι
883 1165 939 1217 τῷ
970 1164 1040 1212 τῆς
1060 1158 1209 1208 πόλεως
1229 1160 1509 1214 βουλευτηρίῳ,
1543 1156 1698 1198 πάντων
1717 1157 1762 1198 δὲ

330 1234 409 1271 τῶν
429 1228 559 1269 ἄλλων
575 1226 667 1275 τοὺς
685 1226 952 1282 κληρονόμους
973 1232 1041 1268 τοῦ
1060 1223 1375 1279 τετελευτηκότος
1396 1224 1638 1274 ἀπόνασθαι,
1659 1222 1759 1278 γνώ-
1773 1229 1815 1265 15

333 1312 457 1352 ρισμα
480 1294 609 1348 ἤθους
636 1298 706 1334 τοῦ
735 1295 877 1335 οἰκείου
907 1295 1115 1335 κάνταῦθα
1140 1291 1159 1333 ὅ
1184 1291 1440 1347 αὐτοκράτωρ
1463 1290 1764 1345 ἐνδεικνύμενος,

331 1362 453 1415 νόμον
470 1361 631 1415 ἔναγχος
649 1359 830 1415 ἐτύγχανε
849 1360 1034 1415 γράψας,
1062 1360 1227 1412 ἔμπαλιν
1248 1359 1298 1401 τὰ
1323 1363 1393 1400 τοῦ
1414 1357 1646 1414 πράγματος
1664 1360 1765 1399 διοι-

332 1429 535 1482 κούμενον,
569 1427 675 1476 ὅπως
695 1429 760 1482 δὴ,
798 1428 953 1468 ἐπειδὰν
969 1426 1186 1480 βουλευτὴς
1205 1426 1323 1475 ἅπαις
1345 1429 1532 1467 τελευτῶν
1551 1425 1667 1480 γόνου
1687 1425 1763 1482 ἄρ-

335 1514 444 1554 ρενος
463 1501 533 1549 τῆς
550 1495 686 1543 οὐσίας
717 1495 754 1536 οἱ
772 1496 844 1547 μὲν
873 1493 1109 1550 κληρονόμοι
1130 1493 1175 1534 τὸ
1199 1494 1384 1550 τέταρτον
1403 1492 1539 1546 ἔχοιεν,
1572 1492 1699 1534 τᾶλλα
1719 1493 1764 1534 δὲ

282 1570 315 1605 D
336 1563 465 1606 πάντα
482 1562 526 1605 τό
545 1579 586 1604 τε
605 1560 795 1615 δημόσιον
812 1563 877 1603 καὶ
894 1562 938 1603 τὸ
958 1566 1028 1614 τῆς
1045 1561 1195 1609 πόλεως
1213 1561 1395 1613 λεύκωμα
1414 1561 1606 1616 φέροιντο.
1673 1555 1817 1601 καί-20

332 1648 394 1674 τοι
415 1628 661 1672 οὐδεπώποτε
682 1628 871 1682 δημόσιον
900 1629 925 1683 ἢ
946 1629 1133 1682 βασιλεὺς
1157 1627 1234 1683 ἀφ’
1264 1624 1310 1669 οὗ
1332 1627 1535 1682 γεγόνασιν
1555 1626 1765 1682 ἅνθρωποι

327 1697 545 1754 χρημάτων
575 1699 838 1750 βουλευτικῶν
866 1703 1071 1750 μετασχεῖν
1103 1694 1204 1747 ἴσχε.
1272 1694 1413 1736 τούτου
1437 1696 1566 1736 τοίνυν
1587 1695 1764 1747 κειμένου

332 1771 405 1808 τοῦ
430 1763 567 1818 νόμου,
595 1764 806 1820 Ἀνατολίῳ
834 1764 905 1816 μὲν
928 1764 1123 1817 ἐπεγένετο
1155 1760 1180 1815 ἦ
1201 1761 1345 1811 τέλειος
1361 1760 1492 1818 ἡμέρα
1510 1765 1582 1803 τοῦ
1598 1763 1702 1813 βίου,
1736 1759 1763 1814 ἦ

335 1834 379 1875 δὲ
399 1831 540 1874 τούτου
562 1838 654 1880 παΐς
673 1832 741 1872 τὸν
760 1830 901 1872 τούτου
919 1834 1063 1886 κλῆρον
1083 1827 1181 1884 πρός
1205 1846 1246 1870 τε
1272 1829 1317 1871 τὸ
1342 1828 1534 1883 δημόσιον
1550 1828 1675 1870 καὶτὸ
1693 1832 1764 1882 τῆς

334 1899 485 1948 πόλεως
502 1896 783 1954 βουλευτήριον
802 1898 900 1939 κατὰ
918 1898 986 1939 τὸν
1000 1896 1121 1950 νόμον
1140 1897 1331 1949 ἐνείματο,
1352 1898 1418 1938 καὶ
1429 1897 1528 1951 αὐτῇ
1546 1894 1762 1951 γράμματα
1772 1903 1818 1939 25

333 1965 522 2021 βασιλεύς
540 1982 581 2007 τε
601 1965 720 2016 αὐτὸς
744 1967 810 2007 καὶ
823 1966 1116 2007 Ἀσκαλωνιτῶν
1137 1964 1175 2006 οἳ
1201 1969 1271 2007 τοῦ
1295 1962 1548 2018 λευκώματος
1566 1963 1761 2020 ἔγραψαν,

423 2071 456 2107 4.
484 2067 601 2110 οὕτως
617 2070 723 2105 Alem.
768 2064 879 2110 οὗτος
899 2070 970 2105 ΑΡ.

336 2161 464 2194 Caesar
478 2159 611 2201 scribit,
633 2159 790 2202 legitimis
811 2160 1010 2194 haeredibus
1034 2170 1077 2193 ne
1091 2170 1249 2193 concesso
1265 2158 1396 2203 quidem
1410 2158 1572 2200 triobolo;
1597 2169 1638 2193 ea
1653 2159 1717 2193 fuit
1729 2158 1766 2194 in

336 2207 441 2249 leges,
461 2205 493 2238 in
519 2205 723 2238 familiarium
746 2206 947 2250 propinquos
968 2205 1134 2239 modestia.
1181 2204 1238 2238 Sic
1256 2205 1354 2237 etiam
1371 2204 1503 2237 Irenaei
1518 2204 1574 2237 diu
1590 2207 1690 2238 antea
1705 2204 1767 2238 de-

337 2250 458 2284 mortui
474 2250 563 2282 nullo
578 2250 650 2283 iure
664 2250 816 2283 fortunas
835 2250 982 2294 diripuit.
1027 2250 1103 2284 Hoc
1117 2250 1194 2284 item
1210 2261 1270 2294 per
1282 2249 1368 2282 idem
1383 2253 1511 2293 tempus
1526 2249 1655 2291 accidit,
1676 2250 1767 2293 quod

337 2295 466 2330 minime
481 2295 719 2338 praeterierim.
771 2296 942 2328 Anatolius
957 2295 1089 2339 quidam
1104 2296 1289 2329 Ascalonae
1312 2294 1375 2327 fuit
1394 2294 1428 2327 in
1442 2293 1518 2327 albo
1533 2294 1698 2327 senatorio
1713 2295 1768 2327 fa-

336 2341 398 2374 cile
422 2340 585 2385 princeps,
607 2339 702 2372 buius
728 2339 825 2374 filiam
850 2341 1037 2382 haeredem,
1061 2351 1148 2384 quae
1166 2350 1232 2373 una
1243 2340 1290 2372 illi
1305 2340 1428 2380 fuerat,
1449 2338 1659 2372 Mamilianus
1677 2339 1767 2372 Cae-

335 2385 526 2419 sariensium
546 2384 763 2418 nobilissimus
783 2385 844 2418 sibi
859 2396 994 2418 uxorem
1011 2386 1214 2419 adiunxerat.
1261 2385 1437 2418 Caeterum
1451 2384 1560 2428 prisca
1574 2383 1630 2417 lex
1645 2387 1708 2427 est,
1726 2385 1766 2416 ut

336 2429 513 2463 cuiuslibet
534 2429 678 2462 civitatis
704 2435 911 2472 senatorum,
946 2430 1003 2474 qui
1031 2430 1175 2463 maribus
1203 2431 1329 2473 absque
1350 2428 1464 2462 liberis
1485 2428 1569 2461 diem
1594 2427 1764 2469 obiissent,

337 2478 457 2518 quarta
471 2475 629 2507 bonorum
646 2479 741 2518 parte
757 2475 885 2508 senatui
899 2475 1052 2518 addicta,
1072 2475 1266 2508 haeredibus
1292 2478 1426 2506 caetera
1447 2473 1588 2506 fruenda
1609 2483 1766 2517 superes-

336 2524 424 2553 sent.
470 2519 537 2552 Hic
552 2518 649 2551 etiam
665 2519 716 2552 sui
732 2520 897 2563 specimen
914 2520 1005 2552 dedit
1019 2521 1198 2564 imperator
1221 2519 1289 2552 lata
1308 2529 1414 2562 nuper
1429 2518 1527 2562 plane
1539 2518 1585 2550 illi
1597 2517 1765 2552 contraria

336 2565 435 2608 lege:
457 2568 494 2596 ut
516 2563 661 2597 extincto
688 2565 834 2598 maribus
860 2566 984 2608 absque
1006 2565 1117 2598 liberis
1132 2568 1297 2604 senatore,
1319 2567 1470 2606 quartam
1485 2562 1645 2596 haeredes
1659 2563 1765 2595 habe—

337 2614 432 2648 rent,
454 2608 582 2653 reliqua
605 2609 712 2642 ferret
735 2609 898 2642 aerarium
926 2616 1026 2653 atque
1049 2615 1200 2651 seuatus3
1220 2619 1416 2652 quamquam
1440 2613 1518 2652 post
1531 2618 1634 2651 genus
1648 2607 1764 2640 huma-

337 2665 414 2687 num
434 2659 545 2686 natum
566 2653 676 2686 nullae
696 2653 750 2686 vel
771 2654 982 2698 inpublicum
994 2679 1002 2692 ‚
1024 2654 1079 2686 vel
1100 2655 1133 2686 in
1152 2653 1306 2687 Caesaris
1322 2652 1487 2686 aerarium
1502 2652 1616 2686 illatae
1629 2655 1766 2685 senato-

337 2709 410 2732 rum
425 2698 613 2732 facultates.
658 2698 735 2732 Hoc
761 2699 894 2732 decreto
917 2698 1090 2731 Anatolius
1115 2699 1199 2731 diem
1222 2698 1312 2731 vitae
1333 2708 1518 2742 supremum
1534 2697 1624 2741 egit3
1646 2697 1764 2730 haere-

337 2743 475 2776 ditatem
492 2754 533 2776 ex
547 2743 622 2786 lege
647 2744 776 2778 aerario
801 2748 835 2776 et
850 2744 961 2776 curiae
977 2743 1044 2776 filia
1060 2743 1253 2784 destinavit,
1277 2742 1424 2787 acceptis
1440 2743 1483 2776 ab
1507 2742 1703 2787 imperatore
1728 2742 1764 2773 et

336 2787 524 2823 Ascalonae
546 2791 666 2823 senatu
689 2788 830 2831 tabulis,
851 2788 972 2833 quibus
992 2798 1063 2822 eam
1086 2788 1317 2823 controversia
1330 2788 1394 2822 hac
1407 2797 1507 2832 super
1522 2797 1560 2822 re
1573 2786 1764 2827 liberarent,
