1800 3126
543 123 746 207 ’NOTAE
779 120 1091 206 Aramum:
1449 161 1549 210 397

117 213 132 231 4

86 273 310 327 Diptychm
364 271 540 312 Additio
563 275 686 324 facta
708 274 894 324 Tris-agio
918 286 1017 311 num
1045 270 1279 324 respuenda.
1336 274 1448 311 Duae
1477 275 1551 312 sub

86 333 306 370 Iustinian‘o
335 332 553 368 excitatae:
596 332 696 368 'I'ria
725 333 865 382 capita
895 345 923 367 a
952 331 1185 368 Iustiniana
1206 333 1445 382 proposita,
1476 331 1554 368 da..

87 386 298 434 mnantla‘,
327 401 458 426 necne.
520 386 676 425 Christi
703 401 848 437 corpu-s·
876 401 929 424 an
962 389 1212 438 corruptioni
1241 387 1468 427 obnoxium.
1556 422 1558 425 .

182 441 244 481 Ῥ.
272 445 339 491 70,
372 445 410 484 1.
481 443 532 481 Ut
555 444 687 495 paulo
710 451 806 494 post
836 441 995 494 dicam]
1040 441 1243 481 Ubinam?
1282 445 1348 481 vel
1376 446 1419 481 in
1445 443 1557 481 codi-

85 500 196 537 cib'us
224 500 424 538 Vaticanis
462 499 539 538 hoc
570 499 867 538 desideramus:
907 501 972 538 vel
1001 498 1106 538 hanc
1134 499 1345 539 historiam
1375 500 1427 538 ad
1462 514 1557 537 um-

82 557 249 594 bilicum
277 557 495 608 Procopius
529 570 611 595 non
653 554 855 608 perduxit.
913 559 1052 608 Neque
1082 559 1190 594 enim
1217 559 1410 595 memoria
1441 559 1555 594 exci-

84 612 190 650 disse
227 612 486 662 crediderim,
527 612 633 665 quod
663 612 862 650 dicturum
895 626 938 650 se
978 615 1136 665 saepius
1167 617 1370 666 promisit,
1409 616 1556 651 iterum

82 669 186 707 infra
219 683 260 720 p.
292 671 367 712 121
410 677 449 708 et
488 672 699 707 constituta
739 682 827 706 eam
868 669 917 706 ob
956 683 1042 706 rem
1071 669 1307 709 Christianis
1347 671 1554 722 supplicia,

82 739 123 777 p.
153 726 207 767 53
238 732 278 763 et
307 726 401 768 115.
460 726 560 765 Vide
590 739 690 778 quae
721 724 771 762 ad
798 724 898 762 haec
928 727 1086 776 singula
1116 728 1205 765 loca
1235 727 1480 766 disserimus.

194 783 241 819 P.
272 783 341 831 71,
372 782 414 822 8.
476 783 592 833 Quae
614 784 767 834 priscis
797 781 952 833 legibus
973 783 1185 833 prohibita
1214 793 1351 834 essent,
1383 787 1424 821 in
1454 798 1555 821 rem-

74 838 290 890 publicam
321 837 595 890 introducere]
639 841 686 875 In
725 840 898 890 antiquis
923 838 1126 877 mutandis
1162 841 1321 891 legibus
1351 842 1557 878 levitatem

82 896 291 933 Iustiniani
318 896 386 932 alii
414 902 613 943 notarunt,
645 902 683 932 et
710 894 890 932 Andreas
910 896 1088 934 Alciatus
1119 897 1147 933 l.
1167 896 1193 937 4
1225 897 1423 949 dispunct.
1457 911 1489 934 c.
1513 901 1552 939 7.

82 950 198 999 Quod
225 952 359 989 statim
389 951 523 988 subdit
550 953 768 1003 Procopius
799 951 848 988 de
878 954 1183 1002 magistratuum
1212 955 1352 991 formis
1384 955 1553 1004 abroga-

81 1010 146 1046 tis.
203 1009 311 1058 Lege
338 1009 518 1046 novellas
546 1011 614 1049 20.
647 1009 702 1049 24
742 1015 781 1045 et
821 1007 1007 1060 deinceps
1048 1023 1175 1061 usque
1217 1010 1268 1048 ad
1305 1012 1553 1061 trigesimam

79 1065 274 1117 primam,
319 1065 560 1102 Iustiniauus
589 1065 675 1116 ipse
703 1065 870 1113 fatetur3
911 1079 938 1102 a
975 1065 1091 1103 nobis
1118 1068 1298 1104 inventos
1327 1075 1362 1104 et
1392 1069 1436 1104 in
1462 1081 1552 1104 am-

72 1121 248 1174 pliorem
267 1121 452 1170 formam
480 1119 665 1158 redactos
693 1123 978 1172 magistratus.
1044 1124 1210 1161 Novella
1241 1122 1308 1165 29.
1348 1127 1554 1162 Praecon-

78 1178 190 1216 sules
218 1190 310 1228 ergo
339 1184 374 1214 et
393 1185 619 1229 praetores,
663 1185 698 1214 et
727 1177 1019 1229 moderatores,
1051 1187 1175 1230 atque
1204 1188 1379 1218 veterum
1407 1181 1552 1218 huius-

80 1232 192 1272 modi
220 1235 430 1271 nominum
459 1236 651 1271 maiestas
681 1248 708 1271 a
736 1234 852 1271 nobis
882 1234 1104 1274 adinventa
1138 1244 1205 1274 est.
1272 1238 1438 1275 Novella
1473 1241 1549 1277 102

79 1290 269 1342 idemque
298 1293 441 1342 repetit
467 1291 627 1328 novella
653 1293 728 1332 103
760 1298 798 1328 et
829 1290 958 1329 edicto
980 1291 1020 1332 4.
1078 1293 1333 1343 Magistratus
1363 1296 1417 1331 ait
1444 1294 1554 1330 mul-

80 1348 257 1385 tifariam
285 1354 460 1385 mutasse
487 1345 596 1398 παροῖ
614 1345 660 1387 τό
681 1343 805 1387 πάλαι
825 1345 1074 1399 κεκρατηκὸς,
1106 1357 1246 1387 contra
1274 1358 1439 1388 veterem
1465 1364 1558 1388 con·

78 1402 357 1451 suetudinem,
388 1402 497 1455 quod
524 1402 568 1440 id
598 1417 619 1440 e
649 1417 690 1440 re
719 1405 878 1454 publica
909 1418 995 1442 esse
1023 1408 1185 1457 putarit.

192 1461 238 1497 P.
268 1461 346 1508 71,
378 1461 445 1500 11.
510 1460 644 1497 Statis
671 1462 994 1511 magistratuum
1012 1462 1169 1512 sormi-s·
1199 1462 1435 1514 abrogatis]
1475 1464 1556 1500 Eos

78 1517 162 1554 fere
193 1529 332 1554 omnes
365 1517 617 1555 lastinianus
655 1519 834 1565 vocavit,
873 1516 921 1554 de
955 1518 1099 1570 quibus
1137 1522 1181 1556 in
1214 1522 1398 1572 sequenti
1437 1527 1557 1557 nota-

78 1575 186 1611 tione
216 1571 361 1610 dicam.
419 1575 628 1610 Praeterea
662 1575 952 1625 quaesitorem,
993 1582 1031 1611 et
1059 1583 1284 1626 praetorem
1312 1578 1442 1628 plebis
1481 1575 1555 1613 ad-

79 1629 181 1668 didit
210 1628 263 1667 ad
290 1630 545 1680 magistratus
573 1630 768 1678 urbanos3
799 1631 889 1682 lege
919 1632 1067 1669 novell.
1103 1635 1151 1673 13
1185 1639 1222 1670 et
1251 1635 1319 1674 80.

189 1687 236 1724 P.
256 1687 326 1734 71,
358 1689 423 1726 13.
492 1687 543 1724 Ut
571 1689 709 1724 omnia
739 1701 848 1724 nova
878 1695 914 1725 et
944 1687 992 1725 de
1018 1702 1094 1725 suo
1124 1691 1284 1726 nomine
1312 1687 1553 1739 dicerentur]

78 1743 255 1790 Quatuor
283 1742 400 1779 urbes
429 1741 478 1779 de
500 1745 709 1780 Iustiniani
738 1746 901 1781 nomine
931 1752 1092 1782 vocatas
1120 1747 1306 1783 nonnulli
1334 1753 1554 1790 recensent,

78 1799 201 1851 idque
239 1800 365 1835 nimia
401 1797 564 1836 honoris
606 1799 821 1850 cupiditate
857 1814 879 1837 a
918 1804 1152 1852 gravissimo
1193 1804 1373 1854 principe
1404 1804 1555 1839 factum

78 1858 294 1903 mirantur3
335 1854 433 1906 quid
462 1857 496 1893 si
524 1856 643 1906 longe
673 1855 839 1906 plures?
886 1871 930 1894 ac
958 1865 1163 1909 praeterea
1196 1858 1365 1910 oppida,
1398 1859 1554 1906 domos,

78 1913 225 1960 libros,
255 1910 467 1960 scholares,
498 1914 765 1963 magistratus,
794 1914 944 1951 milites
975 1913 1118 1951 eodem
1145 1918 1310 1951 nomine
1341 1917 1550 1966 insignitos

77 1966 386 2006 numerassent‘?
416 1968 641 2006 Duodecim
668 1970 786 2006 urbes
817 1970 864 2006 ab
895 1970 1129 2008 Alexandro
1159 1971 1378 2009 Macedone
1410 1971 1550 2009 condi—

78 2033 139 2063 tas
174 2038 219 2062 ac
249 2024 298 2062 de
327 2025 436 2063 illius
465 2027 628 2063 nomine
661 2024 784 2063 dictas
824 2034 939 2064 autor
971 2025 1149 2065 chronici
1178 2027 1444 2066 Alexandrini
1484 2042 1550 2065 re-

14 2109 18 2115 ·
77 2082 176 2132 fert3
208 2088 247 2120 et
275 2080 383 2120 hunc
408 2095 624 2120 numerum
645 2084 888 2121 Iustiniauus
919 2085 1104 2123 excessit.

675 2187 944 2224 Unnrs.

76 2252 296 2291 IustIniana
328 2251 481 2302 prima,
520 2259 637 2290 antea
665 2251 862 2291 Bederina
891 2253 1102 2291 Iustiniani
1130 2252 1273 2304 patria.
1329 2254 1551 2305 Procopius

133 2309 161 2346 l.
189 2308 217 2349 4
243 2307 365 2346 aedis.
423 2307 571 2359 Agath.
602 2310 631 2346 l.
658 2309 683 2350 5
714 2308 807 2348 hist.

76 2366 295 2460 Iusltjilzgigxa
330 2365 531 2459 sleitaunda,
577 2367 675 2404 olim
703 2368 876 2418 Ulpiana
912 2365 1020 2418 apud
1057 2364 1266 2404 Dardanos
1303 2368 1551 2419 Europaeos.

258 2436 298 2474 p.
328 2435 344 2458 1
416 2449 427 2458 .

1576 727 1605 760 Α
1629 726 1674 762 49

1579 785 1607 819 Ρ
1635 786 1700 820 125

1576 1239 1607 1271 V
1631 1239 1699 1274 358

77 2479 317 2527 Iustiniana,
347 2485 436 2529 post
465 2477 685 2515 debellatos
715 2477 929 2528 Vandalos,
961 2479 1161 2530 appellata
1192 2486 1252 2517 est
1282 2477 1481 2530 Carthago
1512 2480 1553 2515 in
1617 2498 1632 2506 x

134 2534 280 2572 Africa.
337 2535 492 2572 Novell.
525 2536 619 2575 131.

78 2591 365 2684 Iusltinianadilfr
393 2593 598 2642 provincia
626 2593 853 2643 Byzacena,
884 2591 983 2628 olim
1011 2590 1271 2630 Adrumetus.
1329 2592 1547 2641 Procopius

154 2673 165 2682 .
255 2659 300 2683 ae
330 2661 343 2683 1
363 2674 374 2684 .

79 2649 297 2739 Iustin‘iana
323 2705 367 2739 in
395 2705 557 2754 regione
584 2705 739 2752 Lazica,
771 2711 887 2741 antea
910 2706 1098 2742 Petreum
1125 2703 1243 2741 dicta.
1301 2703 1457 2740 Novell.
1478 2702 1547 2742 28.

78 2759 296 2796 Iustiniana
323 2760 366 2795 iu
393 2760 582 2798 Armenia
611 2762 812 2810 interiore,
844 2762 941 2800 olim
964 2762 1146 2810 Bazanis,
1178 2773 1250 2799 seu
1274 2760 1546 2809 Leontopolis.

133 2815 287 2852 Novell.
312 2817 378 2855 31.
