<?xml version="1.0" encoding="UTF-8"?>
<!DOCTYPE html PUBLIC "-//W3C//DTD XHTML 1.0 Transitional//EN"
    "http://www.w3.org/TR/xhtml1/DTD/xhtml1-transitional.dtd">
<html xmlns="http://www.w3.org/1999/xhtml" xml:lang="en" lang="en">
 <head>
  <title>
</title>
<meta http-equiv="Content-Type" content="text/html;charset=utf-8" />
  <meta name='ocr-system' content='tesseract 3.04.00' />
  <meta name='ocr-capabilities' content='ocr_page ocr_carea ocr_par ocr_line ocrx_word'/>
</head>
<body>
  <div class='ocr_page' id='page_1' title='image "./corpusscriptorum45niebuoft_0204.png"; bbox 0 0 1858 3126; ppageno 0'>
   <div class='ocr_carea' id='block_1_1' title="bbox 306 172 1147 221">
    <p class='ocr_par' dir='ltr' id='par_1_1' title="bbox 306 172 1147 221">
     <span class='ocr_line' id='line_1_1' title="bbox 306 172 1147 221; baseline -0.006 -2"><span class='ocrx_word' id='word_1_1' title='bbox 306 174 396 221; x_wconf 87' lang='lat'><em>164</em></span> <span class='ocrx_word' id='word_1_2' title='bbox 881 172 1147 216; x_wconf 87' lang='lat' dir='ltr'>PROCOPII</span> 
     </span>
    </p>
   </div>
   <div class='ocr_carea' id='block_1_2' title="bbox 170 279 1802 1812">
    <p class='ocr_par' dir='ltr' id='par_1_2' title="bbox 250 279 1788 1076">
     <span class='ocr_line' id='line_1_2' title="bbox 250 279 1724 339; baseline -0.005 -9"><span class='ocrx_word' id='word_1_3' title='bbox 250 295 283 330; x_wconf 84' lang='grc' dir='ltr'><em>Ι)</em></span> <span class='ocrx_word' id='word_1_4' title='bbox 307 287 350 329; x_wconf 73' lang='grc' dir='ltr'><em>δὲ</em></span> <span class='ocrx_word' id='word_1_5' title='bbox 371 285 453 329; x_wconf 82' lang='grc' dir='ltr'><em>οἷον</em></span> <span class='ocrx_word' id='word_1_6' title='bbox 474 288 543 328; x_wconf 90' lang='grc' dir='ltr'><em>καί</em></span> <span class='ocrx_word' id='word_1_7' title='bbox 559 303 663 335; x_wconf 88' lang='grc' dir='ltr'><em>τινος</em></span> <span class='ocrx_word' id='word_1_8' title='bbox 683 285 805 327; x_wconf 83' lang='grc' dir='ltr'><em>αὖτοῦ</em></span> <span class='ocrx_word' id='word_1_9' title='bbox 823 289 902 326; x_wconf 80' lang='grc' dir='ltr'><em>τῶν</em></span> <span class='ocrx_word' id='word_1_10' title='bbox 922 279 1088 339; x_wconf 77' lang='grc' dir='ltr'><em>γελοίων</em></span> <span class='ocrx_word' id='word_1_11' title='bbox 1102 284 1403 337; x_wconf 72' lang='grc' dir='ltr'><em>ἐπιμνησθῆναι.</em></span> <span class='ocrx_word' id='word_1_12' title='bbox 1467 285 1544 326; x_wconf 84' lang='grc' dir='ltr'><em>τῶν</em></span> <span class='ocrx_word' id='word_1_13' title='bbox 1561 282 1601 324; x_wconf 74' lang='grc' dir='ltr'><em>ἓν</em></span> <span class='ocrx_word' id='word_1_14' title='bbox 1619 283 1724 324; x_wconf 77' lang='grc' dir='ltr'><em>Και-</em></span> 
     </span>
     <span class='ocr_line' id='line_1_3' title="bbox 304 346 1726 412; baseline -0.005 -15"><span class='ocrx_word' id='word_1_15' title='bbox 304 357 443 412; x_wconf 81' lang='grc' dir='ltr'><em>σαρειά</em></span> <span class='ocrx_word' id='word_1_16' title='bbox 472 352 649 410; x_wconf 77' lang='grc' dir='ltr'><em>ῥητόρων</em></span> <span class='ocrx_word' id='word_1_17' title='bbox 678 349 916 407; x_wconf 75' lang='grc' dir='ltr'><em>Εὐαγγέλιός</em></span> <span class='ocrx_word' id='word_1_18' title='bbox 934 368 994 400; x_wconf 87' lang='grc' dir='ltr'><em>τις</em></span> <span class='ocrx_word' id='word_1_19' title='bbox 1014 346 1062 404; x_wconf 68' lang='grc' dir='ltr'><em>ἦν</em></span> <span class='ocrx_word' id='word_1_20' title='bbox 1087 350 1158 392; x_wconf 78' lang='grc' dir='ltr'><em>οὐκ</em></span> <span class='ocrx_word' id='word_1_21' title='bbox 1180 350 1332 405; x_wconf 77' lang='grc' dir='ltr'><em>ἄσημος</em></span> <span class='ocrx_word' id='word_1_22' title='bbox 1351 350 1477 406; x_wconf 71' lang='grc' dir='ltr'><em>ἄνὴρ,’</em></span> <span class='ocrx_word' id='word_1_23' title='bbox 1498 349 1619 406; x_wconf 84' lang='grc' dir='ltr'><em>ὅσπερ</em></span> <span class='ocrx_word' id='word_1_24' title='bbox 1641 351 1726 391; x_wconf 71' lang='grc' dir='ltr'><em>ἔπι-</em></span> 
     </span>
     <span class='ocr_line' id='line_1_4' title="bbox 305 416 1727 478; baseline -0.006 -15"><span class='ocrx_word' id='word_1_25' title='bbox 305 420 433 478; x_wconf 79' lang='grc' dir='ltr'><em>φόρου</em></span> <span class='ocrx_word' id='word_1_26' title='bbox 451 425 521 462; x_wconf 80' lang='grc' dir='ltr'><em>τοῦ</em></span> <span class='ocrx_word' id='word_1_27' title='bbox 539 424 609 473; x_wconf 77' lang='grc' dir='ltr'><em>τῆς</em></span> <span class='ocrx_word' id='word_1_28' title='bbox 627 417 746 473; x_wconf 71' lang='grc' dir='ltr'><em>τύχης</em></span> <span class='ocrx_word' id='word_1_29' title='bbox 765 417 986 471; x_wconf 75' lang='grc' dir='ltr'><em>πνεύματος</em></span> <span class='ocrx_word' id='word_1_30' title='bbox 1002 417 1205 472; x_wconf 71' lang='grc' dir='ltr'><em>γενομένου</em></span> <span class='ocrx_word' id='word_1_31' title='bbox 1223 416 1439 473; x_wconf 74' lang='grc' dir='ltr'><em>χρημάτων</em></span> <span class='ocrx_word' id='word_1_32' title='bbox 1458 433 1498 459; x_wconf 80' lang='grc' dir='ltr'><em>τε</em></span> <span class='ocrx_word' id='word_1_33' title='bbox 1516 416 1644 458; x_wconf 66' lang='grc' dir='ltr'><em>ἄλλων</em></span> <span class='ocrx_word' id='word_1_34' title='bbox 1661 417 1727 457; x_wconf 85' lang='grc' dir='ltr'><em>καὶ</em></span> 
     </span>
     <span class='ocr_line' id='line_1_5' title="bbox 299 483 1727 544; baseline -0.004 -15"><span class='ocrx_word' id='word_1_35' title='bbox 299 488 438 544; x_wconf 81' lang='grc' dir='ltr'><em>χώρας</em></span> <span class='ocrx_word' id='word_1_36' title='bbox 457 491 604 539; x_wconf 79' lang='grc' dir='ltr'><em>πολλῆς</em></span> <span class='ocrx_word' id='word_1_37' title='bbox 621 485 755 541; x_wconf 79' lang='grc' dir='ltr'><em>κύριος</em></span> <span class='ocrx_word' id='word_1_38' title='bbox 776 486 941 539; x_wconf 74' lang='grc' dir='ltr'><em>γέγονεν.</em></span> <span class='ocrx_word' id='word_1_39' title='bbox 1005 484 1170 539; x_wconf 77' lang='grc' dir='ltr'><em>ὕστερον</em></span> <span class='ocrx_word' id='word_1_40' title='bbox 1195 485 1237 525; x_wconf 77' lang='grc' dir='ltr'><em>δὲ</em></span> <span class='ocrx_word' id='word_1_41' title='bbox 1265 485 1329 525; x_wconf 78' lang='grc' dir='ltr'><em>καὶ</em></span> <span class='ocrx_word' id='word_1_42' title='bbox 1350 483 1487 537; x_wconf 82' lang='grc' dir='ltr'><strong><em>κώμην</em></strong></span> <span class='ocrx_word' id='word_1_43' title='bbox 1505 485 1727 524; x_wconf 70' lang='grc' dir='ltr'><em>ἐπιθαλασ-</em></span> 
     </span>
     <span class='ocr_line' id='line_1_6' title="bbox 305 551 1759 609; baseline -0.006 -12"><span class='ocrx_word' id='word_1_44' title='bbox 305 558 395 598; x_wconf 82' lang='grc' dir='ltr'><em>σίαν</em></span> <span class='ocrx_word' id='word_1_45' title='bbox 431 557 711 609; x_wconf 78' lang='grc' dir='ltr'><em>Πορφυρεῶνα</em></span> <span class='ocrx_word' id='word_1_46' title='bbox 749 551 875 605; x_wconf 72' lang='grc' dir='ltr'><em>ὄνομα</em></span> <span class='ocrx_word' id='word_1_47' title='bbox 913 557 1032 608; x_wconf 80' lang='grc' dir='ltr'><strong><em>τριῶν</em></strong></span> <span class='ocrx_word' id='word_1_48' title='bbox 1066 552 1241 606; x_wconf 79' lang='grc' dir='ltr'><em>χρυσίων</em></span> <span class='ocrx_word' id='word_1_49' title='bbox 1271 552 1527 607; x_wconf 73' lang='grc' dir='ltr'><em>κεντηναρίων</em></span> <span class='ocrx_word' id='word_1_50' title='bbox 1555 551 1759 605; x_wconf 53' lang='lat' dir='ltr'><strong>duplam-5</strong></span> 
     </span>
     <span class='ocr_line' id='line_1_7' title="bbox 304 615 1731 673; baseline -0.006 -9"><span class='ocrx_word' id='word_1_51' title='bbox 304 626 432 664; x_wconf 83' lang='grc' dir='ltr'><em>ταῦτα</em></span> <span class='ocrx_word' id='word_1_52' title='bbox 455 619 886 673; x_wconf 68' lang='grc' dir='ltr'><em>μαθώνἾουστινιανὸς</em></span> <span class='ocrx_word' id='word_1_53' title='bbox 902 619 1087 672; x_wconf 79' lang='grc' dir='ltr'><em>βασιλεὺς</em></span> <span class='ocrx_word' id='word_1_54' title='bbox 1106 619 1284 673; x_wconf 79' lang='grc' dir='ltr'><em>ἀφείλετο</em></span> <span class='ocrx_word' id='word_1_55' title='bbox 1305 617 1413 673; x_wconf 70' lang='grc' dir='ltr'><em>αὐτῷ</em></span> <span class='ocrx_word' id='word_1_56' title='bbox 1433 618 1478 659; x_wconf 87' lang='grc' dir='ltr'><em>τὸ</em></span> <span class='ocrx_word' id='word_1_57' title='bbox 1497 617 1642 672; x_wconf 79' lang='grc' dir='ltr'><em>χωρίον</em></span> <span class='ocrx_word' id='word_1_58' title='bbox 1659 615 1731 656; x_wconf 70' lang='grc' dir='ltr'><em>εὖ·</em></span> 
     </span>
     <span class='ocr_line' id='line_1_8' title="bbox 306 682 1731 741; baseline -0.005 -11"><span class='ocrx_word' id='word_1_59' title='bbox 306 689 387 737; x_wconf 80' lang='grc' dir='ltr'><em>θὺς</em></span> <span class='ocrx_word' id='word_1_60' title='bbox 403 688 535 741; x_wconf 75' lang='grc' dir='ltr'><em>ὀλίγην</em></span> <span class='ocrx_word' id='word_1_61' title='bbox 550 686 636 727; x_wconf 77' lang='grc' dir='ltr'><em>τινὰ</em></span> <span class='ocrx_word' id='word_1_62' title='bbox 659 690 729 727; x_wconf 81' lang='grc' dir='ltr'><em>τοῦ</em></span> <span class='ocrx_word' id='word_1_63' title='bbox 746 685 967 739; x_wconf 75' lang='grc' dir='ltr'><em>τιμήματος</em></span> <span class='ocrx_word' id='word_1_64' title='bbox 990 687 1202 741; x_wconf 72' lang='grc' dir='ltr'><em>προέμενος</em></span> <span class='ocrx_word' id='word_1_65' title='bbox 1221 691 1380 740; x_wconf 80' lang='grc' dir='ltr'><em>μοῖραν,</em></span> <span class='ocrx_word' id='word_1_66' title='bbox 1414 685 1480 725; x_wconf 87' lang='grc' dir='ltr'><em>καὶ</em></span> <span class='ocrx_word' id='word_1_67' title='bbox 1496 687 1611 725; x_wconf 78' lang='grc' dir='ltr'><em>τοῦτο</em></span> <span class='ocrx_word' id='word_1_68' title='bbox 1623 682 1731 724; x_wconf 74' lang='grc' dir='ltr'><em>ἀπο-</em></span> 
     </span>
     <span class='ocr_line' id='line_1_9' title="bbox 307 749 1730 810; baseline -0.004 -15"><span class='ocrx_word' id='word_1_69' title='bbox 307 753 601 810; x_wconf 69' lang='grc' dir='ltr'><em>φθεγξάμενος,</em></span> <span class='ocrx_word' id='word_1_70' title='bbox 633 751 686 801; x_wconf 78' lang='grc' dir='ltr'><em>ὡς</em></span> <span class='ocrx_word' id='word_1_71' title='bbox 704 753 928 810; x_wconf 73' lang='grc' dir='ltr'><em>Εὗαγγελίῳ</em></span> <span class='ocrx_word' id='word_1_72' title='bbox 949 752 1084 808; x_wconf 75' lang='grc' dir='ltr'><em>ῥήτορι</em></span> <span class='ocrx_word' id='word_1_73' title='bbox 1107 751 1188 793; x_wconf 73' lang='grc' dir='ltr'><em>ὄντι</em></span> <span class='ocrx_word' id='word_1_74' title='bbox 1214 752 1259 792; x_wconf 83' lang='grc' dir='ltr'><em>οὗ</em></span> <span class='ocrx_word' id='word_1_75' title='bbox 1285 749 1436 804; x_wconf 83' lang='grc' dir='ltr'><em>μήποτε</em></span> <span class='ocrx_word' id='word_1_76' title='bbox 1462 750 1647 804; x_wconf 73' lang='grc' dir='ltr'><em>εὐπρεπὲς</em></span> <span class='ocrx_word' id='word_1_77' title='bbox 1673 749 1730 802; x_wconf 72' lang='grc' dir='ltr'><em>εἴη</em></span> 
     </span>
     <span class='ocr_line' id='line_1_10' title="bbox 307 815 1734 877; baseline -0.005 -15"><span class='ocrx_word' id='word_1_78' title='bbox 307 820 444 874; x_wconf 77' lang='grc' dir='ltr'><em>κώμης</em></span> <span class='ocrx_word' id='word_1_79' title='bbox 464 819 648 873; x_wconf 77' lang='grc' dir='ltr'><em>τοιαύτης</em></span> <span class='ocrx_word' id='word_1_80' title='bbox 664 822 785 877; x_wconf 79' lang='grc' dir='ltr'><em>κυρίῳ</em></span> <span class='ocrx_word' id='word_1_81' title='bbox 809 818 916 861; x_wconf 75' lang='grc' dir='ltr'><em>εἶναι.</em></span> <span class='ocrx_word' id='word_1_82' title='bbox 984 820 1086 860; x_wconf 78' lang='grc' dir='ltr'><em>ἀλλὰ</em></span> <span class='ocrx_word' id='word_1_83' title='bbox 1103 821 1189 875; x_wconf 86' lang='grc' dir='ltr'><em>περὶ</em></span> <span class='ocrx_word' id='word_1_84' title='bbox 1208 819 1280 871; x_wconf 72' lang='grc' dir='ltr'><em>μὲν</em></span> <span class='ocrx_word' id='word_1_85' title='bbox 1297 815 1446 859; x_wconf 68' lang='grc' dir='ltr'><em>τούτων</em></span> <span class='ocrx_word' id='word_1_86' title='bbox 1461 817 1639 871; x_wconf 78' lang='grc' dir='ltr'><em>ἆμηγὲπῃ</em></span> <span class='ocrx_word' id='word_1_87' title='bbox 1659 815 1734 856; x_wconf 77' lang='grc' dir='ltr'><em>αὖ·</em></span> 
     </span>
     <span class='ocr_line' id='line_1_11' title="bbox 306 883 1788 941; baseline -0.005 -11"><span class='ocrx_word' id='word_1_88' title='bbox 306 892 385 930; x_wconf 84' lang='grc' dir='ltr'><em>τῶν</em></span> <span class='ocrx_word' id='word_1_89' title='bbox 407 888 711 940; x_wconf 66' lang='grc' dir='ltr'><em>ἐπιμνησθέντες</em></span> <span class='ocrx_word' id='word_1_90' title='bbox 732 885 972 940; x_wconf 71' lang='grc' dir='ltr'><em>παυσόμεθα</em></span> <span class='ocrx_word' id='word_1_91' title='bbox 990 887 1123 941; x_wconf 73' lang='grc' dir='ltr'><em>λέγειν.</em></span> <span class='ocrx_word' id='word_1_92' title='bbox 1176 890 1254 927; x_wconf 83' lang='grc' dir='ltr'><em>τῶν</em></span> <span class='ocrx_word' id='word_1_93' title='bbox 1277 886 1319 929; x_wconf 77' lang='grc' dir='ltr'><em>δὲ</em></span> <span class='ocrx_word' id='word_1_94' title='bbox 1339 883 1440 941; x_wconf 83' lang='grc' dir='ltr'><em>πρός</em></span> <span class='ocrx_word' id='word_1_95' title='bbox 1453 884 1732 926; x_wconf 79' lang='grc' dir='ltr'><em>τεἸουστινια-</em></span> <span class='ocrx_word' id='word_1_96' title='bbox 1745 889 1788 922; x_wconf 83' lang='grc'><em>10</em></span> 
     </span>
     <span class='ocr_line' id='line_1_12' title="bbox 306 947 1734 1009; baseline -0.004 -14"><span class='ocrx_word' id='word_1_97' title='bbox 306 959 376 996; x_wconf 78' lang='grc' dir='ltr'><em>νοῦ</em></span> <span class='ocrx_word' id='word_1_98' title='bbox 403 956 468 995; x_wconf 84' lang='grc' dir='ltr'><em>καὶ</em></span> <span class='ocrx_word' id='word_1_99' title='bbox 490 953 703 1009; x_wconf 74' lang='grc' dir='ltr'><em>Θεοδώρας</em></span> <span class='ocrx_word' id='word_1_100' title='bbox 729 955 1032 1007; x_wconf 75' lang='grc' dir='ltr'><em>νεοχμωθέντων</em></span> <span class='ocrx_word' id='word_1_101' title='bbox 1064 955 1129 994; x_wconf 88' lang='grc' dir='ltr'><em>καὶ</em></span> <span class='ocrx_word' id='word_1_102' title='bbox 1158 950 1284 995; x_wconf 77' lang='grc' dir='ltr'><em>ταῦτά</em></span> <span class='ocrx_word' id='word_1_103' title='bbox 1314 951 1409 994; x_wconf 75' lang='grc' dir='ltr'><em>ἔστι.</em></span> <span class='ocrx_word' id='word_1_104' title='bbox 1474 948 1598 991; x_wconf 82' lang='grc' dir='ltr'><em>πάλαι</em></span> <span class='ocrx_word' id='word_1_105' title='bbox 1619 947 1734 1002; x_wconf 74' lang='grc' dir='ltr'><em>μὲνὴ</em></span> 
     </span>
     <span class='ocr_line' id='line_1_13' title="bbox 306 1018 1736 1076; baseline -0.005 -13"><span class='ocrx_word' id='word_1_106' title='bbox 306 1021 523 1076; x_wconf 72' lang='grc' dir='ltr'><em>σύγκλητος</em></span> <span class='ocrx_word' id='word_1_107' title='bbox 550 1021 677 1074; x_wconf 79' lang='grc' dir='ltr'><em>βουλὴ</em></span> <span class='ocrx_word' id='word_1_108' title='bbox 711 1022 821 1076; x_wconf 77' lang='grc' dir='ltr'><em>παρὰ</em></span> <span class='ocrx_word' id='word_1_109' title='bbox 847 1025 1008 1074; x_wconf 83' lang='grc' dir='ltr'><em>βασιλεῖ</em></span> <span class='ocrx_word' id='word_1_110' title='bbox 1031 1022 1147 1062; x_wconf 77' lang='grc' dir='ltr'><em>ἰοῦσα</em></span> <span class='ocrx_word' id='word_1_111' title='bbox 1177 1018 1310 1076; x_wconf 82' lang='grc' dir='ltr'><em>τρόπῳ</em></span> <span class='ocrx_word' id='word_1_112' title='bbox 1343 1019 1481 1076; x_wconf 72' lang='grc' dir='ltr'><em>τοιῷδε</em></span> <span class='ocrx_word' id='word_1_113' title='bbox 1507 1022 1736 1074; x_wconf 75' lang='grc' dir='ltr'><em>προσκυνεῖν</em></span> 
     </span>
    </p>

    <p class='ocr_par' dir='ltr' id='par_1_3' title="bbox 191 1081 1802 1476">
     <span class='ocr_line' id='line_1_14' title="bbox 191 1081 1802 1143; baseline -0.007 -8"><span class='ocrx_word' id='word_1_114' title='bbox 191 1101 221 1135; x_wconf 90' lang='lat' dir='ltr'>P</span> <span class='ocrx_word' id='word_1_115' title='bbox 243 1099 286 1134; x_wconf 91' lang='lat'><em>87</em></span> <span class='ocrx_word' id='word_1_116' title='bbox 309 1087 539 1142; x_wconf 77' lang='grc' dir='ltr'><em>ἠβούλοντο.</em></span> <span class='ocrx_word' id='word_1_117' title='bbox 605 1090 810 1143; x_wconf 82' lang='grc' dir='ltr'><em>πατρίκιος</em></span> <span class='ocrx_word' id='word_1_118' title='bbox 835 1089 906 1140; x_wconf 79' lang='grc' dir='ltr'><em>μέν</em></span> <span class='ocrx_word' id='word_1_119' title='bbox 924 1105 982 1137; x_wconf 89' lang='grc' dir='ltr'><em>τις</em></span> <span class='ocrx_word' id='word_1_120' title='bbox 1010 1088 1108 1143; x_wconf 77' lang='grc' dir='ltr'><em>ἀνὴρ</em></span> <span class='ocrx_word' id='word_1_121' title='bbox 1131 1086 1241 1143; x_wconf 81' lang='grc' dir='ltr'><em>παρὰ</em></span> <span class='ocrx_word' id='word_1_122' title='bbox 1257 1086 1381 1140; x_wconf 80' lang='grc' dir='ltr'><em>μαζὸν</em></span> <span class='ocrx_word' id='word_1_123' title='bbox 1400 1085 1522 1127; x_wconf 57' lang='lat' dir='ltr'><strong>azimi]</strong></span> <span class='ocrx_word' id='word_1_124' title='bbox 1542 1081 1736 1140; x_wconf 76' lang='grc' dir='ltr'><em>προσεκῦ-</em></span> <span class='ocrx_word' id='word_1_125' title='bbox 1799 1111 1802 1114; x_wconf 59' lang='lat'><strong>&gt;</strong></span> 
     </span>
     <span class='ocr_line' id='line_1_15' title="bbox 307 1150 1737 1209; baseline -0.004 -13"><span class='ocrx_word' id='word_1_126' title='bbox 307 1172 363 1197; x_wconf 80' lang='grc' dir='ltr'><em>νει</em></span> <span class='ocrx_word' id='word_1_127' title='bbox 399 1156 467 1196; x_wconf 87' lang='grc' dir='ltr'><em>τὸν</em></span> <span class='ocrx_word' id='word_1_128' title='bbox 494 1152 633 1203; x_wconf 81' lang='grc' dir='ltr'><em>δεξιόν.</em></span> <span class='ocrx_word' id='word_1_129' title='bbox 710 1155 898 1207; x_wconf 82' lang='grc' dir='ltr'><em>βασιλεὺς</em></span> <span class='ocrx_word' id='word_1_130' title='bbox 926 1156 968 1195; x_wconf 77' lang='grc' dir='ltr'><em>δὲ</em></span> <span class='ocrx_word' id='word_1_131' title='bbox 1007 1154 1129 1195; x_wconf 76' lang='grc' dir='ltr'><em>αὐτοῦ</em></span> <span class='ocrx_word' id='word_1_132' title='bbox 1159 1152 1433 1209; x_wconf 77' lang='grc' dir='ltr'><em>καταφιλήσας</em></span> <span class='ocrx_word' id='word_1_133' title='bbox 1462 1152 1534 1206; x_wconf 78' lang='grc' dir='ltr'><em>τὴν</em></span> <span class='ocrx_word' id='word_1_134' title='bbox 1562 1150 1737 1208; x_wconf 80' lang='grc' dir='ltr'><em>κεφαλὴν</em></span> 
     </span>
     <span class='ocr_line' id='line_1_16' title="bbox 308 1218 1790 1277; baseline -0.004 -14"><span class='ocrx_word' id='word_1_135' title='bbox 308 1221 424 1277; x_wconf 74' lang='grc' dir='ltr'><em>ἐξῄει,</em></span> <span class='ocrx_word' id='word_1_136' title='bbox 447 1221 484 1262; x_wconf 82' lang='grc' dir='ltr'><em>οἶ</em></span> <span class='ocrx_word' id='word_1_137' title='bbox 503 1222 546 1261; x_wconf 82' lang='grc' dir='ltr'><em>δὲ</em></span> <span class='ocrx_word' id='word_1_138' title='bbox 562 1221 690 1260; x_wconf 71' lang='grc' dir='ltr'><em>λοιποὶ</em></span> <span class='ocrx_word' id='word_1_139' title='bbox 713 1221 880 1269; x_wconf 80' lang='grc' dir='ltr'><em>ἅπαντες</em></span> <span class='ocrx_word' id='word_1_140' title='bbox 896 1220 989 1275; x_wconf 79' lang='grc' dir='ltr'><em>γόνυ</em></span> <span class='ocrx_word' id='word_1_141' title='bbox 1011 1223 1205 1269; x_wconf 77' lang='grc' dir='ltr'><em>κλίναντες</em></span> <span class='ocrx_word' id='word_1_142' title='bbox 1224 1223 1384 1272; x_wconf 85' lang='grc' dir='ltr'><em>βασιλεῖ</em></span> <span class='ocrx_word' id='word_1_143' title='bbox 1397 1219 1441 1260; x_wconf 83' lang='grc' dir='ltr'><em>τὸ</em></span> <span class='ocrx_word' id='word_1_144' title='bbox 1461 1218 1587 1268; x_wconf 74' lang='grc' dir='ltr'><em>δεξιὸν</em></span> <span class='ocrx_word' id='word_1_145' title='bbox 1608 1218 1736 1270; x_wconf 77' lang='grc' dir='ltr'><em>ἀπηλ-</em></span> <span class='ocrx_word' id='word_1_146' title='bbox 1749 1224 1790 1257; x_wconf 86' lang='grc'><em>15</em></span> 
     </span>
     <span class='ocr_line' id='line_1_17' title="bbox 310 1283 1739 1343; baseline -0.004 -13"><span class='ocrx_word' id='word_1_147' title='bbox 310 1287 515 1330; x_wconf 84' lang='grc' dir='ltr'><em>λάσσοντο.</em></span> <span class='ocrx_word' id='word_1_148' title='bbox 582 1289 771 1339; x_wconf 75' lang='grc' dir='ltr'><em>βασιλίδα</em></span> <span class='ocrx_word' id='word_1_149' title='bbox 797 1289 929 1341; x_wconf 77' lang='grc' dir='ltr'><em>μέντοι</em></span> <span class='ocrx_word' id='word_1_150' title='bbox 954 1294 1185 1343; x_wconf 79' lang='grc' dir='ltr'><em>προσκυνεῖν</em></span> <span class='ocrx_word' id='word_1_151' title='bbox 1211 1287 1369 1340; x_wconf 76' lang='grc' dir='ltr'><em>οὐδαμῆ</em></span> <span class='ocrx_word' id='word_1_152' title='bbox 1397 1285 1562 1327; x_wconf 73' lang='grc' dir='ltr'><em>εἴθιστο.</em></span> <span class='ocrx_word' id='word_1_153' title='bbox 1627 1283 1739 1339; x_wconf 80' lang='grc' dir='ltr'><em>παρὰ</em></span> 
     </span>
     <span class='ocr_line' id='line_1_18' title="bbox 310 1350 1738 1410; baseline -0.004 -14"><span class='ocrx_word' id='word_1_154' title='bbox 310 1356 354 1396; x_wconf 78' lang='grc' dir='ltr'><em>δὲ</em></span> <span class='ocrx_word' id='word_1_155' title='bbox 379 1352 652 1396; x_wconf 85' lang='grc' dir='ltr'><em>Ἰουστινιανόν</em></span> <span class='ocrx_word' id='word_1_156' title='bbox 685 1371 726 1396; x_wconf 79' lang='grc' dir='ltr'><em>τε</em></span> <span class='ocrx_word' id='word_1_157' title='bbox 753 1356 817 1395; x_wconf 87' lang='grc' dir='ltr'><em>καὶ</em></span> <span class='ocrx_word' id='word_1_158' title='bbox 843 1353 1058 1410; x_wconf 80' lang='grc' dir='ltr'><em>Θεοὸὥραν</em></span> <span class='ocrx_word' id='word_1_159' title='bbox 1087 1355 1160 1403; x_wconf 86' lang='grc' dir='ltr'><em>τὰς</em></span> <span class='ocrx_word' id='word_1_160' title='bbox 1190 1351 1368 1401; x_wconf 76' lang='grc' dir='ltr'><em>εἷσόδους</em></span> <span class='ocrx_word' id='word_1_161' title='bbox 1389 1350 1612 1405; x_wconf 77' lang='grc' dir='ltr'><em>ποιούμενοι</em></span> <span class='ocrx_word' id='word_1_162' title='bbox 1639 1352 1680 1392; x_wconf 76' lang='lat' dir='ltr'><em>o‘c&#39;</em></span> <span class='ocrx_word' id='word_1_163' title='bbox 1695 1367 1738 1392; x_wconf 85' lang='grc' dir='ltr'><em>τε</em></span> 
     </span>
     <span class='ocr_line' id='line_1_19' title="bbox 310 1418 1739 1476; baseline -0.004 -13"><span class='ocrx_word' id='word_1_164' title='bbox 310 1422 424 1463; x_wconf 76' lang='grc' dir='ltr'><em>ἄλλοι</em></span> <span class='ocrx_word' id='word_1_165' title='bbox 443 1421 611 1469; x_wconf 82' lang='grc' dir='ltr'><em>ἅπαντες</em></span> <span class='ocrx_word' id='word_1_166' title='bbox 632 1422 698 1461; x_wconf 84' lang='grc' dir='ltr'><em>καὶ</em></span> <span class='ocrx_word' id='word_1_167' title='bbox 717 1419 802 1462; x_wconf 82' lang='grc' dir='ltr'><em>ὅσοι</em></span> <span class='ocrx_word' id='word_1_168' title='bbox 822 1422 867 1462; x_wconf 86' lang='grc' dir='ltr'><em>τὸ</em></span> <span class='ocrx_word' id='word_1_169' title='bbox 891 1422 1104 1476; x_wconf 82' lang='grc' dir='ltr'><em>πατρικίων</em></span> <span class='ocrx_word' id='word_1_170' title='bbox 1121 1421 1276 1473; x_wconf 77' lang='grc' dir='ltr'><em>ἀξίωμα</em></span> <span class='ocrx_word' id='word_1_171' title='bbox 1296 1418 1397 1472; x_wconf 73' lang='grc' dir='ltr'><em>εἶχον</em></span> <span class='ocrx_word' id='word_1_172' title='bbox 1417 1418 1575 1460; x_wconf 63' lang='grc' dir='ltr'><em>ἔπιπτον</em></span> <span class='ocrx_word' id='word_1_173' title='bbox 1590 1418 1661 1471; x_wconf 78' lang='grc' dir='ltr'><em>μὲν</em></span> <span class='ocrx_word' id='word_1_174' title='bbox 1685 1418 1739 1466; x_wconf 73' lang='grc' dir='ltr'><em>εἰς</em></span> 
     </span>
    </p>

    <p class='ocr_par' dir='ltr' id='par_1_4' title="bbox 170 1484 1793 1610">
     <span class='ocr_line' id='line_1_20' title="bbox 170 1484 1739 1544; baseline -0.003 -13"><span class='ocrx_word' id='word_1_175' title='bbox 170 1498 200 1530; x_wconf 84' lang='lat' dir='ltr'>A</span> <span class='ocrx_word' id='word_1_176' title='bbox 224 1496 289 1531; x_wconf 82' lang='lat'><em>134</em></span> <span class='ocrx_word' id='word_1_177' title='bbox 310 1489 355 1530; x_wconf 83' lang='grc' dir='ltr'><em>τὸ</em></span> <span class='ocrx_word' id='word_1_178' title='bbox 374 1488 523 1544; x_wconf 64' lang='grc' dir='ltr'><em>ἔδαφος</em></span> <span class='ocrx_word' id='word_1_179' title='bbox 542 1487 663 1536; x_wconf 72' lang='grc' dir='ltr'><em>εὐθὺς</em></span> <span class='ocrx_word' id='word_1_180' title='bbox 680 1489 740 1529; x_wconf 76' lang='grc' dir='ltr'><em>ἐπὶ</em></span> <span class='ocrx_word' id='word_1_181' title='bbox 760 1486 902 1541; x_wconf 79' lang='grc' dir='ltr'><em>στόμα,</em></span> <span class='ocrx_word' id='word_1_182' title='bbox 916 1492 1060 1543; x_wconf 80' lang='grc' dir='ltr'><em>χειρῶν</em></span> <span class='ocrx_word' id='word_1_183' title='bbox 1077 1488 1120 1528; x_wconf 79' lang='grc' dir='ltr'><em>δὲ</em></span> <span class='ocrx_word' id='word_1_184' title='bbox 1139 1488 1204 1528; x_wconf 88' lang='grc' dir='ltr'><em>καὶ</em></span> <span class='ocrx_word' id='word_1_185' title='bbox 1223 1488 1357 1528; x_wconf 77' lang='grc' dir='ltr'><em>ποδῶν</em></span> <span class='ocrx_word' id='word_1_186' title='bbox 1374 1487 1414 1534; x_wconf 74' lang='grc' dir='ltr'><em>ἐς</em></span> <span class='ocrx_word' id='word_1_187' title='bbox 1433 1484 1532 1540; x_wconf 73' lang='grc' dir='ltr'><em>ἄγαν</em></span> <span class='ocrx_word' id='word_1_188' title='bbox 1551 1500 1739 1527; x_wconf 87' lang='grc' dir='ltr'><em>τετανυσ-</em></span> 
     </span>
     <span class='ocr_line' id='line_1_21' title="bbox 309 1551 1793 1610; baseline -0.003 -14"><span class='ocrx_word' id='word_1_189' title='bbox 309 1556 436 1609; x_wconf 79' lang='grc' dir='ltr'><em>μένων</em></span> <span class='ocrx_word' id='word_1_190' title='bbox 467 1559 522 1610; x_wconf 78' lang='grc' dir='ltr'><em>τῷ</em></span> <span class='ocrx_word' id='word_1_191' title='bbox 547 1555 668 1606; x_wconf 84' lang='grc' dir='ltr'><em>χείλει</em></span> <span class='ocrx_word' id='word_1_192' title='bbox 704 1556 828 1603; x_wconf 78' lang='grc' dir='ltr'><em>ποδὸς</em></span> <span class='ocrx_word' id='word_1_193' title='bbox 858 1553 1043 1610; x_wconf 71' lang='grc' dir='ltr'><em>ἑκατέρου</em></span> <span class='ocrx_word' id='word_1_194' title='bbox 1073 1552 1271 1607; x_wconf 79' lang='grc' dir='ltr'><em>ἁψάμενοι</em></span> <span class='ocrx_word' id='word_1_195' title='bbox 1304 1554 1565 1603; x_wconf 74' lang='grc' dir='ltr'><em>ἐξανίσταντο.</em></span> <span class='ocrx_word' id='word_1_196' title='bbox 1643 1551 1736 1593; x_wconf 73' lang='grc' dir='ltr'><em>οὐδὲ</em></span> <span class='ocrx_word' id='word_1_197' title='bbox 1747 1555 1793 1589; x_wconf 79' lang='grc'><em>20</em></span> 
     </span>
    </p>

    <p class='ocr_par' dir='ltr' id='par_1_5' title="bbox 258 1618 1740 1812">
     <span class='ocr_line' id='line_1_22' title="bbox 258 1618 1738 1678; baseline -0.003 -15"><span class='ocrx_word' id='word_1_198' title='bbox 258 1639 288 1673; x_wconf 83' lang='grc' dir='ltr'>Β</span> <span class='ocrx_word' id='word_1_199' title='bbox 312 1622 387 1678; x_wconf 77' lang='grc' dir='ltr'><em>γὰρ</em></span> <span class='ocrx_word' id='word_1_200' title='bbox 412 1620 437 1675; x_wconf 77' lang='grc' dir='ltr'><em>ἦ</em></span> <span class='ocrx_word' id='word_1_201' title='bbox 455 1619 647 1676; x_wconf 78' lang='grc' dir='ltr'><em>Θεοδώρα</em></span> <span class='ocrx_word' id='word_1_202' title='bbox 663 1622 734 1674; x_wconf 78' lang='grc' dir='ltr'><em>τὴν</em></span> <span class='ocrx_word' id='word_1_203' title='bbox 757 1622 915 1671; x_wconf 82' lang='grc' dir='ltr'><em>ἀξίωσιν</em></span> <span class='ocrx_word' id='word_1_204' title='bbox 934 1620 1114 1662; x_wconf 70' lang='grc' dir='ltr'><em>ἀνεδύετο</em></span> <span class='ocrx_word' id='word_1_205' title='bbox 1133 1619 1292 1673; x_wconf 79' lang='grc' dir='ltr'><em>ταύτην,</em></span> <span class='ocrx_word' id='word_1_206' title='bbox 1310 1618 1335 1673; x_wconf 76' lang='grc' dir='ltr'><em>ἣ</em></span> <span class='ocrx_word' id='word_1_207' title='bbox 1354 1636 1397 1674; x_wconf 83' lang='grc' dir='ltr'><em>γε</em></span> <span class='ocrx_word' id='word_1_208' title='bbox 1413 1622 1479 1660; x_wconf 84' lang='grc' dir='ltr'><em>καὶ</em></span> <span class='ocrx_word' id='word_1_209' title='bbox 1503 1619 1596 1668; x_wconf 81' lang='grc' dir='ltr'><em>τοὺς</em></span> <span class='ocrx_word' id='word_1_210' title='bbox 1617 1620 1738 1674; x_wconf 79' lang='grc' dir='ltr'><em>πρέσ-</em></span> 
     </span>
     <span class='ocr_line' id='line_1_23' title="bbox 309 1685 1738 1744; baseline -0.003 -14"><span class='ocrx_word' id='word_1_211' title='bbox 309 1694 393 1742; x_wconf 80' lang='grc' dir='ltr'><em>βεις</em></span> <span class='ocrx_word' id='word_1_212' title='bbox 414 1691 629 1744; x_wconf 66' lang='grc' dir='ltr'><em>προΐεσθαι</em></span> <span class='ocrx_word' id='word_1_213' title='bbox 645 1690 816 1744; x_wconf 82' lang='grc' dir='ltr'><em>Περσῶν</em></span> <span class='ocrx_word' id='word_1_214' title='bbox 835 1705 875 1730; x_wconf 81' lang='grc' dir='ltr'><em>τε</em></span> <span class='ocrx_word' id='word_1_215' title='bbox 895 1690 960 1730; x_wconf 84' lang='grc' dir='ltr'><em>καὶ</em></span> <span class='ocrx_word' id='word_1_216' title='bbox 981 1693 1058 1730; x_wconf 84' lang='grc' dir='ltr'><em>τῶν</em></span> <span class='ocrx_word' id='word_1_217' title='bbox 1079 1687 1208 1729; x_wconf 76' lang='grc' dir='ltr'><em>ἄλλων</em></span> <span class='ocrx_word' id='word_1_218' title='bbox 1223 1686 1466 1743; x_wconf 79' lang='grc' dir='ltr'><em>βαρβάρων,</em></span> <span class='ocrx_word' id='word_1_219' title='bbox 1497 1685 1680 1742; x_wconf 77' lang='grc' dir='ltr'><em>χρήμασί</em></span> <span class='ocrx_word' id='word_1_220' title='bbox 1697 1702 1738 1726; x_wconf 84' lang='grc' dir='ltr'><em>τε</em></span> 
     </span>
     <span class='ocr_line' id='line_1_24' title="bbox 312 1751 1740 1812; baseline -0.002 -16"><span class='ocrx_word' id='word_1_221' title='bbox 312 1755 458 1804; x_wconf 79' lang='grc' dir='ltr'><em>αὐτοὺς</em></span> <span class='ocrx_word' id='word_1_222' title='bbox 486 1757 728 1810; x_wconf 70' lang='grc' dir='ltr'><em>δωρεῖσθαι,</em></span> <span class='ocrx_word' id='word_1_223' title='bbox 759 1755 889 1812; x_wconf 80' lang='grc' dir='ltr'><em>ὥσπερ</em></span> <span class='ocrx_word' id='word_1_224' title='bbox 916 1754 988 1797; x_wconf 65' lang='grc' dir='ltr'><em>ὕπ’</em></span> <span class='ocrx_word' id='word_1_225' title='bbox 1023 1756 1124 1810; x_wconf 75' lang='grc' dir='ltr'><em>αὐτῇ</em></span> <span class='ocrx_word' id='word_1_226' title='bbox 1152 1755 1327 1808; x_wconf 79' lang='grc' dir='ltr'><em>κειμένης</em></span> <span class='ocrx_word' id='word_1_227' title='bbox 1354 1758 1424 1807; x_wconf 81' lang='grc' dir='ltr'><em>τῆς</em></span> <span class='ocrx_word' id='word_1_228' title='bbox 1440 1751 1643 1807; x_wconf 81' lang='grc' dir='ltr'><em>Ῥωμαίων</em></span> <span class='ocrx_word' id='word_1_229' title='bbox 1665 1752 1740 1807; x_wconf 83' lang='grc' dir='ltr'><em>ἄρ-</em></span> 
     </span>
    </p>
   </div>
   <div class='ocr_carea' id='block_1_3' title="bbox 399 1867 1742 2004">
    <p class='ocr_par' dir='ltr' id='par_1_6' title="bbox 399 1867 1742 2004">
     <span class='ocr_line' id='line_1_25' title="bbox 405 1867 1742 1914; baseline -0.004 -8"><span class='ocrx_word' id='word_1_230' title='bbox 405 1872 437 1906; x_wconf 91' lang='grc'><em>1.</em></span> <span class='ocrx_word' id='word_1_231' title='bbox 461 1868 555 1914; x_wconf 77' lang='grc' dir='ltr'><em>οἷον]</em></span> <span class='ocrx_word' id='word_1_232' title='bbox 578 1871 698 1913; x_wconf 80' lang='grc' dir='ltr'><em>χεῖρον</em></span> <span class='ocrx_word' id='word_1_233' title='bbox 717 1871 833 1906; x_wconf 78' lang='lat' dir='ltr'><strong>Reisk.</strong></span> <span class='ocrx_word' id='word_1_234' title='bbox 965 1871 999 1905; x_wconf 84' lang='lat'><em>5.</em></span> <span class='ocrx_word' id='word_1_235' title='bbox 1023 1870 1275 1914; x_wconf 79' lang='grc' dir='ltr'><em>Πορφυρεῶνα</em></span> <span class='ocrx_word' id='word_1_236' title='bbox 1290 1870 1394 1904; x_wconf 78' lang='lat' dir='ltr'><strong>Alem.</strong></span> <span class='ocrx_word' id='word_1_237' title='bbox 1416 1867 1655 1912; x_wconf 76' lang='grc' dir='ltr'><em>πορφυρίωνα</em></span> <span class='ocrx_word' id='word_1_238' title='bbox 1669 1868 1742 1902; x_wconf 82' lang='grc' dir='ltr'><em>ΑΡ.</em></span> 
     </span>
     <span class='ocr_line' id='line_1_26' title="bbox 401 1912 1741 1959; baseline -0.003 -7"><span class='ocrx_word' id='word_1_239' title='bbox 401 1917 457 1952; x_wconf 87' lang='grc'><em>11.</em></span> <span class='ocrx_word' id='word_1_240' title='bbox 483 1914 780 1958; x_wconf 77' lang='grc' dir='ltr'><em>νεοχμωθέντων]</em></span> <span class='ocrx_word' id='word_1_241' title='bbox 814 1913 1087 1959; x_wconf 76' lang='grc' dir='ltr'><em>νεοχμηθέντων</em></span> <span class='ocrx_word' id='word_1_242' title='bbox 1111 1916 1182 1950; x_wconf 83' lang='lat' dir='ltr'><em>AP.</em></span> <span class='ocrx_word' id='word_1_243' title='bbox 1363 1914 1415 1949; x_wconf 80' lang='lat'><em>14.</em></span> <span class='ocrx_word' id='word_1_244' title='bbox 1447 1912 1486 1948; x_wconf 75' lang='grc' dir='ltr'><em>δὲ</em></span> <span class='ocrx_word' id='word_1_245' title='bbox 1513 1913 1592 1949; x_wconf 87' lang='lat' dir='ltr'><strong>add.</strong></span> <span class='ocrx_word' id='word_1_246' title='bbox 1623 1913 1741 1948; x_wconf 74' lang='lat' dir='ltr'><strong>Reisk.</strong></span> 
     </span>
     <span class='ocr_line' id='line_1_27' title="bbox 399 1954 1559 2004; baseline -0.002 -9"><span class='ocrx_word' id='word_1_247' title='bbox 399 1961 455 1998; x_wconf 76' lang='lat'><em>20.</em></span> <span class='ocrx_word' id='word_1_248' title='bbox 483 1958 731 2004; x_wconf 78' lang='grc' dir='ltr'><em>ἐξανίσταντο]</em></span> <span class='ocrx_word' id='word_1_249' title='bbox 758 1959 940 2003; x_wconf 78' lang='grc' dir='ltr'><em>ἐξίσταντο</em></span> <span class='ocrx_word' id='word_1_250' title='bbox 962 1961 1066 1994; x_wconf 76' lang='lat' dir='ltr'><strong>Alem-</strong></span> <span class='ocrx_word' id='word_1_251' title='bbox 1200 1961 1255 1995; x_wconf 76' lang='lat'><em>21.</em></span> <span class='ocrx_word' id='word_1_252' title='bbox 1279 1956 1306 2003; x_wconf 83' lang='grc' dir='ltr'>ἥ</span> <span class='ocrx_word' id='word_1_253' title='bbox 1327 1961 1380 2004; x_wconf 75' lang='grc' dir='ltr'><em>γε]</em></span> <span class='ocrx_word' id='word_1_254' title='bbox 1404 1954 1469 2004; x_wconf 79' lang='grc' dir='ltr'><em>ἥδε</em></span> <span class='ocrx_word' id='word_1_255' title='bbox 1489 1958 1559 1993; x_wconf 80' lang='grc' dir='ltr'><em>ΑΡ.</em></span> 
     </span>
    </p>
   </div>
   <div class='ocr_carea' id='block_1_4' title="bbox 309 2057 1741 2822">
    <p class='ocr_par' dir='ltr' id='par_1_7' title="bbox 309 2057 1741 2822">
     <span class='ocr_line' id='line_1_28' title="bbox 310 2057 1740 2103; baseline -0.001 -11"><span class='ocrx_word' id='word_1_256' title='bbox 310 2059 410 2092; x_wconf 83' lang='lat' dir='ltr'>Haud</span> <span class='ocrx_word' id='word_1_257' title='bbox 428 2059 521 2103; x_wconf 80' lang='lat' dir='ltr'><strong>piget</strong></span> <span class='ocrx_word' id='word_1_258' title='bbox 537 2071 579 2092; x_wconf 86' lang='lat' dir='ltr'><em>ex</em></span> <span class='ocrx_word' id='word_1_259' title='bbox 595 2060 664 2091; x_wconf 88' lang='lat' dir='ltr'><strong>eius</strong></span> <span class='ocrx_word' id='word_1_260' title='bbox 679 2059 822 2092; x_wconf 78' lang='lat' dir='ltr'><strong>ridiculis</strong></span> <span class='ocrx_word' id='word_1_261' title='bbox 838 2060 936 2093; x_wconf 85' lang='lat' dir='ltr'><strong>etiam</strong></span> <span class='ocrx_word' id='word_1_262' title='bbox 952 2060 993 2093; x_wconf 77' lang='lat' dir='ltr'><em>aii</em></span> <span class='ocrx_word' id='word_1_263' title='bbox 1019 2059 1075 2092; x_wconf 93' lang='lat' dir='ltr'><em>uid</em></span> <span class='ocrx_word' id='word_1_264' title='bbox 1094 2061 1232 2094; x_wconf 87' lang='lat' dir='ltr'><strong>referre.</strong></span> <span class='ocrx_word' id='word_1_265' title='bbox 1277 2058 1537 2093; x_wconf 73' lang='lat' dir='ltr'>caesariensium</span> <span class='ocrx_word' id='word_1_266' title='bbox 1556 2057 1740 2092; x_wconf 85' lang='lat' dir='ltr'><strong>causidico-</strong></span> 
     </span>
     <span class='ocr_line' id='line_1_29' title="bbox 309 2104 1739 2149; baseline -0.002 -12"><span class='ocrx_word' id='word_1_267' title='bbox 309 2115 382 2137; x_wconf 85' lang='lat' dir='ltr'><em>rum</em></span> <span class='ocrx_word' id='word_1_268' title='bbox 399 2114 483 2136; x_wconf 89' lang='lat' dir='ltr'><strong>uuus</strong></span> <span class='ocrx_word' id='word_1_269' title='bbox 498 2104 561 2136; x_wconf 81' lang='lat' dir='ltr'><strong>suit</strong></span> <span class='ocrx_word' id='word_1_270' title='bbox 578 2104 767 2147; x_wconf 78' lang='lat' dir='ltr'><strong>Evungelus</strong></span> <span class='ocrx_word' id='word_1_271' title='bbox 785 2105 834 2136; x_wconf 88' lang='lat' dir='ltr'><em>vir</em></span> <span class='ocrx_word' id='word_1_272' title='bbox 849 2116 910 2137; x_wconf 90' lang='lat' dir='ltr'><em>non</em></span> <span class='ocrx_word' id='word_1_273' title='bbox 926 2105 1004 2147; x_wconf 80' lang='lat' dir='ltr'><strong>igno</strong></span> <span class='ocrx_word' id='word_1_274' title='bbox 1030 2105 1103 2146; x_wconf 82' lang='lat' dir='ltr'><strong>ilis,</strong></span> <span class='ocrx_word' id='word_1_275' title='bbox 1127 2105 1183 2148; x_wconf 88' lang='lat' dir='ltr'><em>qui</em></span> <span class='ocrx_word' id='word_1_276' title='bbox 1209 2115 1369 2149; x_wconf 82' lang='lat' dir='ltr'><strong>prospera</strong></span> <span class='ocrx_word' id='word_1_277' title='bbox 1385 2114 1463 2136; x_wconf 89' lang='lat' dir='ltr'><strong>usus</strong></span> <span class='ocrx_word' id='word_1_278' title='bbox 1478 2105 1632 2136; x_wconf 77' lang='lat' dir='ltr'>fortunae</span> <span class='ocrx_word' id='word_1_279' title='bbox 1646 2113 1739 2144; x_wconf 81' lang='lat' dir='ltr'><strong>aura,</strong></span> 
     </span>
     <span class='ocr_line' id='line_1_30' title="bbox 310 2147 1741 2193; baseline -0.001 -11"><span class='ocrx_word' id='word_1_280' title='bbox 310 2154 346 2182; x_wconf 88' lang='lat' dir='ltr'><em>et</em></span> <span class='ocrx_word' id='word_1_281' title='bbox 370 2147 527 2193; x_wconf 81' lang='lat' dir='ltr'>pecunias</span> <span class='ocrx_word' id='word_1_282' title='bbox 549 2154 583 2181; x_wconf 89' lang='lat' dir='ltr'><em>et</em></span> <span class='ocrx_word' id='word_1_283' title='bbox 603 2148 736 2192; x_wconf 87' lang='lat' dir='ltr'><strong>praedia</strong></span> <span class='ocrx_word' id='word_1_284' title='bbox 751 2149 919 2192; x_wconf 84' lang='lat' dir='ltr'><strong>complura</strong></span> <span class='ocrx_word' id='word_1_285' title='bbox 934 2149 1100 2193; x_wconf 77' lang='lat' dir='ltr'><strong>possedit3</strong></span> <span class='ocrx_word' id='word_1_286' title='bbox 1124 2150 1255 2183; x_wconf 79' lang='lat' dir='ltr'><strong>tandem</strong></span> <span class='ocrx_word' id='word_1_287' title='bbox 1276 2155 1309 2182; x_wconf 89' lang='lat' dir='ltr'><em>et</em></span> <span class='ocrx_word' id='word_1_288' title='bbox 1326 2149 1598 2193; x_wconf 79' lang='lat' dir='ltr'><strong>Porphyreonem</strong></span> <span class='ocrx_word' id='word_1_289' title='bbox 1614 2147 1741 2181; x_wconf 75' lang='lat' dir='ltr'><strong>mariti-</strong></span> 
     </span>
     <span class='ocr_line' id='line_1_31' title="bbox 310 2191 1739 2237; baseline -0.003 -9"><span class='ocrx_word' id='word_1_290' title='bbox 310 2203 395 2228; x_wconf 88' lang='lat' dir='ltr'><em>mum</em></span> <span class='ocrx_word' id='word_1_291' title='bbox 422 2203 542 2236; x_wconf 83' lang='lat' dir='ltr'><strong>pagum</strong></span> <span class='ocrx_word' id='word_1_292' title='bbox 566 2193 675 2237; x_wconf 86' lang='lat' dir='ltr'><strong>pondo</strong></span> <span class='ocrx_word' id='word_1_293' title='bbox 700 2193 772 2226; x_wconf 87' lang='lat' dir='ltr'><strong>auri</strong></span> <span class='ocrx_word' id='word_1_294' title='bbox 797 2198 979 2227; x_wconf 78' lang='lat' dir='ltr'>tercentum</span> <span class='ocrx_word' id='word_1_295' title='bbox 997 2194 1124 2227; x_wconf 87' lang='lat' dir='ltr'><strong>coemit.</strong></span> <span class='ocrx_word' id='word_1_296' title='bbox 1171 2195 1207 2227; x_wconf 86' lang='lat' dir='ltr'><strong>Id</strong></span> <span class='ocrx_word' id='word_1_297' title='bbox 1228 2194 1284 2226; x_wconf 88' lang='lat' dir='ltr'><em>ubi</em></span> <span class='ocrx_word' id='word_1_298' title='bbox 1299 2194 1497 2226; x_wconf 79' lang='lat' dir='ltr'><strong>iustinianus</strong></span> <span class='ocrx_word' id='word_1_299' title='bbox 1513 2192 1659 2233; x_wconf 77' lang='lat' dir='ltr'>rescivit,</span> <span class='ocrx_word' id='word_1_300' title='bbox 1677 2191 1739 2225; x_wconf 86' lang='lat' dir='ltr'><em>mi-</em></span> 
     </span>
     <span class='ocr_line' id='line_1_32' title="bbox 310 2237 1739 2283; baseline -0.002 -11"><span class='ocrx_word' id='word_1_301' title='bbox 310 2238 398 2272; x_wconf 87' lang='lat' dir='ltr'><strong>nima</strong></span> <span class='ocrx_word' id='word_1_302' title='bbox 412 2237 513 2281; x_wconf 84' lang='lat' dir='ltr'><strong>pretii</strong></span> <span class='ocrx_word' id='word_1_303' title='bbox 527 2242 624 2282; x_wconf 83' lang='lat' dir='ltr'><strong>parte</strong></span> <span class='ocrx_word' id='word_1_304' title='bbox 639 2242 810 2271; x_wconf 86' lang='lat' dir='ltr'><strong>numerata</strong></span> <span class='ocrx_word' id='word_1_305' title='bbox 825 2249 913 2283; x_wconf 80' lang='lat' dir='ltr'><strong>pago</strong></span> <span class='ocrx_word' id='word_1_306' title='bbox 926 2239 1017 2272; x_wconf 83' lang='lat' dir='ltr'><strong>illum</strong></span> <span class='ocrx_word' id='word_1_307' title='bbox 1034 2239 1181 2272; x_wconf 78' lang='lat' dir='ltr'>excludit</span> <span class='ocrx_word' id='word_1_308' title='bbox 1191 2265 1198 2274; x_wconf 83' lang='grc'>,</span> <span class='ocrx_word' id='word_1_309' title='bbox 1223 2250 1262 2272; x_wconf 85' lang='lat' dir='ltr'><em>ac</em></span> <span class='ocrx_word' id='word_1_310' title='bbox 1274 2265 1283 2280; x_wconf 93' lang='lat'><strong>‚</strong></span> <span class='ocrx_word' id='word_1_311' title='bbox 1302 2239 1454 2278; x_wconf 80' lang='lat' dir='ltr'><strong>dedecet,</strong></span> <span class='ocrx_word' id='word_1_312' title='bbox 1479 2237 1598 2282; x_wconf 83' lang='lat' dir='ltr'><strong>inquit,</strong></span> <span class='ocrx_word' id='word_1_313' title='bbox 1622 2237 1739 2270; x_wconf 80' lang='lat' dir='ltr'><strong>Evan-</strong></span> 
     </span>
     <span class='ocr_line' id='line_1_33' title="bbox 312 2281 1740 2328; baseline -0.001 -13"><span class='ocrx_word' id='word_1_314' title='bbox 312 2282 423 2327; x_wconf 84' lang='lat' dir='ltr'><strong>gelum</strong></span> <span class='ocrx_word' id='word_1_315' title='bbox 438 2282 639 2315; x_wconf 78' lang='lat' dir='ltr'><strong>causidicum</strong></span> <span class='ocrx_word' id='word_1_316' title='bbox 653 2283 727 2315; x_wconf 84' lang='lat' dir='ltr'><strong>talis</strong></span> <span class='ocrx_word' id='word_1_317' title='bbox 742 2283 891 2326; x_wconf 83' lang='lat' dir='ltr'><strong>tantique</strong></span> <span class='ocrx_word' id='word_1_318' title='bbox 912 2284 990 2328; x_wconf 85' lang='lat' dir='ltr'><strong>pagi</strong></span> <span class='ocrx_word' id='word_1_319' title='bbox 1009 2284 1120 2327; x_wconf 84' lang='lat' dir='ltr'><strong>potiri.</strong></span> <span class='ocrx_word' id='word_1_320' title='bbox 1156 2284 1252 2316; x_wconf 88' lang='lat' dir='ltr'><strong>Haec</strong></span> <span class='ocrx_word' id='word_1_321' title='bbox 1268 2294 1372 2327; x_wconf 85' lang='lat' dir='ltr'><strong>pauca</strong></span> <span class='ocrx_word' id='word_1_322' title='bbox 1389 2283 1430 2315; x_wconf 88' lang='lat' dir='ltr'><em>de</em></span> <span class='ocrx_word' id='word_1_323' title='bbox 1446 2283 1496 2315; x_wconf 80' lang='lat' dir='ltr'><em>his</em></span> <span class='ocrx_word' id='word_1_324' title='bbox 1511 2283 1632 2315; x_wconf 80' lang='lat' dir='ltr'><strong>dixisse</strong></span> <span class='ocrx_word' id='word_1_325' title='bbox 1647 2281 1740 2315; x_wconf 82' lang='lat' dir='ltr'><strong>satis.</strong></span> 
     </span>
     <span class='ocr_line' id='line_1_34' title="bbox 313 2327 1739 2372; baseline -0.002 -11"><span class='ocrx_word' id='word_1_326' title='bbox 313 2329 491 2361; x_wconf 77' lang='lat' dir='ltr'>Caeterum</span> <span class='ocrx_word' id='word_1_327' title='bbox 507 2338 548 2360; x_wconf 87' lang='lat' dir='ltr'><em>ex</em></span> <span class='ocrx_word' id='word_1_328' title='bbox 562 2327 603 2360; x_wconf 87' lang='lat' dir='ltr'><em>iis</em></span> <span class='ocrx_word' id='word_1_329' title='bbox 619 2338 704 2372; x_wconf 88' lang='lat' dir='ltr'><strong>quae</strong></span> <span class='ocrx_word' id='word_1_330' title='bbox 720 2327 918 2361; x_wconf 80' lang='lat' dir='ltr'><strong>Iustinianus</strong></span> <span class='ocrx_word' id='word_1_331' title='bbox 932 2335 1031 2372; x_wconf 82' lang='lat' dir='ltr'><strong>atque</strong></span> <span class='ocrx_word' id='word_1_332' title='bbox 1046 2328 1229 2362; x_wconf 83' lang='lat' dir='ltr'><strong>Theodora</strong></span> <span class='ocrx_word' id='word_1_333' title='bbox 1245 2335 1421 2366; x_wconf 64' lang='lat' dir='ltr'><strong>novat-unt,</strong></span> <span class='ocrx_word' id='word_1_334' title='bbox 1439 2328 1522 2360; x_wconf 83' lang='lat' dir='ltr'><strong>haec</strong></span> <span class='ocrx_word' id='word_1_335' title='bbox 1536 2327 1634 2360; x_wconf 85' lang='lat' dir='ltr'><strong>etiam</strong></span> <span class='ocrx_word' id='word_1_336' title='bbox 1649 2331 1739 2359; x_wconf 88' lang='lat' dir='ltr'><strong>sunt.</strong></span> 
     </span>
     <span class='ocr_line' id='line_1_35' title="bbox 312 2371 1740 2416; baseline -0.001 -11"><span class='ocrx_word' id='word_1_337' title='bbox 312 2372 532 2405; x_wconf 81' lang='lat' dir='ltr'><strong>senatoribus</strong></span> <span class='ocrx_word' id='word_1_338' title='bbox 558 2372 632 2405; x_wconf 78' lang='lat' dir='ltr'><strong>olim</strong></span> <span class='ocrx_word' id='word_1_339' title='bbox 654 2372 888 2416; x_wconf 81' lang='lat' dir='ltr'><strong>imperatorem</strong></span> <span class='ocrx_word' id='word_1_340' title='bbox 911 2372 1109 2406; x_wconf 78' lang='lat' dir='ltr'>adeuntibus</span> <span class='ocrx_word' id='word_1_341' title='bbox 1129 2373 1177 2406; x_wconf 84' lang='lat' dir='ltr'><em>ita</em></span> <span class='ocrx_word' id='word_1_342' title='bbox 1203 2374 1329 2406; x_wconf 82' lang='lat' dir='ltr'><strong>libebat</strong></span> <span class='ocrx_word' id='word_1_343' title='bbox 1342 2373 1508 2412; x_wconf 77' lang='lat' dir='ltr'><strong>salutare3</strong></span> <span class='ocrx_word' id='word_1_344' title='bbox 1530 2371 1671 2416; x_wconf 82' lang='lat' dir='ltr'><strong>quisque</strong></span> <span class='ocrx_word' id='word_1_345' title='bbox 1686 2382 1740 2404; x_wconf 89' lang='lat' dir='ltr'><strong>or-</strong></span> 
     </span>
     <span class='ocr_line' id='line_1_36' title="bbox 313 2415 1740 2461; baseline -0.001 -11"><span class='ocrx_word' id='word_1_346' title='bbox 313 2416 399 2450; x_wconf 82' lang='lat' dir='ltr'><strong>dinis</strong></span> <span class='ocrx_word' id='word_1_347' title='bbox 415 2416 546 2460; x_wconf 85' lang='lat' dir='ltr'><strong>patricii</strong></span> <span class='ocrx_word' id='word_1_348' title='bbox 561 2417 602 2449; x_wconf 87' lang='lat' dir='ltr'><em>ad</em></span> <span class='ocrx_word' id='word_1_349' title='bbox 618 2417 787 2450; x_wconf 84' lang='lat' dir='ltr'><strong>dexteram</strong></span> <span class='ocrx_word' id='word_1_350' title='bbox 804 2428 971 2451; x_wconf 78' lang='lat' dir='ltr'><strong>mammam</strong></span> <span class='ocrx_word' id='word_1_351' title='bbox 983 2418 1160 2451; x_wconf 83' lang='lat' dir='ltr'><strong>Caesarem</strong></span> <span class='ocrx_word' id='word_1_352' title='bbox 1171 2417 1401 2458; x_wconf 81' lang='lat' dir='ltr'><strong>venerabatur,</strong></span> <span class='ocrx_word' id='word_1_353' title='bbox 1416 2417 1572 2461; x_wconf 78' lang='lat' dir='ltr'><strong>iliumque</strong></span> <span class='ocrx_word' id='word_1_354' title='bbox 1581 2415 1740 2449; x_wconf 83' lang='lat' dir='ltr'><strong>receden-</strong></span> 
     </span>
     <span class='ocr_line' id='line_1_37' title="bbox 311 2461 1739 2507; baseline -0.001 -12"><span class='ocrx_word' id='word_1_355' title='bbox 311 2466 378 2495; x_wconf 85' lang='lat' dir='ltr'><em>tem</em></span> <span class='ocrx_word' id='word_1_356' title='bbox 395 2461 504 2494; x_wconf 82' lang='lat' dir='ltr'><strong>osculo</strong></span> <span class='ocrx_word' id='word_1_357' title='bbox 521 2461 646 2494; x_wconf 86' lang='lat' dir='ltr'><strong>Caesar</strong></span> <span class='ocrx_word' id='word_1_358' title='bbox 659 2461 872 2506; x_wconf 75' lang='lat' dir='ltr'><strong>impartiebat.</strong></span> <span class='ocrx_word' id='word_1_359' title='bbox 884 2463 917 2495; x_wconf 87' lang='lat' dir='ltr'><em>in</em></span> <span class='ocrx_word' id='word_1_360' title='bbox 934 2463 1062 2507; x_wconf 77' lang='lat' dir='ltr'><strong>capite3</strong></span> <span class='ocrx_word' id='word_1_361' title='bbox 1082 2463 1198 2507; x_wconf 83' lang='lat' dir='ltr'><strong>reliqui</strong></span> <span class='ocrx_word' id='word_1_362' title='bbox 1214 2462 1256 2495; x_wconf 85' lang='lat' dir='ltr'><em>ad</em></span> <span class='ocrx_word' id='word_1_363' title='bbox 1272 2473 1369 2495; x_wconf 92' lang='lat' dir='ltr'><strong>unum</strong></span> <span class='ocrx_word' id='word_1_364' title='bbox 1385 2472 1495 2494; x_wconf 86' lang='lat' dir='ltr'><strong>omnes</strong></span> <span class='ocrx_word' id='word_1_365' title='bbox 1511 2462 1647 2494; x_wconf 80' lang='lat' dir='ltr'><strong>dextero</strong></span> <span class='ocrx_word' id='word_1_366' title='bbox 1662 2461 1739 2493; x_wconf 91' lang='lat' dir='ltr'><strong>sub-</strong></span> 
     </span>
     <span class='ocr_line' id='line_1_38' title="bbox 311 2505 1739 2550; baseline -0.001 -11"><span class='ocrx_word' id='word_1_367' title='bbox 311 2505 379 2539; x_wconf 86' lang='lat' dir='ltr'><strong>nixi</strong></span> <span class='ocrx_word' id='word_1_368' title='bbox 396 2516 483 2548; x_wconf 83' lang='lat' dir='ltr'><strong>genu</strong></span> <span class='ocrx_word' id='word_1_369' title='bbox 497 2505 728 2539; x_wconf 81' lang='lat' dir='ltr'><em>discedebant:</em></span> <span class='ocrx_word' id='word_1_370' title='bbox 751 2513 788 2540; x_wconf 80' lang='lat' dir='ltr'><em>at</em></span> <span class='ocrx_word' id='word_1_371' title='bbox 802 2508 971 2550; x_wconf 79' lang='lat' dir='ltr'><strong>Augustae</strong></span> <span class='ocrx_word' id='word_1_372' title='bbox 987 2507 1096 2540; x_wconf 82' lang='lat' dir='ltr'><strong>nullus</strong></span> <span class='ocrx_word' id='word_1_373' title='bbox 1119 2507 1307 2541; x_wconf 85' lang='lat' dir='ltr'><strong>adorandae</strong></span> <span class='ocrx_word' id='word_1_374' title='bbox 1322 2517 1393 2540; x_wconf 83' lang='lat' dir='ltr'><strong>mos</strong></span> <span class='ocrx_word' id='word_1_375' title='bbox 1408 2506 1482 2539; x_wconf 81' lang='lat' dir='ltr'><strong>fuit.</strong></span> <span class='ocrx_word' id='word_1_376' title='bbox 1532 2509 1650 2539; x_wconf 85' lang='lat' dir='ltr'><strong>Verum</strong></span> <span class='ocrx_word' id='word_1_377' title='bbox 1666 2516 1739 2538; x_wconf 88' lang='lat' dir='ltr'><em>cum</em></span> 
     </span>
     <span class='ocr_line' id='line_1_39' title="bbox 311 2549 1741 2596; baseline -0.001 -13"><span class='ocrx_word' id='word_1_378' title='bbox 311 2550 346 2583; x_wconf 89' lang='lat' dir='ltr'><em>in</em></span> <span class='ocrx_word' id='word_1_379' title='bbox 361 2555 574 2594; x_wconf 85' lang='lat' dir='ltr'><strong>conspectum</strong></span> <span class='ocrx_word' id='word_1_380' title='bbox 592 2550 761 2584; x_wconf 80' lang='lat' dir='ltr'><strong>iustiniani</strong></span> <span class='ocrx_word' id='word_1_381' title='bbox 781 2551 1048 2596; x_wconf 82' lang='lat' dir='ltr'><strong>Theodoraeque</strong></span> <span class='ocrx_word' id='word_1_382' title='bbox 1063 2553 1215 2586; x_wconf 80' lang='lat' dir='ltr'><strong>venirent</strong></span> <span class='ocrx_word' id='word_1_383' title='bbox 1230 2558 1298 2584; x_wconf 85' lang='lat' dir='ltr'><em>tum</em></span> <span class='ocrx_word' id='word_1_384' title='bbox 1315 2551 1370 2584; x_wconf 84' lang='lat' dir='ltr'><strong>alii</strong></span> <span class='ocrx_word' id='word_1_385' title='bbox 1382 2577 1392 2592; x_wconf 92' lang='lat'>‚</span> <span class='ocrx_word' id='word_1_386' title='bbox 1421 2556 1491 2584; x_wconf 90' lang='lat' dir='ltr'><em>tum</em></span> <span class='ocrx_word' id='word_1_387' title='bbox 1507 2550 1564 2594; x_wconf 85' lang='lat' dir='ltr'><em>qui</em></span> <span class='ocrx_word' id='word_1_388' title='bbox 1582 2549 1741 2595; x_wconf 78' lang='lat' dir='ltr'><strong>patriciae</strong></span> 
     </span>
     <span class='ocr_line' id='line_1_40' title="bbox 314 2594 1740 2641; baseline 0.001 -14"><span class='ocrx_word' id='word_1_389' title='bbox 314 2594 487 2638; x_wconf 83' lang='lat' dir='ltr'><strong>dignitatis</strong></span> <span class='ocrx_word' id='word_1_390' title='bbox 502 2601 626 2636; x_wconf 81' lang='lat' dir='ltr'><strong>essent,</strong></span> <span class='ocrx_word' id='word_1_391' title='bbox 647 2596 757 2629; x_wconf 82' lang='lat' dir='ltr'><strong>statim</strong></span> <span class='ocrx_word' id='word_1_392' title='bbox 772 2595 806 2628; x_wconf 89' lang='lat' dir='ltr'><em>in</em></span> <span class='ocrx_word' id='word_1_393' title='bbox 822 2597 935 2629; x_wconf 80' lang='lat' dir='ltr'><strong>faciem</strong></span> <span class='ocrx_word' id='word_1_394' title='bbox 951 2598 1220 2641; x_wconf 83' lang='lat' dir='ltr'><strong>procumbebant,</strong></span> <span class='ocrx_word' id='word_1_395' title='bbox 1235 2607 1275 2629; x_wconf 86' lang='lat' dir='ltr'><em>ac</em></span> <span class='ocrx_word' id='word_1_396' title='bbox 1289 2595 1435 2629; x_wconf 88' lang='lat' dir='ltr'><strong>manibus</strong></span> <span class='ocrx_word' id='word_1_397' title='bbox 1450 2595 1653 2640; x_wconf 84' lang='lat' dir='ltr'><strong>pedibusque</strong></span> <span class='ocrx_word' id='word_1_398' title='bbox 1667 2599 1740 2628; x_wconf 89' lang='lat' dir='ltr'><strong>ten-</strong></span> 
     </span>
     <span class='ocr_line' id='line_1_41' title="bbox 315 2639 1738 2686; baseline -0.001 -14"><span class='ocrx_word' id='word_1_399' title='bbox 315 2640 361 2672; x_wconf 88' lang='lat' dir='ltr'><em>sis</em></span> <span class='ocrx_word' id='word_1_400' title='bbox 376 2644 550 2682; x_wconf 83' lang='lat' dir='ltr'><strong>utrumque</strong></span> <span class='ocrx_word' id='word_1_401' title='bbox 574 2639 732 2684; x_wconf 86' lang='lat' dir='ltr'><strong>principis</strong></span> <span class='ocrx_word' id='word_1_402' title='bbox 757 2640 873 2684; x_wconf 87' lang='lat' dir='ltr'><strong>pedem</strong></span> <span class='ocrx_word' id='word_1_403' title='bbox 899 2641 1012 2674; x_wconf 83' lang='lat' dir='ltr'><strong>osculo</strong></span> <span class='ocrx_word' id='word_1_404' title='bbox 1033 2642 1329 2686; x_wconf 69' lang='lat' dir='ltr'><strong>prosequebantur,</strong></span> <span class='ocrx_word' id='word_1_405' title='bbox 1353 2652 1394 2674; x_wconf 82' lang='lat' dir='ltr'><em>ac</em></span> <span class='ocrx_word' id='word_1_406' title='bbox 1412 2646 1481 2674; x_wconf 86' lang='lat' dir='ltr'><em>tum</em></span> <span class='ocrx_word' id='word_1_407' title='bbox 1506 2640 1738 2674; x_wconf 75' lang='lat' dir='ltr'><strong>abscedebant.</strong></span> 
     </span>
     <span class='ocr_line' id='line_1_42' title="bbox 313 2683 1739 2730; baseline -0.001 -12"><span class='ocrx_word' id='word_1_408' title='bbox 313 2683 438 2728; x_wconf 74' lang='lat' dir='ltr'><strong>Neque</strong></span> <span class='ocrx_word' id='word_1_409' title='bbox 459 2684 546 2717; x_wconf 90' lang='lat' dir='ltr'><strong>hunc</strong></span> <span class='ocrx_word' id='word_1_410' title='bbox 568 2685 724 2718; x_wconf 85' lang='lat' dir='ltr'><strong>honorem</strong></span> <span class='ocrx_word' id='word_1_411' title='bbox 748 2685 874 2728; x_wconf 84' lang='lat' dir='ltr'><strong>respuit</strong></span> <span class='ocrx_word' id='word_1_412' title='bbox 891 2686 1084 2729; x_wconf 80' lang='lat' dir='ltr'><strong>Theodora,</strong></span> <span class='ocrx_word' id='word_1_413' title='bbox 1105 2697 1191 2730; x_wconf 75' lang='lat' dir='ltr'><strong>quae</strong></span> <span class='ocrx_word' id='word_1_414' title='bbox 1207 2691 1242 2719; x_wconf 88' lang='lat' dir='ltr'><em>et</em></span> <span class='ocrx_word' id='word_1_415' title='bbox 1256 2686 1432 2719; x_wconf 82' lang='lat' dir='ltr'><strong>Persarum</strong></span> <span class='ocrx_word' id='word_1_416' title='bbox 1447 2685 1647 2730; x_wconf 87' lang='lat' dir='ltr'><strong>aliorumque</strong></span> <span class='ocrx_word' id='word_1_417' title='bbox 1662 2685 1739 2716; x_wconf 85' lang='lat' dir='ltr'><strong>bar-</strong></span> 
     </span>
     <span class='ocr_line' id='line_1_43' title="bbox 313 2729 1740 2775; baseline -0.001 -13"><span class='ocrx_word' id='word_1_418' title='bbox 313 2729 468 2762; x_wconf 82' lang='lat' dir='ltr'><strong>barorum</strong></span> <span class='ocrx_word' id='word_1_419' title='bbox 494 2729 623 2772; x_wconf 81' lang='lat' dir='ltr'><strong>legatos</strong></span> <span class='ocrx_word' id='word_1_420' title='bbox 647 2730 763 2774; x_wconf 89' lang='lat' dir='ltr'><strong>(quod</strong></span> <span class='ocrx_word' id='word_1_421' title='bbox 791 2741 954 2774; x_wconf 77' lang='lat' dir='ltr'><strong>nunquam</strong></span> <span class='ocrx_word' id='word_1_422' title='bbox 977 2737 1054 2775; x_wconf 82' lang='lat' dir='ltr'><strong>post</strong></span> <span class='ocrx_word' id='word_1_423' title='bbox 1076 2731 1238 2765; x_wconf 85' lang='lat' dir='ltr'><strong>hominum</strong></span> <span class='ocrx_word' id='word_1_424' title='bbox 1262 2731 1526 2764; x_wconf 83' lang='lat' dir='ltr'><strong>recordationem</strong></span> <span class='ocrx_word' id='word_1_425' title='bbox 1549 2733 1740 2774; x_wconf 82' lang='lat' dir='ltr'><strong>usurpatum</strong></span> 
     </span>
     <span class='ocr_line' id='line_1_44' title="bbox 314 2773 1740 2822; baseline -0.001 -15"><span class='ocrx_word' id='word_1_426' title='bbox 314 2773 380 2817; x_wconf 74' lang='lat' dir='ltr'><strong>est)</strong></span> <span class='ocrx_word' id='word_1_427' title='bbox 399 2773 610 2817; x_wconf 82' lang='lat' dir='ltr'><strong>admitteret,</strong></span> <span class='ocrx_word' id='word_1_428' title='bbox 627 2775 740 2819; x_wconf 78' lang='lat' dir='ltr'><strong>eisque</strong></span> <span class='ocrx_word' id='word_1_429' title='bbox 752 2775 856 2810; x_wconf 80' lang='lat' dir='ltr'><strong>lautia</strong></span> <span class='ocrx_word' id='word_1_430' title='bbox 869 2775 1058 2821; x_wconf 82' lang='lat' dir='ltr'><strong>praeberet,</strong></span> <span class='ocrx_word' id='word_1_431' title='bbox 1077 2781 1232 2821; x_wconf 85' lang='lat' dir='ltr'><strong>tanquam</strong></span> <span class='ocrx_word' id='word_1_432' title='bbox 1246 2787 1348 2822; x_wconf 84' lang='lat' dir='ltr'><strong>penes</strong></span> <span class='ocrx_word' id='word_1_433' title='bbox 1361 2775 1448 2810; x_wconf 84' lang='lat' dir='ltr'><strong>illam</strong></span> <span class='ocrx_word' id='word_1_434' title='bbox 1465 2774 1605 2811; x_wconf 81' lang='lat' dir='ltr'><strong>Romani</strong></span> <span class='ocrx_word' id='word_1_435' title='bbox 1617 2784 1740 2808; x_wconf 81' lang='lat' dir='ltr'><strong>summa</strong></span> 
     </span>
    </p>
   </div>
  </div>
 </body>
</html>
