1858 3126
316 119 413 166 294
776 150 782 162 ·
900 123 1163 166 PROGOPII

267 245 296 280 c
449 230 502 287 η’.
543 231 646 275 Ὅσα
666 233 737 287 μὲν
757 232 806 286 δὴ
830 230 869 273 ἵν
885 249 925 274 τε
945 230 1172 288 Δαρδάνοις
1188 234 1253 274 καὶ
1267 229 1527 289 Ἠπειρώταις
1546 234 1611 276 καὶ
1629 234 1733 276 Μα-

316 297 447 342 κεδόσι
475 301 541 341 καὶ
571 307 652 349 τοῖς
675 300 809 348 ἄλλοις
827 299 1027 355 Ἰλλυριῶν
1047 299 1222 350 ἔθνεσιν,
1254 299 1308 341 ἔτι
1329 301 1460 353 μέντοι
1485 302 1550 342 καὶ
1574 299 1650 342 ὅσα
1670 301 1732 342 ἐπὶ

315 370 387 420 τῆς
408 365 618 417 Ἑλλάδος,
653 368 718 407 καὶ
743 366 848 421 ἀμφὶ.
875 365 1051 419 ποταμὸν
1073 365 1226 421 Ἴστρον
1256 365 1550 420 οἷκοδομήματα
1569 367 1731 409 Ἰουστι-

315 438 435 489 τίανῷ
464 438 625 486 βασιλεῖ
652 433 871 487 εἴργασται,
903 432 981 486 ’ἤδη
1015 450 1082 486 μοι
1116 431 1339 487 ἔμπροσθεν
1373 433 1606 488 δεδιήγηται.
1672 434 1733 474 ἐπὶ

315 499 388 553 τὴν
411 499 574 558 Θρᾴκην
594 500 637 541 δὲ
658 499 702 541 τὸ
725 499 860 540 λοιπὸν
882 499 1012 552 ἴωμεν,
1043 499 1205 554 ἀρίστην
1225 497 1460 552 πηγνύμενοί
1474 517 1560 541 τινα
1575 503 1647 541 τοῦ
1665 498 1765 541 λό-5

315 582 388 621 γου
414 569 585 621 κρηπῖδα
612 565 662 607 τὰ
694 566 755 607 ἐπὶ
778 567 995 616 Βυζαντίου
1024 568 1180 622 χωρία,
1215 566 1294 606 ἐπεὶ
1323 567 1388 606 καὶ
1420 570 1491 619 τῆς
1523 564 1684 624 Θρᾴκης
1709 564 1734 618 ἦ

315 632 428 682 πόλις
460 633 506 674 οὗ
540 636 597 688 τῷ
630 631 763 689 κράτει
790 631 932 685 μόνον,
966 633 1067 674 ἀλλὰ
1097 634 1162 674 καὶ
1183 632 1342 687 χωρίων
1367 633 1577 688 προέστηκε
1607 630 1736 688 φύσει,

317 703 367 754 τῇ
389 700 460 751 μὲν
479 697 652 755 Εὐρώπῃ
678 698 807 755 ὥσπερ
829 716 887 748 τις
905 699 1115 755 ἀκρόπολις
1134 699 1441 751 ἐπεμβαίνουσα,
1468 698 1737 753 φυλαττομένη

318 766 362 806 δὲ
395 769 466 818 τῆς
503 763 747 821 ὁιοριζούσης
776 765 898 818 αὐτὴν
927 766 1004 807 ἀπὸ
1037 771 1108 819 τῆς
1131 765 1262 813 Ἀσίας
1290 763 1502 818 θαλάσσης
1529 763 1575 805 τὸ
1605 765 1739 820 πέρας.

315 830 394 884 ἤδη
414 833 486 884 μὲν
502 827 570 873 οὗν
585 831 656 881 τάς
677 849 717 873 τε
737 831 862 882 ἄλλας
881 831 1038 882 ἁπάσας
1059 837 1129 886 τῆς
1152 830 1301 880 πόλεως
1318 832 1481 882 κτίσεις,
1509 832 1574 872 καὶ
1593 830 1668 872 ὅσα
1687 830 1736 884 δὴ
1751 838 1793 872 10

316 898 378 938 ἐπὶ
397 905 480 947 τοῖς
502 899 619 952 ἱεροῖς
641 897 751 948 ἐντός
774 916 815 940 τε
839 900 904 941 καὶ
934 900 1042 949 ἐκτὸς
1063 903 1135 941 τοῦ
1155 895 1603 947 Κιονσταντινουπόλεως
1629 914 1741 954 περι-

314 963 437 1016 βόλου
465 963 793 1021 δεδημιούργηκεν
805 997 818 1016 ,
861 967 902 1007 ἓν
921 973 1002 1016 τοῖς
1024 966 1247 1021 ἔμπροσθε-ν
1268 964 1472 1018 δεδήλωκα
1491 962 1632 1019 λόγοις.
1690 963 1742 1005 τὰ

262 1039 294 1073 D
319 1032 361 1072 δὲ
382 1033 432 1085 δὴ
454 1033 608 1073 ἐνθένδε
629 1033 728 1087 ε’ρῶν
750 1031 927 1087 ἔρχομαι.

175 1107 207 1138 V
227 1106 294 1142 451
454 1095 655 1154 Φρούριόν
676 1098 779 1139 ἐστιν
800 1099 840 1138 ἓν
865 1102 922 1154 τῷ
942 1098 1160 1153 προαστείῳ
1185 1101 1256 1150 τῆς
1279 1094 1447 1147 πόλεως,
1478 1095 1572 1152 ὅπερ
1590 1099 1742 1152 Στρογ·

314 1161 435 1219 γόλον
463 1162 682 1217 ὅμωνῦμως
701 1168 751 1220 τῇ
777 1167 847 1205 τοῦ
872 1162 1066 1220 ἐρύματος
1095 1164 1277 1205 συνθέσει
1299 1167 1496 1205 καλοῦσιν.
1564 1164 1742 1205 ἐντεῦθεν
1754 1171 1796 1206 15

314 1230 342 1284 ὅ]
367 1233 407 1280 ἒς
426 1231 470 1272 τὸ
485 1229 638 1285 Ῥήγιον
658 1230 751 1280 ὁδὸς
770 1229 944 1286 ἄγουσα,
979 1232 1021 1272 ἐκ
1045 1235 1115 1272 τοῦ
1135 1232 1375 1271 ἓπιπλεΐστον
1397 1228 1604 1283 ἀνώμαλος
1630 1225 1744 1280 οὖσα,

317 1297 502 1353 ὄμβρων,
537 1297 585 1339 ἂν
613 1296 715 1340 οὕτω
739 1296 872 1350 τύχοι,
907 1295 1187 1347 ἐπιπεσόντων,
1215 1295 1468 1350 τελματιόδης
1488 1313 1529 1338 τε
1557 1297 1622 1337 καὶ
1648 1297 1746 1338 δυσ-

316 1363 484 1420 πάριτος
517 1370 600 1414 τοῖς
636 1367 730 1420 τῇδε
767 1367 894 1406 ἰοῦσιν
922 1365 1076 1418 ἐγίνετο.
1143 1367 1212 1404 νῦν
1243 1364 1286 1404 δὲ
1313 1365 1443 1412 λίθοις
1473 1362 1594 1416 αὐτὴν
1622 1379 1746 1404 κατα-

318 1430 500 1485 στρώσας
529 1430 751 1485 ἁμαξιαίοις
775 1429 795 1472 ὃ
824 1431 1012 1484 βασιλεὺς
1037 1425 1151 1479 οὗτος
1173 1429 1312 1483 εὐπετῆ
1331 1446 1372 1471 τε
1391 1427 1655 1483 κατεστήσατο
1680 1431 1746 1470 καὶ

319 1497 466 1539 ἄπονον
485 1498 598 1547 ὅλως.
665 1502 791 1551 μῆκος
808 1499 879 1550 μὲν
897 1502 947 1553 τῇ
969 1495 1048 1553 ὁδῷ
1065 1498 1155 1551 τῇδε
1178 1495 1270 1552 ἄχρι
1293 1497 1332 1545 ἐς
1343 1495 1517 1550 Ῥήγιον·
1547 1494 1743 1550 εὐρύνεται
1755 1499 1801 1534 20

320 1565 364 1605 δὲ
385 1569 594 1616 τοσοῦτον,
621 1565 660 1614 ἒς
680 1563 772 1606 ὅσον
796 1562 952 1617 ἁμάξας
979 1563 1025 1604 οὗ
1047 1569 1298 1619 στενοχωρεῖν
1322 1562 1393 1604 δύο
1420 1563 1649 1612 ἅπεναντιάς
1675 1562 1747 1603 ἆλ-

318 1630 456 1684 λήλαις
487 1630 636 1680 ἲούσας.
701 1637 858 1687 τραχεῖς
886 1631 923 1671 οἶ
953 1631 1061 1672 λίθοι
1089 1629 1374 1685 διαφερόντως·
1411 1627 1584 1677 εἰκάσαις
1605 1628 1654 1670 ἄν
1675 1628 1749 1670 αὖ·

318 1697 412 1746 τοὺς
434 1699 578 1750 μυλίας
606 1696 717 1739 εὖιαι.
783 1698 1006 1751 εὐμεγέθεις
1032 1696 1076 1738 τέ
1100 1698 1171 1737 εἶσι
1199 1694 1386 1748 μάλιστα.
1453 1694 1552 1737 ὥστε
1581 1695 1630 1749 δὴ
1657 1695 1748 1736 ἵκα-

204 1774 233 1807 Ρ
257 1773 300 1808 85
325 1780 417 1813 στος
439 1769 511 1818 γῆν
536 1764 608 1816 μὲν
623 1761 874 1806 ἐπικαλύπτει
893 1762 1054 1816 πολλὴν,
1075 1764 1115 1811 ἐς
1133 1761 1232 1816 ι’ίγαν
1251 1763 1292 1804 δὲ
1307 1761 1418 1815 ὑψοῦ
1440 1761 1578 1816 ἀνέχει.
1643 1762 1683 1811 ἐς
1707 1762 1750 1803 δὲ

320 1829 365 1873 τό
387 1847 427 1872 τε
453 1829 597 1885 ὁμαλὲς
614 1832 682 1873 καὶ
703 1828 748 1873 τό
770 1846 812 1886 γε
838 1834 940 1872 λεῖον
960 1830 1134 1880 ἐπιεικῶς
1150 1829 1435 1886 ἐξειργασμένοι
1444 1860 1458 1880 ,
1486 1829 1558 1870 οὔκ
1577 1829 1803 1885 ἔνῆφθαιΞΒ

412 2046 446 2079 8.
490 2043 661 2079 Iustiniani
674 2045 762 2088 Aug.
777 2044 928 2078 aedificia
946 2044 1102 2077 hactenus
1125 2043 1294 2085 recensui,
1318 2053 1401 2086 quae
1422 2044 1500 2076 sunt
1521 2041 1611 2088 apud
1625 2041 1752 2076 Darda-

323 2100 407 2131 nos,
430 2089 610 2133 Epirotas,
633 2089 856 2131 Macedones,
879 2094 1094 2133 caeterasque
1109 2094 1227 2131 gentes
1243 2088 1386 2131 lllyrici,
1407 2087 1487 2120 item
1508 2087 1541 2120 in
1559 2087 1703 2120 Graecia
1718 2092 1754 2121 et

323 2134 367 2168 ad
381 2133 517 2167 fluvium
531 2134 662 2167 Istrum.
705 2134 772 2167 lam
788 2134 1036 2177 progrediamur
1051 2134 1083 2166 in
1099 2133 1289 2176 Thraciam,
1313 2138 1414 2176 atque
1429 2132 1584 2176 optimum
1599 2131 1754 2165 orationis

323 2178 572 2212 fundamentum
595 2189 752 2222 ponamus
770 2178 942 2221 Byzantii:
965 2177 1096 2221 quando
1112 2178 1194 2211 haec
1209 2178 1285 2210 urbs
1301 2188 1365 2210 non
1381 2176 1483 2210 solum
1504 2175 1672 2220 potentia,
1694 2175 1754 2209 sed

324 2227 447 2256 natura
469 2223 565 2256 etiam
587 2222 651 2256 loci
666 2222 842 2256 Thraciam
862 2223 1046 2263 antecellit,
1070 2222 1226 2266 Europae
1242 2221 1410 2255 imminens
1435 2220 1520 2255 arcis
1534 2220 1658 2262 instar,
1681 2231 1753 2254 ser-

325 2278 474 2311 vansque
498 2267 672 2301 terminum
694 2267 811 2308 maris,
834 2278 897 2310 quo
924 2268 965 2300 ab
982 2267 1061 2300 Asia
1077 2277 1153 2311 pars
1179 2267 1242 2300 ista
1265 2266 1356 2300 orbis
1377 2265 1544 2300 dividitur.
1590 2265 1754 2305 Quoniam

325 2323 407 2346 vero
424 2311 581 2356 quidquid
597 2312 654 2345 ille
671 2311 952 2355 Constantinopoli
969 2323 1040 2344 cum
1061 2312 1161 2344 sacris
1177 2315 1245 2344 tum
1261 2311 1334 2344 aliis
1348 2310 1382 2344 in
1396 2309 1477 2344 locis
1491 2309 1580 2345 intra
1594 2314 1756 2353 extraque

327 2367 435 2391 muros
451 2356 660 2397 aedificavit,
684 2356 907 2400 superioribus
924 2356 1015 2389 libris
1030 2355 1147 2399 retuli,
1170 2355 1213 2388 ad
1229 2355 1462 2398 consequentia
1475 2354 1572 2387 modo
1585 2364 1731 2398 pergam.

417 2401 595 2434 Castellum
624 2405 675 2434 est
700 2402 940 2444 suburbanum‚
972 2401 1058 2444 quod
1086 2405 1306 2433 consentaneo
1333 2400 1462 2442 figurae
1487 2409 1568 2432 suae
1593 2398 1755 2432 vocabulo

328 2445 533 2489 Strongylen
551 2444 680 2478 dicitur.
734 2445 816 2485 Via,
840 2456 924 2488 quae
941 2444 1014 2478 hinc
1028 2445 1190 2488 Rhegium
1206 2444 1314 2484 ducit,
1339 2454 1408 2476 cum
1431 2443 1611 2486 inaequalis
1634 2441 1756 2487 ubique

328 2491 403 2523 fere
428 2494 519 2523 esset
540 2500 581 2523 ac
604 2489 794 2532 salebrosa,
817 2489 845 2522 si
866 2490 994 2533 quando
1017 2489 1140 2532 largius
1163 2489 1311 2533 plueret,
1332 2487 1456 2520 crebris
1473 2487 1597 2520 lacunis
1610 2487 1757 2520 viatores

329 2534 540 2578 impediebat.
583 2534 651 2567 Iam
665 2534 754 2567 saxis
792 2533 1001 2567 laustralibus
1015 2533 1103 2566 illam
1119 2533 1236 2566 stravit
1254 2533 1331 2576 imp.
1350 2538 1479 2575 noster,
1501 2532 1613 2576 itaque
1627 2531 1758 2566 facilem

330 2579 475 2613 reddidit
497 2589 536 2612 ac
555 2578 655 2632 plane
678 2589 761 2622 expe
786 2578 857 2612 ivit.
911 2577 994 2610 Eius
1017 2577 1184 2620 longitudo
1211 2577 1253 2610 ad
1278 2577 1439 2620 Rhegium
1463 2586 1568 2620 usque
1591 2576 1756 2621 pertinen

330 2627 427 2657 tanta
441 2627 494 2657 est
507 2623 663 2666 latitudo,
687 2626 812 2666 quanta
827 2622 952 2656 sufficit
975 2626 1013 2654 ut
1027 2622 1090 2654 duo
1113 2622 1257 2666 plaustra
1273 2633 1314 2654 ex
1332 2623 1472 2654 adverso
1494 2626 1570 2655 acta
1586 2632 1651 2654 non
1667 2631 1758 2654 com·

331 2668 526 2713 primantur.
571 2668 657 2700 Sunt
678 2666 806 2711 lapides
823 2667 856 2700 in
877 2666 990 2711 primis
1006 2666 1096 2699 duria
1121 2666 1258 2700 molares
1274 2677 1348 2700 esse
1362 2666 1502 2700 diceres.
1545 2665 1638 2700 Mole
1657 2675 1758 2710 prae-

333 2717 443 2747 stant:
467 2723 533 2758 quo
546 2711 588 2746 fit
602 2711 791 2757 utquisque
807 2715 841 2746 et
856 2721 1006 2756 magnum
1021 2715 1133 2745 terrae
1149 2710 1289 2756 spatium
1304 2714 1411 2755 tegat,
1432 2714 1468 2745 et
1485 2713 1578 2745 extet
1592 2709 1755 2745 altissime.
