1858 3126
563 159 639 203 DE
671 158 958 203 Assnmcns
990 157 1043 202 11.
1083 157 1158 204 ιο.
1343 138 1346 140 ’
1487 159 1583 205 239

134 296 203 324 wa.
225 276 307 323 ἔνω
332 275 373 327 ἒς
399 273 447 318 io
477 276 708 332 κρημνῶδες
732 275 842 333 adusi
862 273 964 317 κατὰ
984 271 1080 316 τάδε
1107 267 1404 327 διαπεπόνηται.
1473 271 1514 314 ε’ν
1535 277 1584 329 τῇ

136 352 208 393 τοῦ
225 345 342 403 ὅρους
359 343 576 401 ὗπερβολῇ,
610 342 730 400 ἥνπερ
745 341 1042 400 Ὀροκασσιάδα
1063 346 1228 384 καλοῦσι
1239 373 1250 391 ,
1286 341 1412 396 πέτρα
1432 358 1492 390 τις
1510 346 1582 384 τοῦ
1605 354 1636 388 c

133 416 286 468 τείχους
313 413 425 463 ἐκτὸς
445 410 500 462 ὥς
522 410 729 468 ἀγχοτάτω
755 410 962 467 ἐτύγχανεν
989 405 1112 462 οὖσα,
1146 412 1188 461 ἐξ
1209 408 1426 451 ἀντιπάλου
1449 427 1488 451 τε
1512 415 1584 452 τοῦ

132 480 345 538 περιβόλου
374 484 554 524 ἐνταῦθα
593 481 748 534 κειμένη
782 481 848 522 καὶ
875 481 963 522 λίαν
993 477 1294 533 ἐπιμαχώτατον
1320 478 1442 520 αὐτὸν
1469 482 1585 520 τιθε-

98 551 242 606 5μένη.
308 548 478 606 Χοσρόῃ
502 548 635 603 ἀμέλει
658 547 814 591 ἐνθένδε
833 546 858 602 ἡ
882 547 996 597 πόλις
1015 546 1142 599 ἑάλω,
1176 541 1276 604 ᾗπερ
1295 563 1365 600 μοι
1393 548 1434 588 ἓν
1453 545 1585 602 λόγοις

128 626 214 670 τοῖς
239 619 472 673 ἐπιτηδείοις
495 615 666 674 ἐρρήθη.
732 617 782 659 τὰ
813 617 856 658 δὲ
883 621 956 658 τοῦ
983 614 1198 673 περιβόλου
1225 615 1336 665 ἔντός
1368 614 1516 672 ἔρημός
1541 632 1584 658 τε

126 685 244 744 χώρα
270 689 336 729 καὶ
357 685 527 736 δύσοδος
557 686 803 727 ἐπιπλεΐστον
826 679 888 739 ἦν.
957 685 1098 741 πέτραι
1124 684 1201 741 γὰρ
1227 682 1383 738 ὑψηλαὶ
1414 685 1479 725 καὶ
1503 701 1584 737 χα-

128 754 278 813 ράδραι
305 755 515 809 ἇνέκβατοι
543 751 876 810 ὁιακεκλήρωνται
900 751 966 794 τὸν
990 757 1127 808 χῶρον
1153 754 1322 804 ἐκεῖνον,
1353 750 1583 802 ἄδιεξόδους

128 824 202 874 τὰς
227 825 386 866 ἐνθένδε
413 821 642 876 ποιούμεναι
663 823 846 877 τρίβους,
883 819 1014 877 ὥσπερ
1037 820 1249 876 ἀλλοτρίου
1274 819 1453 862 ἐνταῦθά
1475 838 1584 870 τινος

76 901 122 936 10
132 891 257 934 ἄλλον
285 897 364 935 τῶν
383 891 609 944 Ἀντιοχέων
636 894 710 932 τοῦ
735 891 887 944 τείχους
915 888 1040 939 ὄντος.
1104 890 1259 945 χαίρειν
1287 890 1419 930 τοίνυν
1451 889 1582 930 πολλὰ

126 964 178 1017 τῇ
214 962 339 1020 πέτρᾳ
369 959 551 1017 φράσας,
585 957 686 1015 ἥπερ
719 959 759 1000 ἕν
790 956 975 1014 γειτόνων
1007 961 1066 1015 τῷ
1099 958 1216 1011 τείχει
1249 950 1351 998 οὖσα
1382 955 1581 999 εὐάλωτον

121 1028 227 1073 ,αὐτὸ
261 1030 467 1086 διαφανῶς
492 1025 758 1084 ε’σκαιιῦρητο,
801 1025 856 1077 ὥς
887 1025 1136 1083 πορρωτάτω
1173 1025 1300 1080 αὐτῆς
1328 1024 1581 1081 περιβάλλειν

126 1096 334 1151 τὴνπόλιν
354 1096 474 1152 ἔγνω,
509 1095 702 1149 ἀβουλίας
731 1095 819 1152 πέρι
847 1099 926 1137 τῶν
954 1093 1147 1151 πρότερον
1175 1093 1301 1148 αὐτὴν
1331 1096 1577 1149 δειμαμένων
1600 1104 1632 1138 D

126 1164 206 1207 ἀπὸ
229 1169 308 1207 τῶν
333 1163 577 1222 πραγμάτων
598 1168 668 1218 τῆς
692 1165 829 1219 πείρας
858 1164 1118 1217 πεποιημένος
1138 1162 1210 1216 τὴν
1233 1159 1430 1216 μάθησιν.
1494 1162 1582 1217 χιό-

72 1242 115 1278 15
130 1250 204 1290 ραν
231 1250 272 1275 τε
301 1231 455 1287 ὁμαλὴν
478 1231 655 1286 μάλιστα
683 1236 756 1274 τοῦ
782 1233 935 1285 τείχους
965 1231 1072 1281 ε’ντός
1098 1231 1170 1285 τὴν
1198 1230 1247 1272 τὰ
1276 1229 1450 1287 πρότερα
1482 1250 1582 1288 κρη-

124 1299 263 1356 μνώδη
289 1295 413 1342 οὖσαν
433 1299 780 1357 ἀπεργασάμενος,
816 1299 986 1349 ἀνόδους
1010 1298 1135 1354 ταύτῃ
1156 1299 1364 1352 πεποίηται
1392 1301 1466 1353 οὐχ
1489 1300 1583 1342 ὅσον

124 1366 296 1426 ἀνδράσι
329 1370 478 1420 πεζοῖς,
509 1369 612 1410 ἀλλὰ
645 1368 694 1422 δὴ
721 1370 787 1410 καὶ
819 1369 977 1410 ἱππεῦσι
1007 1368 1230 1420 βασίμους,
1260 1366 1317 1408 ἔτι
1347 1368 1482 1421 μέντοι
1513 1371 1580 1410 καὶ

122 1434 404 1492 ἅμαξηλάτους
427 1437 471 1478 τὸ
499 1436 637 1478 λοιπὸν
668 1435 803 1486 οὔσας.
871 1435 974 1476 ἀλλὰ
1004 1438 1071 1477 καὶ
1099 1439 1294 1488 βαλανεῖα
1323 1438 1389 1478 καὶ
1418 1435 1580 1479 ὑδάτων

121 1511 280 1560 ταμιεῖα
299 1506 339 1547 ἓν
362 1512 445 1555 τοῖς
464 1503 572 1560 ὄρεσι
598 1506 806 1558 πεποίηται
827 1502 971 1545 τούτου
989 1508 1062 1545 τοῦ
1083 1505 1238 1557 τείχους
1258 1502 1380 1554 ἐντός.
1450 1506 1580 1563 φρέαρ

67 1583 166 1617 Ξοτε
185 1572 335 1630 ὤρυξεν
358 1575 400 1615 ἓν
424 1571 562 1630 πύργῳ
581 1570 734 1631 ἑκάστῳ
743 1604 756 1624 ,
790 1571 864 1627 τὴν
883 1570 1076 1630 πρότερον
1099 1572 1291 1630 ἀνυδρίαν
1310 1574 1489 1616 ἐνταῦθα
1509 1569 1580 1616 οὗ-

123 1659 199 1684 σαν
214 1641 359 1684 ὕδασιν
374 1639 517 1691 ῧετίοις
539 1639 716 1695 ἰώμενος.

251 1709 356 1752 ’Όσα
377 1710 420 1751 δὲ
442 1711 508 1750 καὶ
528 1709 634 1766 ἀμφὶ
656 1715 712 1767 τῷ
734 1706 941 1767 χειμάρρῳ
956 1709 1188 1764 πεποίηται,
1226 1707 1270 1759 ὃς
1290 1708 1332 1751 ἔκ
1353 1707 1506 1752 τούτων
1529 1710 1579 1765 δὴ

122 1781 202 1820 τῶν
222 1777 346 1834 ὀρέων
366 1777 551 1829 κάτεισιν,
576 1779 693 1820 εἰπεῖν
713 1778 835 1829 ἄξιον.
906 1778 978 1835 ὄρη
998 1779 1071 1832 μὲν
1090 1776 1276 1831 ἀπότομα
1300 1776 1372 1819 δύο
1395 1783 1446 1835 τῇ
1466 1777 1577 1821 πόλει
1598 1787 1627 1820 Ρ
1648 1786 1692 1821 48

122 1846 308 1902 ἓπῇρται,
339 1844 527 1900 ἀλλήλοιν
555 1845 736 1896 ξυνιόντα
768 1844 822 1895 ὥς
851 1844 1071 1900 ἀγχοτάτω.
1139 1845 1291 1888 τούτων
1309 1844 1485 1904 θάτερον
1504 1849 1578 1900 μὲν

67 1913 417 1972 25Ὀροκασσιάδα
439 1918 619 1966 καλοῦσι,
653 1914 698 1957 τὸ
718 1915 761 1956 δὲ
785 1914 834 1969 δὴ
858 1915 988 1972 ἕτερον
1007 1915 1184 1972 Σταυρὶν
1205 1915 1404 1969 κέκληται.
1472 1915 1577 1957 ἀπο-

122 2055 204 2078 vero
220 2043 378 2078 verticem
395 2043 595 2090 praecipitiis
612 2055 768 2090 asperum
789 2043 836 2078 ita
858 2043 984 2078 muniit.
1032 2044 1071 2079 In
1086 2043 1208 2079 montis
1227 2044 1384 2088 culmine,
1408 2044 1495 2090 quod
1512 2056 1574 2091 ap-

118 2089 247 2135 pellant
263 2090 532 2132 Orocassiadem,
557 2102 657 2134 rupes
673 2090 837 2134 quaedam
854 2094 947 2132 erat,
974 2093 1072 2124 extra
1085 2091 1237 2136 quidem,
1260 2091 1320 2124 sed
1337 2094 1487 2136 proxime
1502 2103 1575 2125 mu-

118 2145 214 2176 rum,
236 2136 365 2180 aequali
392 2147 534 2179 surgens
560 2136 751 2170 altitudine:
775 2135 863 2169 unde
889 2135 919 2169 is
943 2136 1031 2169 nullo
1057 2137 1194 2180 negotio
1220 2137 1404 2181 expugnari
1426 2142 1573 2182 poterat.

119 2179 197 2214 Hac
210 2186 304 2215 certe
319 2181 491 2216 chosroes
506 2182 618 2215 urbem
636 2182 736 2226 cepit,
759 2181 1033 2226 quemadmodum
1049 2193 1109 2216 suo
1127 2182 1200 2216 loco
1216 2182 1433 2216 narravimus.
1480 2183 1576 2216 Intra.

118 2226 248 2260 moenia
265 2228 410 2261 vacabat
436 2228 578 2273 spatium
600 2227 697 2261 valde
715 2229 971 2272 confragosum:
995 2228 1122 2273 quippe
1146 2228 1204 2262 alti
1228 2227 1307 2261 illud
1323 2228 1476 2262 obtinent
1494 2240 1574 2262 sco-

119 2270 208 2316 puli:
231 2277 265 2306 et
281 2272 525 2318 insuperabiles
540 2273 739 2307 torrentium
756 2273 844 2307 alvei
858 2273 1012 2316 semitas,
1037 2274 1156 2318 quibus
1172 2274 1260 2307 illinc
1276 2274 1421 2318 venitur,
1446 2274 1494 2309 ita
1511 2275 1574 2308 ab-

118 2323 294 2363 rumpunt,
318 2324 356 2352 ut
377 2330 488 2352 murus
513 2319 568 2352 ille
591 2320 633 2353 ab
655 2319 836 2352 Antiochia
862 2319 990 2353 alienus
1015 2320 1119 2354 fuisse
1141 2320 1306 2354 videatur.
1354 2320 1574 2365 Quapropter

119 2362 272 2398 abdicata
298 2375 401 2410 rupe,
434 2363 529 2399 cuius
555 2364 682 2398 vicinia
707 2365 915 2398 manifestam
942 2365 1046 2399 dabat
1073 2366 1356 2411 opportunitatem
1385 2367 1575 2412 occupandi

118 2407 222 2453 muri,
246 2411 363 2454 procul
387 2411 430 2444 ab
455 2422 496 2444 ea
519 2411 690 2444 moenibus
709 2411 827 2444 urbem
852 2410 987 2454 cingere
1011 2412 1145 2452 statuit,
1172 2422 1285 2446 eorum
1301 2410 1574 2455 imprudentiam,

121 2452 177 2497 qui
190 2452 294 2500 ipsam
313 2455 388 2490 olim
404 2456 684 2500 aedificaverant,
699 2456 935 2500 experimento
955 2468 1068 2490 rerum
1084 2462 1287 2503 compertam
1303 2457 1442 2492 habens.
1490 2458 1573 2491 Solo

121 2497 231 2544 etiam,
253 2501 342 2545 quod
355 2502 442 2536 intra
458 2514 569 2536 muros
585 2501 724 2536 salebris
741 2513 782 2536 ac
799 2501 1005 2547 praecipitiis
1021 2502 1199 2548 deruptum
1216 2508 1302 2547 erat,
1327 2503 1368 2536 ad
1383 2503 1572 2547 aequalita-

119 2546 188 2577 tem
210 2545 363 2588 redacto,
386 2559 543 2582 ascensus
567 2548 668 2590 fecit,
691 2559 757 2581 non
785 2548 953 2593 peditibus
980 2549 1099 2593 modo,
1122 2550 1182 2584 sed
1209 2548 1377 2594 equitibus
1405 2550 1505 2582 etiam
1532 2560 1572 2582 ac

120 2587 276 2632 plaustris
291 2593 457 2628 meabiles.
503 2594 648 2628 Balneas
664 2604 797 2638 quoque
812 2600 848 2628 et
869 2605 1030 2639 aquarum
1045 2596 1259 2641 receptacula
1276 2595 1310 2628 in
1328 2595 1492 2630 montibus
1517 2594 1571 2627 in·-

119 2639 173 2667 tra
188 2635 273 2668 muri
287 2637 382 2671 huius
399 2639 558 2673 ambitum
575 2639 735 2681 condidit,
756 2650 797 2672 ac
811 2645 947 2684 puteum
964 2640 1047 2674 fodit
1060 2641 1094 2674 in
1114 2641 1256 2686 singulis
1274 2641 1431 2681 turribus,
1454 2639 1571 2685 pristi-

119 2689 195 2712 nam
212 2679 276 2713 loci
291 2681 474 2718 ariditatem
491 2685 662 2730 depellens
683 2686 820 2730 provisa
836 2697 943 2730 aquae
957 2687 1091 2731 pluviae
1106 2688 1214 2733 copia.

212 2724 278 2759 lam
294 2725 406 2762 dicere
417 2737 675 2764 consentaneum
692 2735 745 2765 est
763 2737 842 2765 acta
857 2732 947 2766 circa
960 2738 1144 2767 torrentem
1155 2759 1165 2775 ,
1191 2733 1247 2777 qui
1265 2744 1306 2766 ex
1322 2732 1387 2766 illis
1403 2731 1571 2764 montibus

118 2767 277 2806 decurrit.
322 2771 408 2806 Urbi
423 2774 588 2810 imminent
603 2776 725 2820 gemini
740 2782 871 2811 montes
887 2779 1070 2822 praerupti,
1095 2779 1151 2823 qui
1166 2779 1254 2811 inter
1270 2789 1308 2812 se
1323 2776 1474 2822 proxime
1488 2779 1567 2810 coe-

117 2819 192 2851 untz
218 2815 342 2851 horum·
357 2818 496 2854 alterum
513 2821 767 2857 Orocassiadem
789 2827 932 2866 vocant,
954 2823 1092 2858 alterum
1107 2823 1258 2858 Staurin.
1306 2822 1375 2857 Ubi
1397 2821 1567 2867 desinunt,
