1858 3126
537 154 613 197 DE
642 150 927 196 AEDIFICHS
959 148 1014 194 H.
1087 148 1133 194 8.
1336 145 1339 146 ’
1459 144 1555 190 233

111 269 379 319 σκεδάννυσθαι
407 267 568 324 οὐδαμῆ
597 267 718 323 ἔχων,
754 266 847 310 ἀλλ’
880 263 1030 321 ἀνάγκῃ
1058 264 1133 306 τοῦ·
1166 254 1448 317 γειτονῆματος
1477 262 1558 301 τῶν

112 344 289 385 ἐνταῦθα
314 339 440 396 δρῶν,
475 344 563 388 ταῖς
591 355 632 379 τε
662 337 808 391 ὄχθαις
840 339 1032 391 σκληραῖς
1057 330 1195 380 οῧσαις
1215 329 1471 382 πεπιεσμένος
1493 329 1561 368 καὶ

110 410 153 452 ἐν
174 411 299 464 στενῷ
319 406 497 461 μάλιστα
521 405 698 461 ξυνάγων
721 405 767 447 τὸ
790 404 940 462 ῥεῦμα,
977 400 1132 443 ἐπειδὰν
1159 398 1267 456 αὐτῷ
1286 396 1453 454 ὄμβρων
1473 397 1561 437 ἐπι-

109 477 329 534 γενομένων
357 473 615 531 ὗπερβλύζειν
643 473 914 527 ξυνενεχθείη,
953 470 1156 524 ἐπιχυθεὶς
1181 471 1240 524 τῷ
1266 467 1404 520 τείχει,
1438 464 1564 514 εὐθὺς

78 545 184 591 ξοῧκ
205 545 311 601 ἀμφὶ
330 544 384 586 τὰ
401 545 574 597 θεμέλια
595 541 731 596 μόνον,
756 541 847 583 ἀλλ’
874 539 966 596 ἄχρι
989 540 1029 588 ἐς
1051 538 1124 588 τὰς
1145 534 1324 586 ἐπάλξεις
1347 533 1564 584 ἐπέκλυζεν.

110 607 160 656 οὗ
175 613 232 668 ’δὴ
251 617 307 670 τῷ
330 611 458 670 ῥοθίῳ
485 610 850 666 καταβεβρεγμένου
879 609 1080 661 ξυνέβαινε
1102 605 1176 655 τὰς
1197 603 1387 659 ἐπιβολὰς
1408 606 1561 658 ’ξυγχεΐ-
1582 604 1616 640 D

109 685 213 725 σθαι
234 685 315 724 τῶν
335 682 486 732 λίθων,
519 682 581 722 ἐπὶ
603 681 809 737 σφαλερᾶς
827 693 869 720 τε
891 677 1024 718 αὐτῶν
1048 675 1094 717 τὸ
1116 673 1254 716 λοιπὸν
1274 677 1346 727 τῆς
1362 670 1566 726 ξυνθήκης

109 747 288 792 ἑστάναι.
353 749 458 791 ἀλλὰ
480 750 608 790 λίθων
638 746 876 802 παμμεγέθη
900 746 942 786 ἐκ
970 745 1091 785 λίθου
1119 743 1264 796 μυλίου
1284 739 1486 799 πρόβολον
1508 744 1568 798 τῷ

109 815 311 876 περιβόλῳ
329 815 502 872 ἰσομήκη
517 814 840 873 ἀπεργασάμενος
856 814 1036 856 ἐνταῦθα
1053 811 1126 865 μὲν
1151 810 1213 852 ἀεὶ
1235 811 1406 863 ἐνοχλεῖν
1426 809 1472 851 τὸ
1494 812 1568 851 τοῦ

57 890 296 940 Ῑοποταμοῢ
327 884 548 928 κλυδώνιον
575 882 890 942 ὕπερβλύζοντος
918 878 1242 936 κατηνάγκασεν,
1276 876 1488 934 ἐλεύθερον
1523 878 1569 919 δὲ

110 955 156 998 τὸ
186 952 378 1010 παράπαν
393 958 466 1008 τῆς
483 953 641 995 ἐνθένδε
663 950 799 1007 λώβης
823 950 869 993 τὸ
892 956 1021 1004 τεῖχος
1043 949 1218 1006 ἀφῆκεν,
1254 945 1305 1001 ἢν
1325 948 1391 988 καὶ
1413 946 1466 988 τὰ
1484 943 1569 999 μά-

113 1026 231 1064 λιστα
256 1020 278 1064 ὅ
307 1022 489 1075 ποταμὸς
518 1023 720 1075 κυμαίνων
742 1022 783 1071 ἐς
804 1018 914 1074 ὕψος
943 1019 1138 1074 ἐγείρηται
1169 1016 1286 1071 μέγα.
1351 1012 1502 1068 ταύτης
1524 1014 1568 1055 δὲ

110 1081 185 1145 τῆς
210 1089 363 1140 πόλεως
387 1090 457 1132 τὸν
479 1091 714 1147 περίβολον,
747 1087 792 1139 ὃς
818 1089 869 1142 δὴ
901 1087 1024 1141 αὐτῆς
1048 1087 1260 1142 ἐτέτραπτο
1285 1083 1386 1140 πρὸς
1411 1086 1569 1140 βορρᾶν

111 1157 281 1212 ἄνεμον,
313 1156 562 1213 πεπονηκότα
595 1155 827 1200 παντάπασι
852 1154 1001 1211 χρόνου
1033 1152 1151 1208 μήκει
1186 1151 1335 1209 εὑρών,
1370 1152 1570 1208 παρέλυσε

59 1234 102 1270 15
111 1227 185 1280 μὲν
211 1226 287 1270 σὺν
307 1230 364 1284 τῷ
383 1227 684 1283 προτειχίσματι
713 1225 754 1275 ἐς
776 1224 822 1268 τὸ
847 1223 1018 1280 ἔδαφος,
1057 1219 1395 1279 ἀνῳκοδομήσατο
1430 1221 1472 1261 δὲ
1496 1218 1571 1272 οὐχ

110 1289 214 1351 ᾗπερ
233 1294 279 1336 τὸ
299 1292 492 1351 πρότερον
511 1288 575 1348 ἦν,
608 1294 690 1336 ἐπεὶ
709 1294 888 1336 ἐνταῦθα
908 1291 950 1334 αἱ
972 1295 1045 1345 τῆς
1067 1288 1220 1338 πόλεως
1239 1289 1463 1341 οἰκοδομίαι
1482 1304 1574 1329 στε-

111 1358 409 1418 νοχωρούμεναι
434 1360 614 1415 μάλιστα
640 1362 736 1412 τοὺς
763 1359 890 1415 ταύτῃ
915 1359 1144 1417 ᾠκημένους
1168 1357 1302 1411 ἠνίων.
1371 1356 1474 1398 ἀλλὰ
1501 1355 1573 1410 τὴν
1590 1361 1620 1395 Ρ
1641 1359 1687 1396 44

111 1431 310 1487 προτέραν
335 1428 514 1486 ὑπερβὰς
541 1434 622 1472 τῶν
649 1446 691 1471 τε
718 1429 918 1482 θεμελίων
943 1432 1014 1469 τοῦ
1038 1424 1252 1483 περιβόλου
1282 1426 1350 1466 καὶ
1374 1429 1448 1466 τοῦ
1469 1441 1572 1481 προ-
1596 1430 1630 1465 V
1657 1430 1727 1465 422

111 1499 364 1553 τειχίσματος
387 1497 551 1555 χώραν,
589 1497 647 1539 ἔτι
672 1498 809 1551 μέντοι
838 1497 905 1538 καὶ
933 1495 1008 1550 τὴν
1028 1493 1186 1552 τάφρον
1208 1493 1355 1548 αὐτὴν,
1393 1493 1576 1535 ἐνταῦθα

57 1566 158 1610 20τὸ
183 1572 314 1621 τεῖχος
343 1567 528 1621 ἐδείματο
557 1564 796 1617 ἅξιοθέατόν
825 1582 868 1607 τε
899 1565 967 1605 καὶ
998 1562 1272 1620 διαφερόντως
1301 1560 1574 1619 εὐπρόσωπον,

111 1632 239 1692 ταύτῃ
272 1635 486 1692 εὐρυτέραν
515 1634 630 1692 παρὰ
658 1633 761 1676 πολὺ
789 1633 863 1688 τὴν
891 1633 1096 1687 Ζηνοβιάν
1127 1630 1402 1684 πεποιημένος.
1471 1630 1578 1671 ἀλλὰ

114 1704 183 1746 καὶ
204 1701 331 1760 λόφος
348 1720 410 1753 τις
429 1702 507 1760 πρὸ
535 1707 607 1757 τῆς
626 1700 778 1752 πόλεως
802 1701 975 1758 ἄγχιστα
998 1698 1167 1755 εἱστήκει
1191 1699 1304 1755 παρὰ
1327 1697 1474 1740 δύοντά
1496 1715 1575 1740 που

112 1771 184 1813 τὸν
205 1770 344 1825 ἥλιον·
378 1773 419 1822 ἐξ
447 1765 496 1813 οὗ
524 1770 575 1825 δὴ
604 1775 738 1828 παρῆν
766 1776 850 1821 τοῖς
878 1772 1055 1812 ἐπιοῦσιν
1081 1768 1141 1810 ἀεὶ
1163 1766 1391 1824 βαρβάροις
1411 1765 1576 1820 βάλλειν

115 1840 219 1881 κατὰ
247 1839 430 1896 κορυφὴν
463 1839 694 1896 ἀδεέστερον
726 1836 822 1888 τούς
852 1855 895 1881 τε
934 1836 1207 1892 ἀμυνομένους
1247 1835 1371 1888 αὐτῆς
1401 1837 1469 1877 καὶ
1501 1835 1576 1888 οὐχ

60 1906 260 1962 εᾶῆκιστα
287 1907 382 1956 τοὺς
410 1908 451 1950 ἐν
478 1908 580 1963 μέσῃ
611 1905 724 1949 πόλει
748 1905 937 1957 ἑστῶτας.
1004 1902 1135 1963 τούτῳ
1165 1898 1235 1946 οὖν
1267 1908 1325 1962 τῷ
1353 1901 1468 1961 λόφῳ
1496 1903 1575 1945 τεί·

207 2004 240 2039 8.
264 2002 382 2036 λίθων
404 2002 497 2036 delet
511 2002 705 2037 Maltretus.
867 2001 923 2035 12.
949 2000 1147 2044 κυμαίνων]
1172 1998 1345 2043 κυματῶν
1367 1998 1487 2032 Tolos.

115 2081 178 2117 aed
194 2091 268 2115 cum
284 2092 398 2114 eorum
413 2080 603 2122 vicinitate,
626 2083 697 2114 tum
721 2079 804 2124 ripis
819 2079 1005 2120 cofircitus,
1029 2090 1112 2112 sane
1130 2078 1281 2123 asperis,
1303 2077 1337 2110 in
1354 2077 1577 2111 arctissimum

115 2125 261 2172 spatium
275 2126 402 2161 coactis
415 2126 521 2170 aquis,
544 2126 602 2160 ubi
617 2130 734 2160 auctus
748 2126 910 2160 imbribus
926 2137 963 2159 se
979 2125 1158 2166 extulerat,
1182 2135 1275 2157 muro
1293 2123 1405 2157 statim
1421 2123 1577 2156 affunde—

117 2173 240 2214 batur,
264 2183 327 2206 nec
341 2171 386 2206 ad
398 2171 466 2206 ima
480 2172 586 2206 solum
602 2177 637 2206 et
652 2172 867 2206 fundamento
883 2171 1035 2217 proxima
1046 2197 1056 2214 9
1077 2170 1138 2204 sed
1154 2170 1196 2203 ad
1217 2170 1336 2215 pinnas
1354 2168 1453 2202 etiam
1471 2179 1578 2202 exun-

117 2217 234 2254 dabat.
278 2218 379 2252 Mum
396 2222 508 2251 autem
523 2218 613 2252 unda
626 2218 786 2263 perfuso,
811 2218 882 2253 suis
897 2217 1025 2262 lapides
1040 2216 1177 2249 sedibus
1202 2215 1462 2257 emovebantur,
1487 2219 1577 2248 erat-

116 2274 184 2308 que
204 2262 370 2297 instabilis
394 2273 507 2297 eorum
531 2264 788 2308 coagmentatio.
840 2264 965 2297 Verum
982 2266 1139 2296 extructo
1155 2273 1198 2295 ex
1213 2261 1306 2295 saxis
1322 2261 1506 2294 molaribus
1525 2260 1578 2293 in-

116 2308 213 2354 genti
234 2319 362 2353 aggere
373 2334 384 2351 ,
406 2308 556 2343 eiusdem
571 2321 645 2344 cum
661 2320 756 2343 muro
780 2308 995 2354 longitudinis
1005 2335 1016 2351 ,
1040 2307 1153 2351 coigit
1168 2318 1297 2341 amnem
1314 2306 1361 2340 ibi
1377 2307 1506 2340 frustra
1522 2312 1579 2339 tu-

118 2354 285 2396 multuari,
307 2354 443 2399 quoties
458 2354 708 2400 superfluxerit‚
732 2355 849 2400 itaque
862 2355 947 2388 fecit
961 2359 1001 2388 ut
1019 2353 1149 2388 moenia
1174 2364 1194 2386 a
1216 2353 1358 2396 damno,
1383 2353 1475 2397 quod
1499 2352 1579 2385 inde

118 2400 382 2441 contrahebant,
405 2400 537 2434 omnino
552 2406 627 2434 tuta
653 2401 720 2434 sint
731 2426 741 2442 ,
765 2401 915 2446 quamvis
940 2400 997 2434 ille
1010 2399 1157 2443 turgidis
1173 2398 1333 2433 fluctibus
1348 2398 1509 2432 altissime
1525 2398 1579 2430 in-

121 2445 314 2481 surrexerit.
358 2445 500 2480 Maioris
523 2446 609 2480 muri
634 2451 766 2491 partem
787 2446 1016 2491 aquilonarem
1039 2446 1141 2488 longa
1156 2456 1319 2479 annorum
1338 2443 1430 2477 serie
1446 2443 1578 2489 penitus

121 2489 262 2525 fractam
285 2501 357 2525 esse
380 2495 586 2537 compertum
608 2493 758 2536 habens,
783 2492 871 2525 illam
895 2503 968 2525 cum
994 2491 1116 2525 minori
1139 2502 1233 2524 muro
1260 2490 1363 2523 diruit
1377 2490 1578 2533 refecitque,

123 2545 189 2588 uqa
201 2535 244 2569 ad
257 2536 430 2581 pristinum
444 2537 596 2580 modum3
621 2544 803 2583 propterea
819 2538 912 2582 quod
927 2537 1020 2571 urbis
1034 2537 1163 2579 domus,
1189 2547 1262 2570 cum
1278 2536 1327 2570 ibi
1342 2541 1455 2569 essent
1471 2545 1579 2578 angu-

122 2584 254 2622 moren,
274 2582 420 2626 regionis
436 2582 523 2617 illins
537 2583 656 2617 incolis
670 2583 909 2630 displicebant:
933 2583 994 2617 sed
1011 2583 1120 2616 locum
1131 2608 1141 2625 ,
1165 2582 1200 2616 in
1215 2594 1281 2627 quo
1298 2581 1384 2615 muri
1403 2581 1579 2623 utriusque

123 2625 338 2660 fundamenta
357 2628 530 2674 sederant,
555 2629 707 2674 adeoque
730 2630 854 2663 fossam
877 2630 984 2674 ipsam
1008 2634 1262 2672 transgressus,
1286 2627 1340 2661 hic
1355 2636 1482 2661 murum
1499 2636 1579 2668 spe-

122 2674 217 2724 ctatu
229 2670 364 2714 dignum
377 2673 701 2720 pulcherrimumque
717 2675 852 2715 eduxit,
873 2680 976 2720 atque
992 2674 1042 2708 ita
1057 2674 1242 2708 Zenobiam
1266 2684 1332 2706 non
1356 2683 1472 2716 parum
1496 2671 1580 2703 dila—

123 2719 241 2769 tavffh·
257 2716 450 2768 ‘Praeterea
462 2719 560 2754 collis
575 2721 710 2765 quidam
726 2726 801 2755 erat
816 2721 890 2754 urbi
913 2721 1086 2766 proximus
1103 2721 1147 2754 ab
1163 2719 1361 2753 occidente:
1386 2717 1472 2750 unde
1498 2716 1580 2749 bar-

122 2760 195 2794 bari
214 2772 243 2795 si
256 2768 470 2815 ingruerent,
491 2775 513 2799 a
527 2766 658 2800 vertice
672 2766 750 2800 telis
763 2766 898 2812 impune
913 2772 1073 2811 appetere
1094 2768 1383 2811 propugnatores,
1407 2767 1442 2795 et
1465 2761 1519 2794 vel
1541 2761 1576 2795 in

123 2805 208 2840 urbe
229 2807 338 2842 media
358 2811 488 2844 mute·
507 2810 612 2846 ferire
631 2817 804 2857 poterant.
847 2812 901 2847 Ad
923 2812 1042 2846 collem
1063 2812 1153 2846 hunc
1166 2809 1372 2845 lastinianus
1386 2808 1475 2852 Aug.
1492 2818 1575 2853 pro-
