1754 3132
190 179 254 224 30
772 179 1033 222 PROCOPII

138 299 168 332 B
325 286 374 332 (Υ.
439 288 539 331 ’Ῡπό
562 293 704 331 τοῦτον
725 289 794 331 τὸν
812 286 957 344 χρόνον
981 289 1050 330 καί
1069 306 1108 331 τι
1127 288 1260 345 ’ἕτερον
1287 289 1396 347 αὐτῷ
1417 290 1611 331 ἐπιπεσεῖν

47 344 79 377 V
102 345 168 380 287
190 355 410 411 ξυνηνέχθη
452 354 617 398 τοιόνδε.
689 354 709 397 ὅ
741 356 814 408 μὲν
845 356 981 408 λοιμὸς
991 387 1004 407 ,
1046 350 1168 411 οὗπερ
1203 358 1242 398 ἐν
1270 364 1353 405 τοῖς
1385 355 1612 411 ἔμπροσθεν

189 422 320 478 λόγοις
339 420 546 476 ἐμνήσθην
557 455 568 473 ,
607 422 808 475 ἐπενέμετο
831 422 925 471 τούς
943 423 982 463 ἓν
1006 423 1211 479 Βυζαντίῳ
1232 421 1487 478 ἀνθρώπους.
1531 427 1612 475 βα·-

189 494 293 532 σιλεΐ
306 490 625 545 δὲ’[ουστινιανῷ
645 486 912 542 χαλεπώτατα
935 493 1103 542 νοσῆσαι
1124 489 1264 542 ξυνέβη
1277 521 1290 541 ,
1327 488 1428 531 ὥστε
1445 491 1510 530 καὶ
1530 488 1613 530 325-

189 574 278 613 γετο
313 555 374 598 ὅτι
408 553 618 597 ἀπολώλει.
686 559 829 597 τοῦτον
858 557 902 597 δὲ
924 555 992 597 τὸν
1012 553 1128 609 λόγον
1149 554 1477 610 παραγαγοῦσαῆ
1499 553 1645 610 φῆμηδ

194 621 413 677 διεκόμισεν
441 622 532 676 ἄχρι
558 622 597 670 ἒς
625 622 670 663 τὸ
697 620 903 674 Ῥωμαίων
931 620 1215 677 στρατόπεδον.
1282 622 1463 664 ἐνταῦθα
1485 622 1616 677 ἔλεγον

190 695 272 732 τῶν
294 687 499 744 ἀρχόντων
517 690 618 736 τινὲς
640 686 694 737 ὥς
705 721 718 740 ,
746 688 794 742 ἦν
814 689 982 741 βασιλέα
1002 687 1189 741 Ῥωμαῖοι
1208 686 1340 744 ἕτερόν
1361 705 1450 731 τινα
1468 689 1508 731 ἓν
1528 692 1615 731 Rv-

193 758 335 813 ζαντίῳ
363 753 693 808 καταστήσωνται
723 757 880 810 σφίσιν,
927 755 973 796 οὗ
1012 753 1167 809 μήποτε
1195 754 1308 796 αὐτοὶ
1337 755 1614 811 ἐπιτρέψωσιν.

193 823 311 880 ὀλίγῳ
342 823 386 864 δὲ
413 821 580 876 ὕστερον
606 826 768 874 βασιλεῖ
790 823 862 874 μὲν
894 822 1029 877 ῥαΐσαι
1057 822 1223 875 ξυνέβη,
1259 828 1343 870 τοῖς
1363 822 1406 863 δὲ
1425 826 1506 864 τῶν
1519 820 1618 864 Ῥω-
1651 876 1655 879 γ

143 900 172 932 C
193 891 323 943 μαίων
349 893 526 943 στρατοῦ
549 887 717 943 ἄρχουσι
741 887 946 941 ὃιαβόλοις
967 889 1032 930 ἐπ’
1056 887 1244 942 ἀλλήλοις
1265 888 1466 943 γενέσθαι.
1532 889 1619 931 115-
1630 897 1674 930 10

192 973 287 1010 τρος
318 973 358 997 τε
384 956 461 1010 γὰρ
492 953 512 997 ὃ
546 955 768 1010 στρατηγὸς
786 958 851 997 καὶ
868 953 1077 1009 Ἰωάννης,
1113 954 1232 1009 ὅνπερ
1254 956 1456 1008 ἐπίκλησιν
1476 958 1619 1010 Φαγᾶν

193 1021 384 1074 ἐκάλουν,
422 1025 660 1076 Βελισαρίου
690 1039 731 1063 τε
762 1024 826 1064 καὶ
846 1020 1003 1073 Βούζου
1023 1023 1149 1063 ἐκεῖνα
1167 1019 1359 1076 λεγόντων
1374 1023 1619 1077 ἶσχυρίζοντο

192 1090 403 1143 ἀκηκοέναι
424 1088 523 1142 ἅπερ
541 1105 610 1140 μοι
630 1088 776 1142 ἀρτίως
795 1088 1030 1131 ὃεὸίλωται.
1089 1087 1218 1130 ταῦτά
1234 1105 1275 1142 γε
1292 1087 1317 1142 ἦ
1336 1091 1495 1142 βασιλὶς
1517 1091 1619 1132 Θεο-

192 1151 305 1211 δᾷώρα
336 1155 602 1196 ἐπικαλέσασα
631 1155 700 1210 ἐφ’
730 1154 853 1210 ἑαυτῇ
892 1162 976 1203 τοῖς
1017 1153 1252 1210 ἀνθρώποις
1281 1157 1469 1210 εἰρῆσθαι
1493 1155 1619 1210 μεστὴ

190 1220 368 1277 ε’γεγόνει.
439 1220 620 1269 ἅπαντας
647 1217 718 1262 οὖν
741 1221 865 1269 εὐθὺς
885 1222 1193 1274 μετακαλέσασα
1213 1223 1252 1270 ἒς
1272 1220 1515 1275 Βυζάντιον,
1553 1221 1621 1277 ζῆ-
1634 1228 1675 1263 15

74 1300 102 1331 Α
129 1299 168 1332 17
193 1290 306 1343 τησίν
321 1306 363 1330 τε
381 1292 453 1329 τοῦ
475 1285 594 1342 λόγου
616 1286 762 1329 τούτου
780 1288 1040 1342 ποιησαμένη,
1076 1288 1146 1330 τὸν
1166 1286 1323 1342 Βούζην
1339 1289 1622 1344 μετεπέμψατο

191 1359 247 1404 εἷς
279 1355 352 1409 τὴν
380 1361 654 1409 γυναικωνῖτιν
690 1355 945 1407 ἐξαπιναίως,
984 1354 1039 1404 ὥς
1065 1372 1103 1396 τι
1131 1354 1240 1412 αὐτῷ
1269 1357 1623 1411 κοινολογησομένη

189 1427 271 1465 τῶν
293 1422 396 1476 ἄγαν
426 1422 668 1462 σπουδαίων.
739 1417 787 1474 ἦν
818 1422 865 1463 δέ
890 1439 927 1463 τι
958 1422 1106 1475 οἴκημα
1135 1423 1174 1463 ἒν
1205 1424 1386 1480 παλατίῳ
1402 1422 1622 1479 κατάγειον,

189 1489 370 1545 ἀσφαλές
390 1505 430 1529 τε
452 1489 517 1528 καὶ
535 1490 840 1541 λαβυρινθῶὸες
860 1490 926 1529 καὶ
953 1486 1036 1530 οἷον
1061 1487 1248 1546 ταρτάρῳ
1272 1488 1521 1542 εἰκάζεσθαι,
1554 1491 1624 1532 ‘lua

139 1563 170 1596 D
194 1557 244 1610 δὴ
267 1555 360 1603 τοὺς
381 1553 750 1610 προσκεκρουκότας
769 1553 822 1603 ὥς
842 1555 891 1596 τὰ
910 1556 1039 1596 πολλὰ
1060 1558 1308 1610 καθείρξασα
1333 1557 1490 1612 ἐντηρῇ.
1557 1559 1680 1599 zaim

194 1622 214 1664 ὃ
247 1621 401 1675 Βούζης
433 1617 502 1662 οὖν
531 1622 571 1670 ἐς
598 1621 643 1663 τὸ
673 1619 891 1677 βάραθρον
919 1627 1039 1664 τοῦτο
1068 1622 1336 1676 ἐμβέβληται,
1373 1620 1555 1666 ἐνταῦθά
1581 1641 1625 1666 τε

193 1690 294 1744 ἀνὴρ
327 1690 366 1738 ἐξ
396 1685 559 1729 ὑπάτων
591 1686 798 1742 γενόμενος
833 1688 1036 1743 ἄγνωστος
1069 1688 1129 1730 ἀεὶ
1162 1693 1235 1730 τοῦ
1257 1687 1458 1744 παρόντος
1484 1695 1626 1745 καιροῦ

194 1756 352 1810 ἔμεινεν,
424 1754 516 1796 οὔτε
546 1755 621 1810 γὰρ
652 1754 774 1803 αὐτὸς
793 1756 833 1796 ἐν
855 1754 986 1813 σκότῳ
1008 1753 1237 1808 καθήμενος
1256 1755 1525 1810 διαγινώσκειν
1544 1756 1627 1806 οἷός

285 1885 320 1918 5.
342 1883 626 1926 παραγαγοῦσα]
652 1883 916 1929 παραλαβοῦσα
939 1883 1053 1918 Reisk.
1194 1886 1226 1920 8.
1249 1882 1489 1930 ἐπιτρέψωσιν
1511 1885 1625 1921 Reisk.

285 1927 546 1973 ἐπιστρέψωσιν
571 1929 639 1962 ΑΡ.

288 2041 320 2074 4.
367 2038 454 2072 Illud
478 2051 610 2083 quoque
640 2039 702 2072 sub
724 2039 811 2072 idem
834 2042 964 2083 tempus
989 2038 1020 2072 ei
1042 2040 1198 2084 contigit.
1244 2041 1326 2075 Cum
1350 2041 1421 2075 lues
1445 2042 1628 2087 Byzantio-

195 2097 268 2120 rum
292 2086 335 2118 de
361 2090 532 2118 ascet-etur
555 2084 816 2123 multitudinem,
846 2090 884 2116 ut
906 2084 1133 2127 superioribus
1154 2085 1250 2119 libris
1273 2085 1494 2127 meminimus,
1526 2087 1629 2120 Iusti-

196 2131 314 2164 nianus
354 2136 522 2174 mperator
545 2130 660 2162 morbo
683 2128 876 2162 difficillimo
899 2129 1095 2170 laborabat,
1118 2135 1155 2163 ut
1176 2130 1240 2164 iam
1262 2131 1432 2166 interiisse
1453 2131 1553 2166 etiam
1576 2132 1630 2165 di-

198 2181 342 2208 ceretur.
390 2175 494 2207 Fama
517 2173 611 2217 vulgi
634 2174 821 2206 rumoribus
843 2173 1015 2216 exagitata
1037 2174 1079 2207 ad
1103 2179 1216 2208 castra
1236 2175 1403 2219 pervasit,
1426 2176 1630 2221 militemque

195 2221 387 2253 Romanum.
434 2219 501 2251 Hic
522 2229 604 2251 vero
629 2219 788 2252 dictitare
809 2229 852 2251 ex
876 2219 1063 2252 Praefectis
1086 2220 1254 2262 nonnulli,
1284 2221 1314 2254 si
1342 2221 1485 2266 populus
1506 2222 1630 2255 Roma-

193 2275 258 2297 nus
282 2263 442 2308 Byzantii
466 2263 716 2307 permitteretur
739 2264 919 2296 Caesarem
952 2264 1194 2307 pronunciare,
1226 2266 1301 2299 fore
1331 2266 1462 2300 omnino
1494 2270 1532 2299 ut
1561 2265 1630 2311 ipsi

194 2309 231 2342 in
263 2310 385 2342 castris
417 2314 584 2353 perpetuo
617 2313 845 2341 versarentur.
892 2308 967 2341 Nec
998 2308 1047 2342 ita
1078 2310 1180 2343 multo
1207 2316 1282 2354 post
1303 2323 1322 2344 e
1349 2311 1463 2344 morbo
1482 2309 1629 2344 recreari

197 2353 312 2397 coepit
334 2353 544 2396 Imperator3
568 2358 635 2386 tum
659 2365 740 2386 vero
766 2353 868 2386 duces
890 2354 1058 2386 exercitus
1082 2355 1237 2388 deferunt
1258 2355 1342 2389 alius
1365 2355 1486 2396 alium,
1509 2359 1544 2389 et
1559 2356 1629 2389 Be-

196 2397 325 2438 lisarii,
358 2404 460 2440 atque
485 2399 599 2431 Buzae
631 2409 703 2430 eam
735 2397 838 2431 fuisse
871 2409 1004 2438 vocem,
1042 2410 1139 2442 quam
1162 2399 1258 2433 modo
1293 2400 1383 2441 dixi,
1414 2400 1561 2439 Petrus,
1594 2403 1630 2434 et

197 2442 341 2476 Ioannes
365 2443 474 2475 helluo
498 2444 748 2477 asseverabant.
805 2443 901 2476 Haec
924 2443 967 2475 ab
990 2443 1030 2476 iis
1055 2444 1097 2476 de
1121 2455 1157 2477 se
1180 2444 1246 2477 dici
1269 2444 1494 2488 interpretata
1513 2444 1630 2478 Theo-

198 2487 295 2526 dora,
321 2487 372 2520 ira
395 2487 566 2527 efferbuit,
588 2487 753 2530 iussitque
777 2498 888 2520 omnes
912 2488 1078 2532 extemplo
1103 2489 1220 2522 adesse
1244 2489 1411 2533 Byzantii.
1458 2488 1550 2522 Dicti
1571 2499 1632 2522 au-

199 2532 348 2566 ctoribus
381 2531 637 2575 pervestigans,
670 2533 795 2565 Buzem
819 2537 958 2575 repente
988 2533 1133 2567 accersit
1154 2533 1187 2566 in
1211 2540 1435 2576 gynaeceum,
1464 2532 1564 2567 sicuti
1586 2533 1630 2567 de

202 2588 240 2610 re
273 2575 428 2620 quapiam
459 2576 608 2618 graviori
639 2587 711 2608 cum
745 2588 784 2610 eo
818 2577 1109 2611 communicatura.
1154 2577 1331 2611 Caeterum
1367 2578 1400 2611 in
1429 2577 1528 2621 regia
1555 2583 1631 2612 erat

202 2621 439 2654 subterraneus
463 2631 503 2653 ac
526 2620 712 2653 tutissimus
734 2632 869 2660 carcer,
893 2621 935 2654 ad
960 2633 1053 2666 quem
1077 2622 1190 2655 ibatur
1214 2633 1275 2666 per
1298 2623 1417 2667 longos
1436 2623 1629 2662 anfractum

204 2666 353 2699 Tartaro
376 2665 512 2698 similem
536 2664 677 2698 diceres.
726 2665 822 2708 Ergo
845 2665 878 2697 in
904 2666 985 2706 hoc,
1019 2666 1074 2699 ubi
1098 2666 1350 2707 vinciebantur,
1375 2667 1431 2711 qui
1453 2666 1502 2700 illi
1520 2667 1629 2701 offen-

203 2709 290 2743 sioni
322 2709 485 2749 fuis-ent,
516 2710 640 2743 Buzem
673 2710 810 2750 habuit3
841 2709 972 2743 scilicet
1004 2711 1056 2744 vir
1087 2711 1270 2745 consularis
1292 2712 1326 2745 in
1360 2723 1432 2749 eam
1463 2711 1628 2746 sentinam

204 2755 423 2796 deturbatus,
453 2754 554 2798 longo
585 2759 736 2799 tempore
765 2753 916 2795 delituit,
951 2755 1039 2789 nulla
1061 2755 1105 2789 de
1127 2767 1167 2790 eo
1191 2763 1285 2790 certa
1311 2757 1420 2797 fama3
1452 2767 1527 2790 nam
1549 2755 1628 2798 diei,
