1754 3132
177 143 239 190 24
759 146 1020 191 PROCOPH

177 255 219 297 ἓν
241 261 431 309 κρημνοῖς
452 257 516 298 καὶ
541 256 703 311 χωρίοις
730 254 974 310 λοχμώδεσιν
1005 253 1178 304 ἅπαντες
1205 255 1333 298 οὐδενὶ
1350 253 1486 313 κόσμῳ
1507 258 1596 298 δια-

177 326 386 378 φθαρεῖεν,
415 325 602 377 περιδεεῖς
625 323 733 379 ἇμφί
750 340 792 365 τε
809 325 921 365 παισὶ
939 324 1004 364 καὶ
1026 324 1177 376 γυναιξὶ
1200 324 1264 364 καὶ
1282 327 1331 379 τῇ
1350 324 1512 376 πατρίδι
1533 339 1598 377 γε-

175 388 376 444 γενημένοι
390 421 402 440 ,
444 390 486 431 εἴ
506 406 544 430 τι
574 389 759 442 καθαρὸν
787 386 835 442 ἦν
864 390 905 432 ἐν
933 393 990 446 τῷ
1018 387 1178 442 Μήδων
1208 393 1391 446 στρατῷ,
1427 387 1599 444 Χοσρόῃ

179 456 456 510 ἐλοιδοροῦντο
478 456 753 504 ἐπικαλοῦντες
773 454 828 505 ὥς
845 455 891 505 ἶς’
901 473 942 498 τε
958 455 1052 504 τοὺς
1073 454 1216 510 ὅρκους
1239 455 1445 509 ἠσεβηκὼς
1464 458 1527 497 καὶ
1547 455 1598 496 τοὶ

180 522 290 564 κοινὰ
309 520 460 575 νόμιμα
478 519 638 563 πάντων
657 520 887 577 ἀνθρώπων
905 520 1067 575 ἐσβάλοι
1087 522 1159 574 μὲν
1175 522 1216 563 ἐν
1234 523 1425 570 σπονδαῖς
1445 523 1484 570 ἒς
1499 520 1597 563 Ῥω·
1609 529 1631 564 5

177 589 308 642 μαίων
327 589 400 641 τὴν
418 593 491 642 γῆν
511 587 640 630 οὐδενὶ
660 593 885 644 προσῆκον,
921 589 1075 642 ἀδικοίη
1095 589 1138 630 δὲ
1155 589 1353 630 πολιτείαν
1369 588 1539 643 ἀρχαίαν
1558 604 1602 630 τε

86 665 115 698 P
137 666 159 700 9
183 656 249 696 καὶ
280 653 503 707 ἇξιωτάτην
532 659 672 696 πασῶν
696 653 894 708 μάλιστα,
931 650 980 709 ἧς
997 659 1053 712 τῷ
1075 654 1235 711 πολέμῳ
1253 661 1439 708 περιεῖναι
1462 655 1534 696 οὐκ
1552 653 1602 696 ἂν

179 719 365 763 δύναιτο·
402 720 566 773 ἔμελλον
598 722 642 762 δὲ
670 722 874 777 νεωτέροις
901 723 1083 776 ἐγχειρεῖν
1112 719 1354 775 πράγμασιν.
1422 718 1483 769 οἷς
1507 721 1557 774 δὴ
1580 718 1601 762 ὃ

178 784 373 842 Χοσρόης
392 789 681 840 ξυνταραχθεὶς
699 788 834 843 εὕρετο
851 793 922 831 τοῦ
939 793 1063 830 κακοῦ
1083 788 1188 829 ἴασιν
1211 786 1340 840 τήνδε.
1384 785 1602 840 γράμματα

177 853 254 908 γὰρ
283 853 421 902 αὐτοῖς
451 854 685 906 ἅνελέξατο,
729 854 828 910 ἅπερ
855 855 1018 910 ἔναγχος
1044 853 1069 908 ἡ
1096 855 1254 906 βασιλὶς
1281 857 1338 910 τῷ
1363 851 1602 908 Ζαβεργάνῃ
1616 860 1658 894 10

179 917 366 973 ἐτύγχανε
399 919 608 974 γράψασα.
678 920 821 975 ἐδήλου
856 923 899 964 δὲ
929 920 955 976 ἦ
985 921 1120 976 γραφὴ
1148 919 1242 963 τάδε
1275 918 1445 972 ,,“Ὀπως
1470 937 1538 970 σε,
1573 915 1606 962 ὦ

178 984 417 1041 Ζαβεργάνη
427 1018 441 1038 ‚
479 988 545 1027 διὰ
566 989 746 1041 σπουδῆς
766 987 841 1041 ἔχω
854 1021 867 1040 ,
901 988 1041 1030 εὔνουν
1060 1004 1102 1030 σε
1123 987 1282 1041 οἰομένη
1301 993 1385 1035 τοΐς
1401 985 1607 1040 ἡμετέροις

178 1050 405 1106 πράγμασιν
426 1051 538 1103 εἶναι,
572 1052 695 1095 οἶσθα
717 1055 779 1096 ἐπὶ
797 1055 986 1112 πρεσβεία
1007 1054 1053 1096 οὗ
1075 1058 1208 1110 πολλῷ
1228 1051 1422 1108 πρότερον
1442 1053 1481 1102 ἐς
1500 1052 1607 1106 ἡμᾶς

180 1118 407 1172 ἀφιγμένος.
478 1119 622 1161 οὐκοῦν
640 1118 833 1175 πράττοις
848 1120 895 1162 ἂν
915 1119 1048 1163 εῗκότα
1065 1125 1114 1176 τῇ
1132 1118 1252 1176 δόξῃ,
1289 1119 1338 1173 ἢν
1355 1121 1417 1161 ἐπὶ
1435 1122 1498 1162 σοὶ
1514 1120 1604 1173 ἔχω,

179 1184 216 1226 εἶ’
235 1201 276 1238 γε
298 1184 467 1236 βασιλέα
488 1185 682 1240 Χοσρόην
704 1189 883 1241 εἰρηναῖα
905 1189 1063 1235 πείθοις
1086 1187 1126 1235 ἐς
1150 1187 1350 1228 πολιτείαν
1372 1186 1445 1239 τὴν
1467 1184 1606 1240 ἡμετέ-
1618 1196 1660 1230 15

127 1264 155 1298 13
183 1267 258 1305 ραν
276 1249 516 1301 βούλεσθαι.
585 1251 691 1294 οὕτω
711 1251 788 1308 γάρ
810 1269 874 1294 σοι
893 1253 1033 1308 ἀγαθὰ
1052 1250 1204 1307 μεγάλα
1223 1252 1324 1307 πρὸς
1342 1253 1488 1306 ἀνδρὸς
1507 1253 1607 1294 ἀνα-

177 1317 343 1368 δέχομαι
376 1317 528 1369 τούμοῦ
555 1317 744 1370 ἔσεσθαι,
783 1318 826 1368 ὅς
851 1336 892 1374 γε
918 1319 1033 1361 οὐδὲν
1063 1318 1112 1361 ἂν
1137 1318 1156 1360 ὅ
1179 1336 1217 1361 τι
1241 1321 1306 1361 καὶ
1330 1319 1422 1361 ἄνευ
1450 1317 1609 1374 γνώμης

62 1396 90 1430 A
118 1398 159 1432 12
181 1388 253 1436 τῆς
285 1384 382 1436 ἐμῆς
414 1382 643 1438 πράξειεν.“
711 1390 842 1427 ταῦτα
870 1384 890 1428 ὅ
914 1384 1107 1439 Χοσρόης
1123 1383 1408 1438 ἀναλεξάμενος
1418 1418 1431 1438 ,
1467 1386 1609 1428 ὀνειδί-

179 1465 256 1497 σας
283 1466 326 1491 τε
361 1453 535 1504 Περσῶν
562 1457 646 1500 τοῖς
673 1453 819 1506 λογίοις
839 1454 872 1494 εἳ
891 1453 1090 1494 πολιτείαν
1112 1452 1264 1494 οἴονται
1286 1451 1408 1505 εἶναι,
1445 1452 1494 1506 ἣν
1511 1452 1608 1507 γυνὴ

178 1518 404 1567 διοικεῖται,
434 1516 508 1570 τὴν
527 1521 609 1560 τῶν
629 1518 788 1573 ἀνδρῶν
808 1517 936 1575 ὁρμὴν
959 1519 1210 1561 ἀναστέλλειν
1225 1518 1348 1573 ἴσχεν.
1417 1518 1522 1561 ἀλλὰ
1543 1520 1665 1564 nabeo

273 1656 304 1688 1.
329 1655 595 1700 διαφθαρεῖεν]
618 1657 731 1700 Vulgo
755 1658 1013 1702 διαφθαροῒεν.
1170 1657 1203 1691 3.
1226 1655 1265 1691 εἴ
1280 1668 1316 1691 τι
1338 1657 1419 1692 Vat.
1462 1655 1515 1693 ἔτι
1538 1658 1610 1692 AP.

271 1700 303 1733 5.
328 1699 399 1739 ,,ἐν
419 1702 613 1745 σπονδαῖς]
639 1702 733 1736 Alter
756 1714 815 1736 ms.
842 1703 948 1736 codex
970 1701 1009 1737 ἐν
1029 1701 1223 1741 σπουδαῖςε
1247 1705 1422 1745 utrumque
1440 1703 1610 1736 vitiosum.

269 1743 472 1787 Procopium
513 1746 690 1790 scripsisse
725 1758 792 1781 non
830 1747 946 1781 dubito
979 1746 1185 1785 ἔκσπονδος.
1231 1747 1321 1779 Nam
1353 1747 1500 1781 violatae
1528 1748 1611 1782 fidei

270 1787 452 1822 chosroem
487 1798 660 1824 accusant.
672 1794 697 1811 “
731 1793 842 1826 Ansn.
979 1794 1033 1828 16.
1065 1791 1318 1837 ,,βου’λεσθαι]
1350 1791 1490 1828 Rectius
1522 1794 1612 1838 βου-

268 1831 487 1869 λεύεσθαι.“
510 1836 630 1871 Mum.

182 1952 268 1998 viam
292 1950 393 1989 factis
415 1955 568 1990 hostibus
591 1968 704 1991 omnes
726 1957 925 2003 quicumque
947 1958 1126 1993 incolumes
1148 1961 1381 2002 superessent,
1404 1958 1438 1992 in
1455 1958 1611 2004 abruptis

181 1998 356 2040 cautibus,
387 2000 598 2044 saltibusque
621 2002 756 2036 silvosis
778 2014 850 2036 cum
875 2003 1061 2044 dedecore,
1085 2015 1158 2037 cum
1182 2004 1358 2036 liberorum
1379 2007 1415 2036 et
1435 2003 1612 2047 coniugum

181 2053 223 2075 ac
246 2043 378 2085 patriae
401 2046 533 2078 iactura
554 2046 748 2086 interirent,
771 2048 962 2091 quicunque
983 2051 1080 2081 erent
1102 2048 1136 2081 in
1161 2049 1339 2081 Persarum
1363 2047 1514 2082 exercitu
1533 2061 1612 2093 spe-

182 2087 378 2128 ctatissimi,
403 2090 577 2124 Chosroae
603 2091 808 2132 conviciari,
836 2097 871 2125 et
896 2093 1040 2135 neglecti
1063 2092 1279 2126 iurisiurandi
1302 2092 1516 2136 religionem,
1537 2094 1612 2128 vio-

183 2131 312 2175 latique
341 2135 521 2167 communis
551 2135 698 2178 gentium
730 2137 812 2169 iuris
842 2136 1048 2181 impietatem
1080 2138 1247 2177 obiicere3
1286 2138 1442 2181 quodque
1473 2139 1614 2174 foedere

182 2187 255 2210 cum
287 2177 444 2210 Romanis
478 2180 672 2213 confirmata
707 2182 889 2220 societate,
929 2182 1050 2215 deinde
1080 2194 1146 2215 non
1176 2183 1264 2215 iusto
1298 2182 1385 2216 bello
1419 2182 1452 2215 in
1482 2183 1613 2218 illorum

182 2231 298 2264 agrum
323 2228 501 2264 excurrat3
538 2225 787 2268 Rempublicam
812 2226 956 2270 denique
989 2226 1102 2260 laedat
1124 2227 1343 2270 antiquitate,
1378 2238 1418 2260 ac
1447 2226 1614 2271 dignitate

182 2265 322 2298 omnium
348 2269 687 2310 praestantissimam,
712 2281 808 2313 quam
835 2282 898 2304 nec
921 2283 1082 2315 superare
1110 2271 1288 2316 pugnando
1312 2272 1430 2316 possit.
1473 2273 1613 2318 Iamque

182 2309 304 2343 milites
329 2311 370 2343 ad
394 2323 449 2344 res
473 2325 578 2346 novas
602 2316 780 2347 tentandas
804 2320 916 2348 erecto
939 2317 1047 2349 animo
1072 2322 1186 2356 erant3
1208 2316 1242 2349 id
1260 2327 1340 2350 vero
1357 2317 1524 2352 Chosroes
1538 2329 1613 2352 cum

182 2361 371 2395 vereretur,
395 2357 478 2390 malo
501 2359 696 2391 medicinam
720 2358 948 2403 excogitavit,
971 2361 1106 2394 relectis
1130 2363 1305 2404 Augustae
1327 2361 1471 2403 litteris,
1494 2373 1613 2397 recens
1666 2388 1669 2390 -

180 2399 223 2432 ad
248 2399 480 2443 Zabergauem
503 2403 537 2435 in
562 2403 648 2436 hanc
671 2404 775 2438 ferme
797 2405 996 2438 sententiam
1021 2406 1120 2439 datis.
1169 2407 1242 2447 Quo
1269 2406 1373 2439 simus
1397 2406 1434 2439 z'n
1456 2413 1508 2449 te,
1541 2409 1613 2441 Za—

184 2443 353 2487 bergane,
378 2447 507 2488 studio,
535 2448 623 2490 quod
650 2449 773 2482 nostris
798 2454 831 2482 te
850 2451 944 2483 rebus
956 2453 1081 2494 favere
1097 2462 1163 2484 ποη
1180 2451 1380 2491 dubitemus,
1402 2451 1456 2485 vel
1471 2457 1542 2487 tum
1556 2454 1613 2486 in-

182 2489 340 2532 telligere
356 2491 514 2533 potuisti,
527 2503 613 2524 ,cum
633 2494 725 2536 apud
741 2504 800 2527 nos
819 2495 1022 2538 legationem
1041 2506 1148 2538 nuper
1163 2495 1279 2529 obires.
1328 2496 1440 2536 Quare
1461 2509 1556 2531 meae
1571 2499 1614 2531 de

185 2537 218 2565 te
235 2534 386 2577 opinioni
399 2536 510 2576 factis
524 2538 627 2579 plane
643 2539 872 2581 respondebis,
900 2540 930 2572 si
951 2541 1119 2573 Chosroae
1145 2540 1223 2584 regi
1245 2545 1286 2573 ut
1304 2541 1411 2574 amico
1438 2553 1524 2587 erga
1542 2554 1614 2576 rem

185 2583 335 2612 nostram
361 2581 530 2622 publicam
551 2582 594 2613 sit
617 2583 730 2615 animo
749 2585 977 2626 persuaseris⁸>
1021 2585 1116 2626 Quod
1141 2585 1172 2616 si
1195 2585 1514 2633 effecerishrecipio
1535 2590 1614 2630 fore

186 2627 224 2655 ut
250 2624 461 2666 amplissima
487 2625 523 2658 in
553 2631 585 2658 te
609 2627 675 2659 mei
700 2628 854 2671 coniugis
875 2633 986 2662 extent
1007 2629 1184 2672 beneficia,
1207 2629 1265 2672 qui
1284 2641 1355 2663 meo
1375 2632 1498 2675 absque
1518 2633 1612 2666 arbi—

184 2667 250 2701 trio
271 2668 365 2703 nihit
386 2670 520 2702 omnino
545 2671 649 2714 gerit.
695 2672 759 2705 His
789 2673 906 2715 lectis,
942 2674 1058 2708 mirari
1083 2674 1219 2714 dicebat
1241 2674 1410 2710 chosroes
1432 2677 1612 2712 Persarum

183 2713 396 2756 primoribus,
419 2714 449 2748 si
471 2714 721 2760 Rempublicam
744 2716 985 2762 existimarent,
1009 2718 1064 2753 cui
1087 2718 1209 2752 femina
1231 2718 1481 2756 moderaretur:
1512 2727 1614 2768 atque
