1800 3126
303 137 401 184 498

346 244 426 286 319,
440 244 474 278 9.

345 289 527 322 Gontbaris
540 294 574 322 et
589 289 763 322 Gizericus
786 288 813 328 Ι,
837 288 915 325 323,
942 289 995 323 19.

301 333 484 367 Gontbaris
500 333 682 375 Godigiscli
695 333 804 372 filius,
826 343 886 366 rex
906 333 996 366 Van-

344 378 486 411 dalorum
501 378 529 418 Ι,
552 379 636 420 323,
667 377 718 411 14.
739 376 808 410 eius
832 377 942 411 obitus
966 377 994 418 Ι,

299 466 482 504 Gontharis
493 476 514 498 a
524 464 684 498 Belisario
699 464 813 500 Albam
824 476 895 499 cum
904 465 995 499 Eru-

341 511 384 544 lis
398 511 516 544 ¹missus
533 510 577 551 ΙΙ,
592 511 667 549 160,
686 511 738 543 10.

298 554 480 589 Gontharis
496 554 682 588 Salomonis
702 554 843 599 stipator
862 553 891 597 Ι,
913 553 991 595 494,

343 602 372 635 1.
389 609 523 651 pressus
535 610 559 651 ‚⁸
583 598 728 639 Mauris,
757 598 992 651 subsidium-ab

338 655 420 729 {1⁹52
436 643 790 731 ἲξῖἑξΐωέἰῃῖῗὲοἷ..
802 643 872 727 11Ϊὲ
871 643 994 728 ι”ὲζᾱὲῖῗ

339 732 994 820 {lssoffitisffpffissgffzff‘ffi“fliissifssfs

338 822 500 855 meditans
516 821 542 863 1,
556 822 634 862 518,
648 824 681 856 2.
725 821 758 854 in
782 832 855 854 eum
874 822 992 854 milites

338 865 486 899 concitat
503 866 531 906 1,
553 866 631 907 520,
664 868 695 900 1.
724 871 854 910 pugnat
869 867 894 907 Ι,
914 867 992 907 520,

339 911 395 944 13.
419 911 500 953 fuga
526 911 684 954 elapsum,
703 910 781 943 data
795 910 862 944 fide
877 921 991 944 accer-

336 954 383 988 sit
397 954 424 994 1,
441 955 518 994 521,
541 956 574 989 7.
591 961 668 999 post
683 955 895 988 honorificam
911 966 991 988 coe-

335 1009 411 1031 nam
422 997 516 1031 iubet
530 998 672 1032 interfici
685 999 712 1042 Ι,
729 1000 805 1040 522,
835 1000 887 1034 19.
919 999 989 1032 eius

334 1042 442 1086 capite
456 1042 499 1075 ad
512 1043 663 1077 Antalam
678 1044 788 1085 misso,
809 1044 868 1076 tali
885 1043 990 1085 ipsum

334 1087 525 1131 spectaculo
543 1098 563 1120 a
578 1099 615 1122 se
637 1088 802 1121 abalienat
819 1089 847 1129 Ι,
865 1088 940 1128 523,
958 1090 990 1122 1.

334 1141 472 1164 uxorem
507 1131 612 1166 eiusd.
647 1132 827 1166 Areobindi
851 1133 990 1166 honeste

333 1175 438 1209 habet
454 1176 481 1215 Ι,
496 1175 573 1218 525,
589 1177 621 1212 6.
639 1177 758 1210 multos
773 1177 880 1210 occidi
898 1177 990 1210 iubet

333 1219 363 1259 I,
378 1219 456 1260 527,
474 1220 506 1254 5.
552 1221 593 1254 ad
619 1232 762 1255 mensam
784 1221 945 1255 occiditur
959 1221 989 1264 Ι,

335 1265 412 1306 531,
427 1262 459 1299 4.
481 1263 527 1307 ΙΙ,
543 1265 620 1307 409,
642 1267 674 1300 6.

290 1308 430 1388 (ἓξὲξ,
455 1309 534 1388 urge
558 1310 602 1343 ad
616 1309 760 1344 Persidis
775 1310 871 1352 fines,
885 1309 916 1352 Ι,
933 1310 988 1355 16,

359 1378 368 1386 .
412 1356 446 1394 Ο,
471 1356 489 1389 1
517 1379 526 1387 .

291 1397 458 1475 (ἓῖὴῖςυε
480 1398 647 1432 Patricius
669 1402 703 1433 et
728 1399 919 1433 Consularis
944 1398 989 1442 11,

290 1469 495 1564 αιίιέιιέωε,
513 1487 688 1522 saumatis
708 1488 840 1532 legatus
865 1488 894 1529 1,
910 1487 987 1531 404,

288 1575 434 1616 Gottbi,
464 1575 502 1610 in
529 1577 650 1610 multos
678 1576 776 1610 divisi
800 1577 940 1621 populos
956 1576 986 1618 1,

333 1620 420 1659 312,
440 1622 491 1656 17.
551 1632 664 1668 eorum
697 1621 808 1664 origo,
846 1621 985 1665 species,

330 1663 446 1707 religio
459 1689 470 1705 ‚
486 1663 597 1708 lingua
612 1666 639 1706 Ι,
667 1666 746 1705 313,
769 1667 802 1699 2.
829 1666 985 1709 antiquae

332 1708 430 1742 sedes
438 1709 551 1751 Ι,313,
564 1712 597 1744 8.
612 1709 655 1752 ΙΙ,
666 1710 745 1751 476,
757 1710 808 1744 15.
820 1709 899 1743 dicti
909 1709 983 1743 olim

332 1753 494 1795 Scythae.
510 1755 592 1789 ibid.
608 1755 839 1797 Sauromatae,
854 1754 986 1787 Melan-

332 1797 480 1839 chlaeni,
496 1798 607 1832 Getae
623 1799 650 1837 1,
670 1799 748 1840 312,
770 1800 825 1832 20.
845 1798 891 1839 ΙΙ,
909 1799 984 1841 117,

332 1842 388 1876 13.
428 1842 542 1886 agnitu
570 1842 684 1876 faciles
716 1843 744 1884 1,
768 1843 842 1883 156,
864 1845 917 1876 10.
940 1843 985 1884 11,

330 1886 410 1927 237,
427 1888 460 1920 6.
476 1887 626 1931 corporis
634 1887 718 1920 mole
727 1898 766 1920 ac
776 1888 879 1920 forma
890 1897 984 1931 prae-

331 1934 470 1964 stantes.
494 1932 573 1965 446.
591 1943 621 1965 a.
645 1932 879 1975 Ostrogottbi‚
903 1942 985 1975 quos

330 1974 516 2020 Procopius
532 1987 596 2009 non
611 1976 708 2009 aliter
723 1987 820 2020 quam
837 1976 985 2009 Gottbos

329 2024 441 2060 vocat,
458 2020 541 2064 pulsi
566 2020 676 2064 patria
691 2021 732 2054 ab
750 2021 879 2053 Hunnis
894 2021 983 2054 Cim-

331 2064 439 2098 meriis
454 2065 499 2106 ΙΙ,
514 2064 591 2108 477,
605 2065 656 2100 15,
674 2064 873 2098 Pannoniam
885 2076 983 2098 occu-

329 2111 411 2151 pant
439 2108 468 2150 Ι,
498 2109 577 2149 319,
608 2110 640 2142 1.
675 2109 794 2142 deinde
813 2109 930 2142 sedent
951 2109 985 2142 in

329 2152 488 2185 Thracia.
501 2154 581 2186 ibid.
590 2153 635 2194 ΙΙ,
643 2153 719 2193 477,
734 2155 788 2187 21.
804 2153 984 2186 Foederati

327 2194 425 2230 Rom.
441 2197 522 2230 ibid.
539 2197 703 2230 rebellant
718 2197 801 2231 duce
823 2197 982 2231 Theode-

327 2239 397 2273 rico
423 2240 468 2280 ΙΙ,
484 2242 516 2284 7,
532 2242 565 2275 7.
610 2241 648 2275 In
676 2242 805 2275 Italiam
835 2242 984 2286 plerique

327 2284 511 2328 demigrant
539 2285 585 2326 ΙΙ,
610 2287 643 2327 7,
671 2287 725 2319 16.
748 2287 823 2329 478,
841 2289 872 2321 8.
900 2298 983 2320 non-

328 2329 408 2362 nulli
435 2329 618 2363 subsistunt
646 2330 675 2370 1,
698 2331 753 2371 39,
774 2332 826 2365 23.
857 2331 901 2372 ΙΙ,
926 2333 982 2372 81,

331 2375 384 2408 10.
402 2374 543 2407 triennio
562 2374 754 2408 Ravennam
770 2375 923 2408 obsident
937 2377 984 2418 11,

327 2418 362 2458 9,
381 2418 432 2452 18.
465 2418 595 2452 Galliae
618 2423 745 2463 partem
774 2420 984 2463 Burgundio-

327 2462 424 2496 nibus
454 2467 598 2507 ereptam
640 2475 711 2496 cum
738 2465 874 2498 Francis
895 2465 984 2498 divi-

303 2544 305 2546 ,
328 2507 410 2540 dunt
424 2507 468 2550 ΙΙ,
484 2508 538 2550 66,
555 2509 585 2542 8.
609 2509 788 2542 affinitates
805 2520 876 2542 cum
891 2509 981 2542 Visi-

327 2551 453 2594 gotthis
469 2553 667 2586 contrahunt
684 2553 729 2595 11,
745 2555 799 2594 68,
827 2556 879 2587 11.
917 2555 980 2588 sub

326 2596 509 2638 Atalarico,
534 2597 567 2630 in
585 2597 696 2631 Gallia
710 2598 861 2631 obtinent
883 2599 980 2642 quid-

328 2641 409 2683 quid
435 2646 484 2675 est
513 2641 561 2675 cis
589 2642 783 2676 Rhodanum
799 2643 844 2686 ΙΙ,
868 2645 922 2683 70,
945 2643 977 2677 4.

328 2684 486 2719 Vandalis
504 2687 623 2720 offensi
646 2687 679 2726 Ι,
701 2688 782 2726 349,
807 2689 862 2722 21.
888 2699 979 2721 com·-

328 2734 455 2766 meatus
469 2732 617 2767 vendunt
638 2731 819 2775 Belisario,
852 2732 978 2777 petenti

517 244 565 278 illi
583 246 711 278 mortuo
729 243 911 277 succedunt
925 243 996 286 filii,

734 139 913 182 INDEX
936 140 1273 185 *HISTORIGUS

1081 243 1249 279 Vandalus
1261 245 1290 286 Ι,
1303 245 1379 287 370,
1393 247 1447 281 20.
1470 246 1640 280 literarum
1652 257 1729 280 oso-

1081 299 1137 322 res
1153 289 1197 329 ΙΙ,
1215 290 1268 329 14,
1282 291 1314 324 7.
1337 301 1409 324 cum
1423 291 1636 334 Gepaedibus
1658 291 1730 324 bel-

1081 333 1153 367 lant
1166 333 1209 372 ΙΙ,
1227 334 1279 374 19,
1295 335 1328 367 2.
1350 335 1405 376 58,
1421 335 1451 368 8.
1464 336 1525 368 sub
1541 335 1729 378 '1'heodato‚

1081 388 1155 411 cum
1179 378 1335 411 Romanis
1356 378 1390 411 in
1424 379 1587 413 Dalmatia
1612 380 1728 413 confli-

1082 425 1164 464 gunt
1179 422 1222 462 H,
1237 423 1292 460 33.
1306 423 1338 458 7.
1353 422 1445 456 Italis
1457 423 1552 457 invisi
1569 425 1675 465 11,39,
1697 427 1728 458 1.

1081 466 1209 509 Vitigin
1231 467 1293 499 sibi
1315 477 1427 510 regem
1453 468 1577 511 eligunt
1603 469 1645 508 ΙΙ,
1671 468 1727 510 58,

1079 512 1111 545 6.
1139 522 1210 543 cum
1234 511 1372 543 Francis
1396 511 1511 545 bellum
1539 517 1727 556 susceptum

1079 555 1200 589 habent
1214 555 1257 596 11,
1271 556 1326 599 59,
1341 556 1392 589 19.
1410 555 1489 599 ipsis
1507 557 1628 590 cedunt
1641 568 1728 600 quae

1079 599 1113 633 in
1136 599 1253 632 Gallia
1278 600 1324 633 cis
1352 600 1544 633 Rhodanum
1573 602 1728 634 tenebant

1081 644 1124 684 ΙΙ,
1139 645 1192 685 73,
1208 645 1240 678 3.
1285 644 1390 677 Roma
1403 644 1576 684 excedunt,
1601 645 1726 679 adven-

1080 692 1173 722 tante
1184 687 1342 721 Belisario
1350 688 1394 728 ΙΙ,
1409 688 1464 732 75,
1474 691 1508 724 2.
1540 688 1658 734 quibus
1673 701 1730 723 re—

1080 733 1231 777 gionibus
1246 738 1337 766 trans
1359 732 1461 766 sinum
1480 733 1604 767 Ionium
1625 734 1729 778 impe-

1079 778 1185 811 rarint
1202 778 1247 819 11,
1263 778 1316 820 80,
1339 777 1392 812 15.
1422 778 1560 811 Salonas
1578 777 1728 812 obsident

1078 823 1125 864 ΙΙ,
1141 823 1196 863 83,
1212 822 1242 857 6.
1252 822 1313 854 sub
1330 822 1497 856 moenibus
1506 822 1630 856 Romae
1641 822 1728 855 acri-

1076 866 1636 955 322525222{‚{{:.⁸Z;.{‘·.1}‘1}⁶⁹÷35¹
1638 868 1729 946 ‘biti

1551 936 1561 952 2
1630 937 1640 952 ν
1717 935 1726 945 ·

1077 956 1299 1000 aquaeductus
1339 955 1487 989 incidunt
1514 956 1549 989 ss
1573 956 1629 998 95,
1673 958 1727 991 18.

1077 1011 1187 1034 muros
1217 1001 1339 1033 frustm
1361 1004 1563 1044 oppugnant.
1585 1000 1634 1040 11,
1651 1001 1727 1042 105,

1077 1046 1111 1079 3.
1155 1045 1285 1078 illorum
1321 1044 1430 1078 clades
1467 1045 1522 1086 11,
1567 1046 1648 1085 112,
1695 1046 1728 1079 5.

1078 1089 1174 1134 lapsu
1189 1093 1320 1122 statuae
1333 1088 1535 1122 Theoderici
1543 1089 1729 1134 praesigni-
1752 1119 1755 1122 .

1076 1134 1178 1168 ficata
1193 1134 1236 1174 ΙΙ,
1261 1134 1335 1176 117,
1354 1134 1388 1167 8.
1413 1134 1549 1167 Portum
1566 1137 1730 1178 occupant

1077 1178 1124 1218 11,
1142 1179 1216 1218 125,
1231 1179 1263 1214 3.
1281 1188 1390 1211 eorum
1400 1178 1567 1222 pugnandi
1585 1177 1670 1211 ratio
1682 1179 1726 1221 ΙΙ,

1079 1223 1156 1264 129,
1189 1225 1242 1257 10.
1272 1222 1438 1255 Romanos
1466 1223 1527 1256 sub
1560 1223 1729 1257 moenibus

1078 1268 1151 1300 acie
1183 1267 1320 1300 vincunt
1357 1266 1410 1309 ΙΙ,
1440 1267 1526 1308 139,
1559 1268 1612 1302 17.
1643 1271 1728 1301 tem-

1077 1312 1136 1356 pla
1167 1311 1235 1346 SS.
1273 1310 1365 1344 Petri
1400 1314 1436 1345 et
1472 1310 1567 1344 Pauli
1597 1311 1728 1345 minime

1077 1356 1205 1390 violant
1214 1356 1258 1396 11,
1269 1356 1344 1396 160,
1355 1357 1408 1391 17.
1426 1355 1482 1389 lue
1489 1356 1615 1389 etfame
1623 1356 1729 1400 pressi

1073 1401 1254 1445 desperant
1262 1400 1306 1440 11,
1318 1401 1392 1441 167,
1402 1401 1453 1436 17.
1474 1401 1588 1434 urbem
1600 1401 1729 1435 frustra

1076 1448 1206 1479 tentant
1219 1456 1279 1489 per
1294 1445 1533 1489 aquaeductum
1551 1445 1594 1485 ΙΙ,
1609 1446 1682 1484 181,
1693 1447 1728 1479 9.

1072 1490 1277 1524 obsidionem
1293 1489 1452 1523 solvendo
1463 1514 1474 1529 ,
1495 1489 1621 1522 cladem
1637 1489 1729 1522 acci-

1076 1535 1170 1577 piunt
1185 1534 1226 1574 ΙΙ,
1242 1535 1315 1575 186,
1331 1535 1364 1568 6.
1388 1533 1566 1567 Ariminum
1575 1533 1728 1567 obsident

1074 1579 1118 1620 ΙΙ,
1137 1579 1211 1619 191,
1225 1578 1258 1611 4.
1277 1579 1402 1611 frustra
1416 1578 1459 1619 11,
1472 1579 1550 1619 217,
1574 1579 1605 1612 6.
1651 1578 1728 1612 Me-

1073 1623 1237 1656 diolanum
1247 1622 1379 1666 capiunt
1394 1622 1602 1666 diruuntque,
1616 1622 1727 1656 Fran-

1072 1667 1120 1700 cis
1135 1666 1325 1699 iuvantibus
1339 1666 1382 1706 11,
1400 1667 1476 1706 234,
1493 1668 1546 1700 17.
1562 1666 1605 1700 ab
1613 1666 1727 1702 iisdem

1071 1711 1163 1745 exuti
1188 1711 1317 1752 castris,
1341 1711 1385 1752 ΙΙ,
1409 1710 1488 1750 249,
1514 1710 1547 1745 5.
1571 1711 1648 1752 263,
1673 1713 1727 1748 10.

1074 1755 1202 1789 obsessi
1211 1755 1352 1797 Auximi,
1365 1766 1437 1788 cum
1450 1755 1504 1788 diu
1514 1755 1726 1797 restitissent,

1072 1800 1267 1834 deditionem
1277 1801 1427 1833 fecerunt
1444 1800 1487 1841 ΙΙ,
1501 1800 1578 1843 259,
1601 1802 1631 1834 1.
1654 1799 1727 1834 Ra-

1073 1856 1201 1879 vennae
1211 1845 1348 1883 obsessi,
1357 1843 1546 1878 Occidentis
1554 1843 1598 1878 im
1624 1844 1726 1878 etium

1074 1890 1222 1922 offerunt
1239 1889 1398 1922 Belisario
1412 1889 1457 1928 ΙΙ,
1474 1889 1550 1929 268,
1567 1891 1584 1923 1
1612 1913 1621 1922 .
1665 1889 1727 1922 de-

1075 1934 1175 1978 cepti,
1201 1934 1234 1966 in
1250 1935 1362 1966 urbem
1377 1934 1482 1978 ipsum
1499 1933 1664 1977 accipiunt
1678 1933 1725 1977 11,

1073 1980 1150 2016 270,
1170 1980 1199 2011 1.
1222 1978 1313 2011 multi
1330 1989 1365 2010 se
1378 1977 1426 2010 illi
1440 1977 1563 2011 dedunt
1578 1978 1622 2018 ΙΙ,
1645 1979 1724 2019 272,

1071 2024 1106 2056 2.
1125 2022 1229 2056 eidem
1255 2023 1287 2055 in
1308 2023 1430 2055 Persas
1446 2022 1585 2055 militant
1601 2022 1628 2063 1,
1643 2023 1724 2063 216,

1074 2069 1105 2100 1.
1129 2067 1211 2105 232,
1236 2068 1268 2101 3.
1300 2065 1376 2106 244,
1405 2065 1437 2099 4.
1462 2066 1558 2110 pauci
1582 2065 1615 2099 in
1638 2067 1722 2100 urbe

1072 2111 1189 2144 Ticino
1207 2122 1341 2154 regnum
1361 2109 1487 2143 Uraiae
1506 2111 1658 2143 deserunt
1678 2111 1723 2152 11,

1071 2157 1148 2196 273,
1168 2158 1196 2188 1.
1219 2156 1345 2198 Regem
1355 2159 1470 2188 creant
1483 2154 1661 2188 Ildibadum
1675 2155 1724 2196 ΙΙ,

1072 2200 1148 2239 274,
1168 2201 1219 2234 17.
1238 2204 1315 2243 post
1330 2200 1426 2240 hunc,
1448 2199 1554 2232 occiso
1570 2199 1722 2240 Erarico,

1073 2244 1218 2278 Totilam
1233 2244 1357 2287 eligunt
1371 2244 1415 2285 ll,
1436 2245 1514 2285 288,
1530 2245 1583 2278 20.
1598 2245 1675 2285 290,
1689 2245 1722 2280 3.

1071 2289 1231 2322 foeliciter
1263 2289 1305 2322 ad
1334 2288 1459 2322 Padum
1495 2293 1644 2331 pugnant
1677 2289 1722 2330 11,

1071 2334 1149 2373 298,
1182 2336 1212 2368 2.
1244 2338 1278 2366 et
1310 2333 1474 2367 Mucellae
1488 2332 1533 2373 ΙΙ,
1558 2333 1635 2374 299,
1669 2333 1722 2367 19.

1071 2378 1190 2412 Italiae
1205 2383 1328 2422 partem
1343 2380 1539 2418 recuperant
1548 2376 1592 2419 ΙΙ,
1599 2377 1677 2416 301,
1690 2379 1722 2411 1.

1073 2423 1153 2463 373,
1170 2424 1202 2456 8.
1227 2433 1337 2455 eorum
1346 2423 1380 2455 in
1390 2421 1587 2455 Tiburtinos
1603 2421 1724 2454 crude-

1071 2467 1147 2500 litas
1163 2467 1206 2510 11,
1229 2469 1306 2508 318,
1332 2467 1385 2500 13.
1414 2466 1551 2499 Romam
1575 2466 1724 2500 obsident

1068 2511 1115 2553 ΙΙ,
1130 2512 1207 2551 327,
1225 2514 1277 2546 11.
1307 2511 1505 2554 capiuntque
1529 2510 1574 2549 ΙΙ,
1595 2511 1672 2554 363,
1688 2511 1721 2544 4.

1068 2556 1213 2599 itemque
1229 2557 1428 2589 Placentiam
1444 2555 1489 2596 ΙΙ,
1499 2555 1580 2600 340,
1596 2556 1628 2588 8.
1647 2556 1720 2588 Ro-

1067 2611 1150 2633 mam
1167 2612 1187 2634 a
1213 2600 1370 2634 Belisario
1400 2605 1567 2644 receptam
1597 2599 1720 2633 frustra

1067 2649 1259 2688 oppugnant
1277 2645 1318 2685 ΙΙ,
1342 2646 1421 2687 378,
1448 2645 1499 2678 11.
1515 2643 1644 2677 tandem
1665 2655 1720 2677 re-

1067 2689 1191 2733 cipiunt
1205 2689 1248 2730 11,
1271 2689 1357 2732 433,
1381 2692 1413 2723 5.
1429 2688 1593 2722 navalium
1609 2693 1720 2722 certa-

1065 2733 1184 2769 minum
1198 2733 1298 2769 rudes
1313 2735 1358 2779 11,
1373 2734 1456 2776 583,
1483 2735 1514 2768 1.
1530 2732 1627 2768 foede
1641 2732 1718 2767 victi
