1800 3126
571 160 760 207 NOTAE
794 159 1087 204 ALEMANNI.
1459 160 1558 208 465

107 269 291 325 patricius
317 267 518 308 Romanus
556 283 579 307 a
608 267 871 308 Theodahato
900 267 1138 308 Gotthorum
1169 282 1261 321 rege
1291 267 1342 306 ad
1369 271 1557 310 Iustinia-

106 340 204 366 num
240 327 456 378 ablegatus.
515 327 689 364 Diversis
719 327 1012 378 magistratibus
1049 327 1090 364 in
1119 327 1266 364 oriente
1294 326 1452 365 functus
1484 336 1558 367 est.

106 382 288 423 Tandem
316 391 448 422 contra
477 381 643 422 Gotthos
670 396 795 422 senex
829 384 923 421 licet
952 390 991 422 et
1026 384 1225 422 bellorum
1253 385 1484 435 inexpertus
1513 387 1557 422 in

103 441 260 479 Italiam
285 441 465 478 mittitur.

211 498 257 534 P.
286 497 386 545 157,
419 500 484 538 12.
541 495 779 535 Eudaemon
806 496 1020 548 frequenti
1046 509 1209 533 numero
1231 497 1559 547 propinquorum

100 553 235 591 relicto
253 554 382 604 paulo
404 560 499 605 post
527 554 742 591 intestatus
771 551 960 605 decessit]
993 554 1112 591 Cuius
1143 553 1192 590 ob
1221 551 1263 590 id
1293 555 1426 590 omnia
1453 553 1558 591 bona

101 611 340 648 Iustinianus
381 612 509 662 rapuit
550 611 661 647 nulla
702 609 836 647 habita
874 611 1188 661 propinquorum
1230 611 1402 657 ratione3
1446 609 1558 647 idem

99 673 233 704 narrat
270 665 319 704 de
348 665 551 718 Euphrata
587 665 803 714 Eunucho3
842 665 891 703 de
925 667 1170 703 Tribouiauo
1209 673 1248 703 et
1282 679 1335 703 ex
1369 665 1555 718 Agmina,

101 721 151 760 de
186 723 274 760 aliis
305 721 479 761 diximus
508 736 625 774 supra
654 722 704 759 ad
731 737 772 774 p.
803 722 870 763 55.
928 724 1103 760 Iustinus
1131 724 1262 760 iunior
1295 729 1447 760 tantam
1474 736 1555 761 non
1602 737 1606 740 *

99 780 190 817 tulit
217 781 423 817 Iustiniani
451 782 719 831 impietatem,
750 786 794 816 ut
818 779 1008 830 Corippus
1036 779 1194 827 scrIbit3
1223 792 1363 817 verum

682 836 818 873 aliena
839 837 1039 887 pecunia,
1069 834 1183 885 dixit,

265 890 491 930 Reddenda
520 900 597 941 est,
625 894 741 930 vivus
765 894 882 943 patri
910 893 983 943 qui
1012 891 1191 929 substitit
1216 891 1368 943 haeres,

272 948 498 986 Thesauros
515 947 621 1000 fidis
645 950 831 1000 privato-5·
851 950 963 999 ferre
990 950 1188 986 ministris

263 1005 454 1055 Imperat.
476 1032 901 1038 ————

208 1061 256 1098 P.
283 1062 383 1110 157,
414 1061 480 1102 13.
535 1060 797 1113 Euplzratas]
841 1061 900 1098 De
930 1074 1008 1113 quo
1036 1062 1187 1099 mentio
1217 1067 1276 1099 est
1304 1061 1334 1099 l.
1364 1061 1391 1102 8
1424 1059 1552 1099 histo-

98 1117 179 1155 riae
207 1130 287 1155 non
315 1118 433 1168 longe
462 1131 484 1155 a
511 1119 718 1169 principio.

207 1175 253 1211 P.
283 1174 372 1222 158,
397 1177 437 1214 2.
495 1174 675 1225 Irenaei]
714 1172 814 1212 Vide
842 1176 986 1225 Evagr.
1018 1173 1089 1212 lib.
1117 1172 1143 1214 4
1172 1186 1258 1224 cap.
1288 1171 1315 1213 4
1345 1179 1384 1210 et
1413 1171 1551 1211 chron.

96 1228 315 1268 Alexandr.
346 1229 397 1267 ad
426 1232 672 1270 consulatum
703 1232 911 1268 Iustiniani
943 1234 968 1272 3
1000 1237 1037 1267 et
1067 1229 1119 1268 ad
1148 1230 1398 1268 consulatum
1427 1231 1552 1270 Lam-

96 1285 206 1339 padii
235 1294 274 1324 et
302 1288 468 1335 Orestis,
503 1295 539 1325 et
563 1290 729 1339 Procop.
759 1288 787 1324 l.
816 1291 834 1328 1
867 1288 961 1324 bell.
990 1289 1100 1324 Pers.

209 1344 385 1391 Ρ-158,
421 1347 483 1384 10.
545 1345 747 1394 Quartam
783 1342 970 1381 haeredes
1008 1343 1217 1394 haberent]
1256 1344 1365 1392 Lege
1402 1341 1553 1379 novell.

96 1402 164 1442 38.
220 1402 453 1450 Anonymus
482 1402 524 1438 in
554 1399 688 1438 chron.
728 1403 874 1440 Δοκων
904 1396 1086 1452 εὕνομεῖν
1111 1395 1384 1445 Ἰουστινιανὸς
1422 1395 1446 1437 ὅ
1483 1399 1553 1449 βα-

97 1453 227 1524 σι’λευς
255 1453 452 1509 πράγματι
482 1457 669 1525 ἐπεχείρει
697 1454 1041 1525 παρανομωτάτῳ,
1069 1471 1152 1496 των
1181 1452 1255 1508 γοῖρ
1281 1450 1570 1523 τελευτώντωνΥ

94 1527 167 1560 τας
197 1514 428 1564 περιουσίας
468 1509 542 1553 οὔκ
573 1513 633 1553 εἴα
662 1516 923 1565 κληρονομεῖν
951 1528 1045 1560 τους
1080 1512 1123 1553 ἐκ
1160 1511 1319 1564 γένους,
1361 1507 1460 1550 αλλὰ
1494 1512 1554 1564 τῷ

95 1569 273 1622 δημοσίῳ
311 1566 599 1623 προσαφῶριζε.
665 1570 919 1607 lastinianus
956 1571 1174 1620 imperator
1221 1569 1348 1619 specie
1379 1551 1553 1618 pietatis

93 1639 175 1662 rem
203 1626 503 1677 iniquissimam
542 1639 758 1678 aggressu-5·
796 1634 874 1671 est;
913 1639 1010 1663 nam
1045 1623 1312 1662 haereditates
1340 1623 1553 1674 defuncto-

93 1695 187 1719 rum
218 1690 408 1733 cognatoa
443 1681 558 1720 adire
586 1684 748 1720 minime
763 1684 978 1733 permisit,
1021 1680 1094 1719 sed
1121 1682 1228 1732 fisco
1268 1694 1336 1717 eas
1373 1678 1550 1720 addixit,

95 1738 162 1776 Sic
181 1738 363 1775 Belisarii
391 1739 494 1776 bona
515 1741 716 1788 Augustae
747 1737 885 1776 domui
916 1741 1105 1787 marinae,
1136 1745 1179 1775 ut
1209 1750 1328 1788 supra
1358 1735 1550 1784 diximus,

95 1793 253 1832 addicta
282 1801 372 1832 sunt
403 1808 424 1831 a
453 1796 686 1832 Iustiniano.

142 1848 148 1852 ”
205 1852 251 1887 P·
282 1852 372 1898 159,
403 1852 468 1891 12
528 1850 781 1902 Maltlzanes]
815 1853 862 1887 In
890 1851 1144 1900 inscriptione
1171 1849 1352 1887 novellae
1383 1846 1465 1888 142
1494 1854 1554 1886 est

94 1899 324 1963 Μαρθανῃ,
354 1909 395 1944 iu
427 1908 590 1958 epistola
620 1908 839 1954 Iustiniani,
871 1913 910 1943 et
939 1908 1034 1943 actis
1064 1904 1206 1957 synodi
1234 1907 1553 1970 Mopsuesteuae‚

92 1947 334 2002 Marthanii.
394 1963 507 2000 Unde
532 1964 739 2014 colligitur,
765 1961 1012 2000 Malthanem
1036 1975 1137 1999 anno
1161 1962 1319 2012 imperii
1342 1961 1553 1997 Iustiniani

93 2021 286 2070 vigesimo
311 2026 449 2071 quarto
479 2021 520 2056 in
545 2021 683 2057 Cilicia
710 2021 858 2067 fuisse,
887 2032 982 2055 nam
1002 2019 1244 2069 Mopsuestia
1270 2015 1462 2068 oppidum
1491 2023 1552 2054 est

93 2075 289 2114 secundae
319 2077 499 2124 Ciliciae,
530 2077 598 2113 ubi
628 2077 838 2113 concilium
868 2073 1054 2112 adversus
1080 2073 1339 2111 Theodorum
1370 2073 1549 2110 celebra-

91 2138 180 2170 tum
210 2139 288 2180 est,
320 2134 383 2169 cui
412 2131 634 2170 Malthanes
663 2134 773 2170 iussu
803 2132 980 2169 Caesaris
1008 2131 1199 2168 interfuit.

68 2183 74 2188 ⁸
203 2191 249 2227 P.
282 2189 383 2237 161,
421 2191 460 2230 6.
515 2191 679 2227 Priores
706 2189 885 2226 Romani
906 2186 1127 2238 principes]
1166 2188 1225 2223 De
1255 2184 1426 2236 Augusti
1455 2197 1548 2222 cura

91 2241 168 2283 hac
195 2259 314 2297 super
341 2259 383 2282 re
411 2246 500 2296 lege
530 2246 777 2283 Suetonium.
835 2245 951 2293 Pius,
981 2251 1025 2281 ut
1055 2244 1298 2295 Capitolinus
1328 2243 1406 2290 ait,
1436 2241 1547 2278 velli-

90 2302 296 2339 cularium
324 2316 488 2338 cursum
525 2316 685 2339 summa
716 2301 932 2353 diligentia
967 2300 1207 2338 εαὸῖεναιίι.
1263 2299 1452 2346 Severus,
1496 2304 1541 2335 ut
1564 2306 1598 2341 V
1620 2307 1690 2344 380

91 2358 225 2396 scribit
253 2359 505 2410 Spartianus,
543 2359 840 2396 vehicularium
869 2371 1015 2394 munus
1050 2370 1078 2393 a
1103 2358 1286 2407 privati-5·
1314 2353 1372 2392 ad
1395 2354 1549 2405 fiscum

93 2413 288 2453 traduxit.
346 2417 605 2465 Imperatores
634 2416 710 2466 ipsi
740 2415 893 2461 Caesar,
923 2415 1039 2461 Nero,
1073 2419 1112 2450 et
1140 2413 1207 2451 alii
1236 2425 1307 2464 per
1336 2410 1547 2462 dispositos

94 2482 214 2522 equos
243 2472 308 2508 vel
335 2470 528 2509 vehiculis
559 2485 603 2508 ac
630 2470 762 2508 rhedis
785 2483 906 2522 prope
935 2468 1159 2507 incredibili
1182 2470 1379 2506 celeritate
1404 2469 1546 2504 itinera
1571 2475 1602 2511 Α
1623 2476 1692 2512 112

91 2525 323 2577 longissima
353 2530 503 2566 emensi
533 2535 637 2566 sunt.
695 2526 794 2567 Vide
824 2527 912 2569 Val.
942 2527 1053 2564 Max.
1082 2526 1110 2563 l.
1135 2527 1161 2568 5
1192 2539 1225 2564 c.
1257 2525 1298 2566 5.
1327 2525 1431 2561 Plin.
1461 2524 1490 2561 l.
1519 2527 1546 2565 7

95 2593 130 2619 c.
159 2585 199 2624 5.
232 2584 432 2622 Plutarch.
462 2587 503 2622 in
534 2586 646 2622 caes.

201 2639 248 2676 P·
281 2641 381 2691 161,
411 2643 451 2683 7.
518 2642 569 2678 Ut
598 2654 719 2692 quam
744 2638 942 2676 celerrime
968 2651 1014 2675 ex
1041 2638 1205 2675 nunciis
1243 2634 1544 2687 cognoscerent]

93 2691 306 2733 Suetonius
335 2697 376 2733 in
405 2699 584 2749 Augusto
615 2695 782 2734 eandem
812 2696 1050 2733 sententiam
1078 2695 1134 2732 sic
1163 2694 1319 2731 extulit.
1378 2693 1434 2730 Et
1464 2705 1544 2743 quo

93 2749 277 2801 celerius,
316 2765 365 2790 ac
392 2727 493 2792 subo
497 2768 662 2792 manum
691 2753 938 2790 annunciare:
968 2752 1231 2803 cognoscique
1252 2750 1407 2800 possit,
1447 2746 1550 2800 quid

92 2807 135 2844 in
157 2809 373 2857 provincia
401 2819 559 2863 quaque
588 2816 807 2864 gereretur,
850 2810 1008 2848 iuvenes
1040 2808 1176 2859 primo
1211 2804 1383 2844 modicis
1419 2806 1546 2843 inter-

149 2867 335 2914 Procopius
363 2862 1270 2908 111.30
