1800 3126
300 124 396 170 576

345 226 452 261 mariti
466 227 605 263 Ioannes
616 227 695 264 ibid.
707 227 907 263 Areobindis
920 229 999 263 360.

301 273 519 352 Priiigotores
537 317 613 352 456.

302 363 612 417 Pseudogordianus
637 361 800 397 refellitur
830 361 907 398 379.
923 361 999 398 420.

301 409 414 485 1)εὲΞὲ
417 432 587 485 'Diaconus
601 451 678 484 463.

301 497 456 540 Purpura
476 496 515 529 ad
531 497 622 529 fores
645 498 844 528 mortuorum
870 494 948 528 410.

305 541 473 581 Quaestor
500 538 614 583 στόμα
631 539 804 584 βασιλέως
828 539 906 574 446.
931 539 1001 574 eius

347 595 462 618 munus
476 584 553 619 428.
571 585 645 619 146.
663 591 740 618 ante
750 584 1000 619 Constantinum

304 630 509 714 Qiikaleitores
532 674 656 707 diversi
686 674 767 708 ibid.
793 674 961 715 Quaestor
979 685 1002 709 a

347 719 550 759 Quaesitore
568 719 682 752 differt
698 719 777 752 ibid.

303 764 456 804 Quatuor
483 764 588 797 literis
620 775 737 797 nomen
761 763 877 797 scribit
906 773 999 797 suum

347 809 488 841 lustinus
507 810 582 844 366.

303 853 496 886 Ravennam
547 865 588 887 an
628 853 758 888 venerit
799 851 1000 886 lastinianus

303 899 615 976 Regffiissndariorum
633 942 775 976 officium
791 941 869 976 429.

302 987 416 1030 Reges
437 988 576 1022 Barbari
602 999 622 1022 a
657 987 840 1021 Iustiniano
870 985 1001 1031 excepti

302 1033 616 1121 Rggtzbhuosopffi
626 1081 695 1109 tres
709 1077 788 1110 439.

301 1121 464 1165 Reliquiis
485 1122 671 1165 Martyrum
687 1119 886 1155 convalescit
900 1118 1002 1153 Iusti-

347 1166 462 1199 nianus
477 1167 554 1202 383.

302 1211 410 1244 Roma
425 1211 597 1256 quinquies
612 1211 673 1244 sub
688 1209 871 1244 Iustiniano
902 1212 1002 1254 capta

302 1256 440 1333 Religziii
455 1299 665 1346 praenomina
673 1298 785 1345 primis
799 1297 903 1331 literis
918 1297 1001 1331 scri-

348 1345 430 1378 bunt
442 1346 520 1380 366.

301 1390 441 1423 Romani
458 1389 617 1423 sermonis
650 1399 728 1421 usus
746 1387 832 1432 apud
855 1388 1002 1432 Impera-

345 1440 438 1488 tores
459 1435 606 1468 Orientis
633 1435 711 1468 427.
745 1432 874 1477 quaudo
906 1432 1004 1465 desiit

301 1480 441 1575 Rdiiilaeilni
454 1524 565 1559 Persis
590 1526 624 1556 et
650 1521 816 1556 Avaribus
835 1520 1004 1556 tributarii

301 1570 421 1646 Βιῗεῖιῗὶ
437 1612 572 1656 aurigae
596 1611 772 1644 Circenses
790 1609 866 1644 372.

302 1658 410 1691 Sabas
427 1657 685 1691 Palaestinoruni
700 1655 829 1698 legatus
851 1655 928 1688 421.
950 1654 1002 1687 in-

346 1709 414 1736 stat
428 1703 514 1746 apud
529 1700 740 1733 lastinianum
757 1704 874 1731 contra
882 1699 1002 1732 Sama—

346 1748 430 1781 ritas
453 1747 531 1780 405.
563 1744 763 1778 'l'lieodorae
786 1743 911 1787 prolem
941 1755 1002 1787 pe·

345 1792 428 1825 tenti
446 1803 511 1825 non
537 1789 727 1833 obsequitur
749 1789 825 1823 357.
849 1789 927 1822 421.
944 1798 1002 1822 cut

302 1838 480 1914 Sailiffitius
507 1877 681 1913 Iustiniani
703 1877 787 1922 Imp.
812 1879 909 1921 pater
924 1878 1000 1912 377.

345 1925 425 1961 416.
452 1926 529 1960 418.
568 1923 624 1968 qui
660 1927 695 1956 et
722 1923 877 1956 Istochus
895 1922 1000 1956 dictus

300 1970 586 2067 ad4S1agcerdotium
602 2015 763 2056 coguntur
778 2011 921 2046 rebelles
934 2012 1001 2047 Im-

301 2059 583 2138 Saiiiiiildn4=3÷>ide
599 2102 766 2135 Solomon.

301 2148 458 2182 Salutare
479 2148 512 2181 in
540 2149 651 2180 Coena
672 2145 804 2179 Domini
824 2156 890 2180 uon
920 2145 999 2179 licet

301 2193 538 2271 Saii’azitarum
554 2235 729 2274 simulatio,
743 2233 873 2274 seditio,
889 2234 997 2266 rebel-

344 2282 388 2315 lio
403 2282 479 2316 406.
508 2282 542 2314 in
570 2291 628 2313 eos
645 2279 814 2312 Iustiniani
835 2278 995 2312 constitu-

343 2327 450 2359 tiones
465 2327 541 2362 405.

302 2371 440 2415 Sainpso
473 2369 636 2404 Patricius
664 2368 761 2403 Rom.
787 2368 998 2403 Iustinianum

346 2421 440 2449 sanat
472 2417 548 2450 355.
587 2413 818 2447 Nosocomium
846 2415 999 2448 aedificat

344 2461 425 2494 ibid.
463 2472 504 2493 an
533 2458 710 2493 lustiniano
732 2456 895 2504 antiquior
918 2458 998 2493 ibid.

344 2517 390 2560 3³¹¹.
417 2506 477 2539 sub
508 2505 610 2539 Mena
645 2503 840 2538 Patriarcha
877 2503 998 2537 vixerit

302 2550 480 2637 Saiissginis
522 2598 604 2639 potu
651 2593 802 2628 firmatae
835 2592 998 2634 amicitiae

302 2641 457 2723 ZZZ-eg
488 2684 530 2718 ad
567 2684 654 2717 sores
685 2687 886 2717 mortuorum
919 2683 998 2721 410.

303 2730 464 2766 Saraceni
478 2734 514 2764 ut
528 2733 628 2774 caput
649 2733 782 2774 comunt
802 2729 882 2765 373.

784 125 963 168 INDEX
993 125 1052 168 IN
1082 126 1262 170 NOTAS

1045 226 1242 261 Saturninus
1257 228 1334 267 435.

1044 271 1088 305 de
1107 273 1318 307 scenicarum
1340 273 1462 319 nuptiis
1476 275 1594 313 Iustini
1621 276 1743 311 consti-

1089 317 1173 350 tutio
1197 318 1274 352 386.
1322 341 1337 347 -

1045 361 1187 395 Scholae
1201 362 1336 395 militum
1356 362 1435 398 456.

1044 405 1208 439 Scholarii
1222 407 1299 441 455.
1314 406 1505 440 Iustinianei
1517 408 1596 443 398.

1045 450 1174 484 Scirtus
1192 451 1324 490 fluvius,
1339 463 1405 485 non
1419 452 1560 496 Scyrtus
1573 452 1651 488 442.

1045 495 1152 528 Sedes
1168 495 1328 540 plicatiles
1341 497 1419 531 379.

1044 539 1169 573 Seditio
1186 538 1302 582 Vince,
1320 541 1405 575 Nica
1419 540 1498 578 411.
1519 543 1555 575 et
1568 551 1639 586 seq.

1045 584 1262 618 Senatoribus
1293 586 1486 619 meretrices
1527 585 1649 619 ducere
1676 596 1740 620 non

1087 629 1181 663 licuit
1213 630 1293 664 386.
1336 630 1400 663 illis
1437 629 1638 664 matrimonia
1669 641 1741 664 cum

1087 674 1226 707 abiectis
1268 674 1390 718 primus
1419 675 1568 719 permisit
1595 673 1741 709 lustinus

1087 718 1172 762 Imp.
1194 720 1272 754 387.

1045 763 1239 807 Septimum,
1259 762 1478 797 suburbanum
1492 763 1570 798 430.

1044 808 1218 853 Sepulcra,
1231 808 1323 841 locus
1337 808 1520 842 deliciarum
1541 807 1621 842 ibid.

1045 864 1065 888 a
1081 853 1200 896 Sergio
1232 858 1267 886 et
1281 854 1414 886 Baccho
1429 853 1530 888 Mart.
1561 853 1741 887 liberantur

1090 909 1109 931 e
1141 909 1276 932 carcere
1305 897 1449 932 lustinus
1478 903 1514 932 et
1540 897 1742 932 lastinianus

1046 987 1154 1030 Sergii
1170 986 1328 1030 Martyris
1343 986 1496 1021 Ecclesia
1511 988 1611 1021 antea
1626 985 1741 1020 domus

1090 1032 1261 1064 Iustiniani
1274 1032 1350 1066 396.

1045 1076 1184 1119 Sergius
1203 1076 1324 1109 Bacchi
1339 1075 1424 1110 filius
1439 1074 1520 1111 359·

1046 1121 1150 1154 Serici
1166 1120 1304 1165 pretium
1319 1120 1395 1155 458.

1046 1166 1160 1199 Series
1170 1166 1416 1199 Praefectorum
1430 1163 1522 1198 urbis
1530 1163 1599 1197 ΟΡ.
1613 1162 1674 1196 sub
1685 1161 1747 1195 Iu-

1090 1209 1175 1244 stino
1189 1210 1267 1244 383.
1295 1211 1541 1244 praefectorum
1565 1207 1740 1242 Praetorio

1089 1256 1167 1289 447.
1187 1254 1465 1300 Curopalatarum
1478 1252 1557 1289 364.
1573 1252 1743 1294 Quaesto-

1088 1309 1161 1332 rum
1176 1299 1254 1334 446.
1715 1337 1719 1339 ,

1045 1344 1195 1377 Severus
1218 1342 1357 1378 ethnicis
1385 1342 1501 1377 ritibus
1538 1340 1743 1376 contamina·

1090 1392 1146 1422 tus
1163 1389 1241 1423 408.

1045 1433 1218 1467 Silentium
1233 1433 1312 1478 quid
1325 1432 1401 1469 456.
1416 1431 1600 1467 Silentiarii
1620 1433 1656 1465 et
1682 1441 1743 1464 eo-

1090 1489 1160 1511 rum
1176 1478 1256 1511 ordo
1279 1477 1358 1511 ibid.

1046 1522 1208 1556 Silverius
1224 1523 1317 1566 Papa
1336 1520 1497 1554 occiditur
1521 1521 1563 1554 ab
1587 1518 1741 1563 Eugenio

1077 1567 1168 1601 1350.
1185 1567 1254 1600 eius
1290 1577 1402 1600 necem
1429 1565 1550 1610 Vigilio
1565 1576 1624 1598 cur
1637 1564 1743 1602 ucri-

1089 1611 1172 1643 bunt
1186 1611 1331 1644 Africani
1351 1610 1428 1646 ibid.

1046 1655 1153 1689 Sittas
1183 1655 1347 1689 Patricius
1377 1653 1573 1688 Comitonae
1605 1652 1742 1687 maritus

1046 1744 1241 1777 Solomones
1255 1743 1319 1777 duo
1338 1742 1371 1777 in
1398 1741 1513 1776 Africa
1532 1742 1610 1778 359.

1046 1789 1234 1822 Solomonis
1249 1789 1354 1832 Regis
1385 1793 1498 1822 statua
1524 1798 1548 1822 a
1561 1784 1742 1831 Iusfflno

1090 1834 1198 1878 posita
1213 1835 1290 1867 400.

1046 1878 1170 1923 Sophia
1197 1879 1281 1921 Aug.
1311 1876 1511 1911 Theodorae
1540 1875 1648 1921 neptis
1663 1875 1742 1912 419.

1090 1923 1160 1956 eius
1175 1928 1278 1956 mater
1293 1923 1369 1957 378.
1384 1921 1552 1956 consilium
1569 1921 1646 1957 356.

1045 1968 1228 2008 Stabulum,
1244 1965 1415 2008 σταθμός,
1430 1965 1509 2009 quid
1523 1965 1602 2000 466.

1045 2014 1232 2057 Stephanus
1247 2012 1440 2046 Praefectus
1463 2015 1579 2044 contra
1596 2009 1744 2044 Samari-

1044 2101 1230 2145 Strategius
1245 2111 1285 2134 an
1305 2100 1410 2133 frater
1431 2098 1601 2133 Iustiniani
1615 2099 1694 2133 371.

1043 2147 1243 2179 Suburbana
1264 2146 1499 2189 lmperatorum
1515 2143 1584 2178 ΟΡ.
1615 2143 1696 2182 430.

1041 2191 1165 2224 Suidae
1196 2190 1260 2224 soli
1281 2195 1360 2223 nota
1381 2188 1539 2234 Procopii
1559 2184 1740 2229 οἶνέκῆσα

1038 2281 1238 2323 Συνοδίτης
1259 2279 1337 2325 quid
1364 2279 1442 2313 396.

1042 2322 1194 2367 Συνωνὴ
1219 2336 1278 2370 pro
1295 2327 1433 2358 Annona
1446 2321 1523 2358 451.
1536 2321 1616 2356 452.

1043 2373 1202 2416 Syrorum
1260 2373 1294 2404 et
1351 2367 1612 2402 Palaestinorum
1670 2376 1740 2401 mos

1086 2415 1164 2450 415.

1043 2460 1205 2494 Tatianns
1219 2457 1380 2502 Magister
1396 2454 1499 2491 offic.
1515 2454 1593 2490 410.
1607 2487 1609 2489 .

1043 2504 1239 2540 Tauresium
1254 2502 1464 2537 etBederina
1473 2511 1513 2534 an
1529 2499 1646 2538 cadem
1661 2499 1742 2534 urbs

1046 2590 1248 2637 Ταξιδᾶρης
1268 2591 1347 2636 quid
1362 2591 1443 2627 362.

1042 2639 1214 2674 Tertullus
1239 2649 1282 2671 an
1297 2635 1467 2671 lustininni
1483 2633 1681 2680 exadelphus
1704 2636 1740 2668 et

1086 2684 1284 2718 Theodorae
1305 2686 1464 2725 cognatus
1479 2681 1556 2714 379.
1573 2679 1650 2720 420.

1042 2729 1228 2766 Thalenses
1251 2733 1371 2772 sponte
1400 2725 1647 2772 conflagrarunt
1661 2723 1739 2760 405.
