1754 3132
577 153 839 198 HISTORIA
873 153 1095 197 ARCANA.
1286 156 1288 158 ’
1510 154 1533 198 1
1547 154 1568 198 1

115 269 255 326 ἑτέραν
282 266 383 312 ι’όντι
406 265 588 324 χαλεπήν
610 286 699 312 τινα
719 269 785 311 καὶ
803 269 943 319 δεινῶς
965 266 1124 323 ἄμαχον
1145 265 1512 325 τῶνἸουστινιανῷ
1532 284 1574 310 τε

115 339 182 382 καὶ
206 335 404 398 &mardoo
424 337 684 392 βεβιωμένων
702 337 945 392 βαμβαίνειν
961 354 1004 380 τε
1020 338 1086 379 καὶ
1108 335 1360 388 ἄναποδίζειν
1381 335 1445 378 ε’πὶ
1466 339 1577 378 πλεῖ-

117 423 214 450 στον
246 407 370 450 ἐκεῖνο
400 406 737 464 διαριθμουμένῳ
772 406 1004 460 ξυμβαίνει,
1036 404 1098 448 ὅτι
1128 402 1180 460 δή
1205 421 1274 459 μοι
1302 407 1434 447 ταῦτα
1456 404 1498 446 ἓν
1521 408 1579 462 τῷ
1604 411 1633 445 Β

117 472 289 532 παρόντι
319 473 567 532 γεγράψεται
594 476 646 518 τὰ
675 472 777 530 μήτε
796 475 920 517 πιστὰ
938 473 1039 529 μήτε
1058 471 1191 517 εἰκότα
1212 469 1479 530 φανησόμενα
1495 480 1583 523 τοῖς
1605 481 1635 514 Α
1658 481 1680 515 2

86 543 292 589 ὅὸπισθεν
315 543 617 600 γενησομένοις,
650 542 784 593 ἄλλως
804 560 847 586 τε
870 541 1042 598 ὁπηνίκα
1066 544 1129 586 ἐπὶ
1148 542 1250 598 με’γα
1274 539 1423 599 ῥεύσας
1444 539 1464 584 ὃ
1481 539 1584 598 χρό-

118 629 188 663 νος
218 612 494 670 παλαιοτέραν
523 613 599 668 τὴν
621 611 749 666 ἀκοὴν
772 611 1063 668 ἀπεργάσεται,
1094 612 1256 654 δέδοικα
1273 611 1331 666 μὴ
1352 612 1418 653 καὶ
1442 615 1583 665 ‚nv-90-
1605 619 1638 653 V
1662 619 1730 654 280

119 682 258 738 λογίας
289 681 512 736 ἀποίσομαι
543 680 668 732 δόξαν
697 680 772 724 κᾶν
808 688 896 731 τοῖς
933 679 1389 740 τραγῳδοδιδασκάλοις
1418 677 1587 730 τετάξο-

119 768 208 804 μαι.
277 751 414 808 ἐκείνῳ
441 750 578 805 μέντοι
601 750 648 793 τὸ
670 754 842 807 θαρρεῖν
863 749 965 804 ἔχων
988 749 1061 792 οὐκ
1085 747 1359 792 ἀποδειλιάσω
1379 748 1451 791 τὸν
1472 747 1590 804 ἷίγκον

120 823 195 862 τοῦ
216 817 358 875 ἔργου,
392 817 448 868 ὥς
468 836 538 873 μοι
556 819 629 861 οὐκ
651 816 942 876 ἀμαρτύρητος
964 816 984 861 ὅ
1006 816 1126 874 λόγος
1147 819 1269 860 ἐστίν.
1341 817 1379 861 οἳ
1409 817 1488 873 γὰρ
1517 821 1591 860 νῦν

68 899 113 934 10
124 887 342 944 ἄνθρωποι
377 887 702 942 δαημονέστατοι
725 885 932 943 μάρτυρες
953 892 1036 930 τῶν
1053 884 1240 944 πράξεων
1264 884 1376 935 ’ὄντες
1395 884 1591 944 ἀξιόχρεῳ

123 954 394 1010 παράπομποι
417 957 458 1006 ἐς
477 956 549 998 τὸν
569 956 706 998 ἔπειτα
728 953 880 1012 χρόνον
900 960 974 1011 τῆς
993 953 1093 1011 ὑπὲρ
1112 955 1250 998 αὐτῶν
1274 957 1448 1004 πίστεως
1474 953 1591 997 ἴσον-

123 1041 206 1068 ται.
275 1024 406 1067 καίτοι
424 1041 475 1079 με
497 1027 564 1067 καὶ
587 1024 687 1067 ἄλλο
710 1041 748 1066 τι
772 1025 813 1074 ἒς
833 1022 953 1080 λόγον
971 1022 1087 1067 τόνδε
1107 1024 1292 1081 ὀργῶντα
1312 1021 1507 1073 πολλάκις
1526 1023 1588 1065 ἐπὶ
1613 1030 1642 1064 C

63 1090 68 1094 ’
124 1097 313 1136 πλεῖστον
341 1092 565 1148 ἀνεχαίτισε
596 1091 758 1149 χρόνον.
831 1092 1008 1144 ἐδόξασα
1034 1093 1113 1149 γὰρ
1137 1100 1223 1143 τοῖς
1245 1093 1286 1142 ἒς
1303 1092 1350 1135 τὸ
1372 1091 1507 1134 ἔπειτα
1526 1109 1592 1148 γε-

124 1162 365 1218 νησομένοις
386 1160 626 1219 ἀξύμφορον
647 1161 816 1204 ἔσεσθαι
835 1160 961 1204 τοῦτό
979 1179 1045 1218 γε,
1086 1163 1169 1204 ἐπεὶ
1191 1166 1275 1205 τῶν
1292 1160 1419 1216 ἔργων
1443 1160 1493 1203 τὰ
1515 1178 1593 1203 πο-

74 1236 115 1273 15
127 1228 336 1286 νηρότατα
363 1228 545 1284 μάλιστα
578 1231 750 1281 ξυνοίσει
778 1229 968 1287 ἄγνωστα
990 1228 1128 1289 χρόνῳ
1149 1235 1208 1288 τῷ
1233 1228 1392 1287 ὑστέρῳ
1416 1227 1540 1282 εἶναι,
1568 1228 1594 1284 ἢ

128 1306 217 1349 τοῖς
237 1296 453 1355 τυράννοις
472 1300 512 1348 ἐς
537 1298 664 1353 ἀκοὴν
684 1298 838 1354 ἥκοντα
862 1299 1022 1354 ζηλωτὰ
1047 1300 1246 1355 γίνεσθαι.
1300 1302 1383 1340 τῶν
1398 1298 1475 1354 γὰρ
1495 1315 1597 1354 κρα-

129 1365 311 1412 τούντων
332 1366 393 1410 ἀεὶ
414 1374 500 1417 τοῖς
519 1369 722 1416 πλείστοις
742 1366 914 1423 εὔπορος
933 1365 1013 1410 ὑπὸ
1035 1367 1225 1421 ἀμαθίας
1245 1365 1270 1421 ἡ
1291 1367 1331 1416 ἐς
1348 1370 1430 1409 τῶν
1451 1383 1598 1423 προγε-

130 1436 356 1493 γενημένων
388 1435 440 1477 τὰ
470 1435 574 1478 κακὰ
602 1437 796 1490 μίμησις,
831 1437 898 1478 καὶ
919 1436 1022 1492 πρὸς
1043 1436 1095 1478 τὰ
1117 1434 1385 1492 ἡμαρτημένα
1407 1441 1492 1484 τοῖς
1517 1452 1599 1477 πα-

133 1501 488 1563 λαιοτέροιςρᾷόν
517 1522 559 1547 τε
591 1506 657 1546 καὶ
689 1502 949 1559 ἀπονώτερον
971 1505 1011 1554 ἒς
1033 1504 1093 1547 ἀεὶ
1118 1505 1346 1560 τρέπονται.
1420 1501 1527 1546 ἀλλά
1550 1521 1601 1557 με

77 1572 308 1631 2Οῧστερον
326 1573 366 1622 ἒς
386 1575 514 1616 τῶνδε
538 1577 621 1616 τῶν
642 1571 770 1628 ἔργων
791 1573 864 1627 τὴν
887 1573 1072 1629 ἱστορίαν
1091 1578 1213 1616 τοῖτο
1233 1572 1416 1628 ἤνεγκεν,
1460 1570 1522 1614 ὅτι
1552 1572 1602 1626 δὴ

134 1649 220 1693 τοῖς
254 1643 296 1692 ἐς
327 1640 375 1684 τὸ
407 1640 543 1684 ἔπειτα
567 1639 890 1699 τυραννήσουσιν
916 1641 1085 1698 ἔνδηλον
1110 1642 1222 1685 ἔσται
1246 1640 1302 1692 ὥς
1323 1637 1504 1696 μάλιστα
1529 1641 1603 1695 μὲν

227 1753 263 1787 6.
297 1747 563 1795 ἀπεργάσεται]
595 1748 836 1796 ἀπεργάζεται
861 1762 981 1796 apogr.
1006 1752 1120 1786 Holst.
1263 1753 1297 1787 7.
1328 1750 1605 1795 τραγῳδοδιδα-

228 1794 400 1842 σκάλοις]
435 1797 633 1842 Legebatur
663 1797 1036 1846 τραγῳδιδασκάλοις.
1174 1797 1260 1832 ibid.
1296 1797 1516 1840 τετάξομαι]
1551 1810 1604 1832 τε·

227 1842 395 1900 τάξωμαι
419 1855 542 1888 apogr.
568 1843 682 1880 Holst.
819 1845 874 1879 13.
909 1842 1090 1888 ἐδόξασα]
1126 1843 1302 1886 ἐδόξαζον
1335 1855 1457 1888 apogr.
1492 1843 1607 1877 Holst.

232 1889 296 1970 &kl
327 1888 548 1947 aggjwpoeov
580 1901 700 1936 apogr.
733 1891 850 1925 Holst.
897 1887 1116 1935 ἀσύμφορον
1151 1891 1191 1924 P.
1331 1891 1389 1925 21.
1425 1887 1475 1931 ὡς
1499 1890 1606 1925 Alem.

265 1948 284 1970 u
298 1948 342 1981 go
365 1950 405 1982 φ.

141 2028 288 2070 stortae,
325 2040 398 2063 cum
429 2039 486 2062 res
517 2028 654 2063 silentio
686 2039 890 2075 suppressas
917 2029 1103 2070 hactenus,
1137 2032 1206 2062 tum
1232 2038 1369 2073 earum,
1397 2039 1486 2072 quae
1511 2027 1609 2072 prius

142 2076 303 2120 vulgatae
326 2081 424 2116 sunt,
456 2085 577 2108 causas
601 2075 715 2109 edere.
762 2075 833 2108 Sed
859 2074 970 2116 aliud,
994 2075 1170 2109 molestum
1193 2085 1275 2108 sane
1300 2079 1335 2107 et
1359 2074 1607 2115 difficillimum,

143 2125 336 2166 repugnat3
369 2120 523 2155 nimirum
546 2121 727 2155 Iustiniani
750 2121 823 2154 vita
847 2133 887 2154 ac
910 2121 1143 2162 Theodurae,
1181 2120 1224 2154 ad
1249 2132 1350 2165 quam
1375 2120 1518 2154 animum
1545 2132 1607 2165 ap—

144 2167 296 2213 pellem,
320 2175 451 2209 tremo,
475 2166 741 2212 longissimeque
763 2168 924 2201 retrahor
947 2167 1012 2201 hac
1036 2166 1267 2210 cogitatione,
1292 2179 1333 2200 ea
1357 2178 1409 2200 me
1432 2165 1498 2200 iam
1522 2166 1609 2200 scri—

145 2218 305 2259 pturum,
337 2224 425 2258 quae
455 2224 518 2246 nec
549 2213 617 2247 fide
649 2213 771 2258 digna,
802 2225 864 2247 nec
895 2213 1093 2247 verisimilia
1124 2213 1271 2258 posteris
1294 2213 1511 2248 videbuntur.
1560 2216 1609 2246 Ac

147 2259 290 2294 maxime
322 2271 396 2293 cum
430 2259 546 2293 harum
575 2270 687 2293 rerum
711 2259 876 2294 historiae
900 2260 1104 2304 longinquus
1128 2259 1292 2303 temporis
1315 2259 1431 2304 lapsus
1454 2270 1610 2303 magnam

147 2310 353 2339 vetustatem
387 2304 558 2344 attulerit,
591 2316 713 2340 vereor
736 2317 779 2338 ne
802 2306 923 2340 famam
947 2305 1151 2340 fabulatoris
1174 2312 1243 2339 tum
1268 2306 1433 2345 referam,
1469 2311 1505 2338 ct
1538 2316 1611 2338 cum

146 2351 388 2386 recitatoribus
419 2351 674 2395 tragoediarum
699 2363 910 2386 annumerer.
958 2354 1003 2385 At
1028 2363 1145 2386 rursus
1169 2363 1221 2385 me
1244 2351 1326 2384 illud
1352 2350 1531 2384 confirmat
1554 2362 1612 2384 ve-

149 2402 272 2442 tatque
296 2397 483 2432 absterreri
508 2397 683 2442 gravitate
706 2398 889 2439 materiae,
927 2399 1020 2443 quod
1053 2397 1187 2432 nonnisi
1211 2402 1337 2431 testata
1362 2408 1477 2430 narro.
1525 2397 1613 2429 Nam

152 2444 211 2489 qui
244 2443 348 2477 hodie
380 2444 522 2484 vivunt,
554 2443 734 2477 certissimi
770 2447 921 2478 actorum
955 2447 1085 2487 testes,
1118 2443 1202 2478 satis
1235 2445 1362 2477 habent
1384 2441 1613 2480 auctoritatis,

153 2495 192 2524 ut
213 2489 328 2531 tidem,
351 2501 452 2534 quam
475 2489 536 2523 illa
558 2490 697 2531 habent,
722 2490 757 2523 in
781 2501 991 2535 consequens
1015 2502 1135 2524 aevum
1161 2490 1363 2535 producant.
1411 2489 1614 2532 Quanquam

154 2540 190 2570 et
211 2535 371 2581 quiddam
395 2535 487 2569 aliud
512 2547 564 2570 me
587 2536 631 2570 ad
655 2537 740 2569 haec
762 2536 874 2570 literis
895 2536 1084 2570 mandanda
1107 2548 1211 2580 saepe
1230 2536 1408 2579 impulsum
1425 2533 1616 2567 diutissime

155 2583 334 2626 repressit.
382 2581 436 2616 Ea
458 2594 579 2627 nempe
602 2582 690 2616 haud
715 2581 750 2616 in
775 2594 846 2616 rem
868 2583 944 2616 fore
969 2581 1166 2628 posteritati
1191 2583 1386 2615 censebam:
1417 2591 1490 2613 cum
1514 2579 1618 2612 multo

158 2627 265 2672 magis
286 2628 450 2672 expediat
473 2629 589 2662 futuro
613 2634 768 2673 tempore
790 2628 942 2672 ignorari
976 2627 1224 2672 improbissime
1254 2628 1370 2666 sacta,
1408 2636 1526 2670 quam,
1560 2625 1619 2657 ubi

159 2673 201 2706 ad
229 2678 449 2718 tyrannorum
483 2686 582 2709 aures
618 2674 856 2719 pervenerint}
892 2674 1057 2708 imitanda
1089 2675 1155 2708 illis
1186 2673 1309 2707 videri.
1359 2672 1487 2705 Eorum
1519 2669 1619 2710 enim,

159 2717 218 2763 qui
251 2730 362 2753 rerum
397 2720 594 2764 potiuntur,
632 2720 803 2765 plerisque
836 2720 997 2765 expedita
1029 2731 1164 2764 semper
1195 2719 1252 2752 via
1287 2722 1340 2752 est
1371 2717 1413 2751 ad
1446 2716 1619 2760 sequenda

161 2764 267 2798 stulte
298 2765 460 2800 maiorum
496 2766 602 2801 vitia:
635 2771 738 2810 atque
768 2766 817 2799 iili
849 2766 984 2800 facilius
1009 2766 1265 2811 promptiusque
1290 2764 1332 2797 ad
1357 2773 1464 2807 prava
1490 2761 1620 2806 prisco—

161 2821 232 2844 rum
269 2811 421 2846 sacinora
453 2812 558 2846 dilabi
586 2813 706 2847 solent.
756 2812 815 2846 Me
841 2824 922 2847 vero
950 2812 992 2846 ad
1017 2823 1077 2845 eas
1103 2822 1157 2846 res
1180 2810 1324 2844 historia
1349 2808 1544 2855 prodendas
1568 2807 1620 2842 in-
