1754 3132
174 155 237 198 22
754 152 1014 195 PROCOPII

179 263 310 313 αἰτίας
329 268 410 306 τῶν
430 262 712 320 πεπραγμένων
734 259 892 310 ἁπάσας
911 263 1040 303 εἷπεῖν.
1109 258 1283 316 ἔγκλημά
1301 277 1342 302 τε
1367 259 1442 302 ἀπ’
1467 260 1604 302 αὐτοῦ’

181 331 329 386 ἐγένετο
359 332 582 387 Βελισαρίῳ
607 329 707 385 πρὸς
736 326 896 370 πάντων
911 327 1134 381 Ῥωμαίων,
1165 326 1223 368 ὅτι
1247 327 1296 382 δὴ
1313 331 1384 380 τῆς
1399 328 1596 376 πολιτείας

178 398 230 440 τὰ
256 395 499 453 καιριώτατα
528 396 649 444 αὐτὸς
679 396 769 451 περὶ
796 392 1011 442 ἐλάσσονος
1036 392 1278 448 πραγμάτων
1296 397 1377 436 τῶν
1400 393 1501 434 κατὰ
1521 394 1595 448 τὴν

177 465 306 507 οἰκίαν
323 465 544 517 πεποίηται.
611 462 736 517 ἀρχὴν
757 462 829 514 μέν
849 461 924 516 γὰρ
945 465 1003 518 τῷ
1023 464 1095 512 τῆς
1112 460 1294 514 γυναικὸς
1313 457 1436 501 πάθει
1457 457 1596 512 ε’χόμε-

178 547 268 581 νος,
306 528 359 578 ὥς
390 527 589 572 ἀπωτάτω
621 528 806 583 γενέσθαι
834 531 906 582 γῆς
934 532 1006 581 τῆς
1031 525 1236 579 Ῥωμαίων
1260 525 1418 580 οὐδαμῆ
1437 525 1629 579 ἤθελεν,5

179 596 287 645 ὅπως
318 597 475 638 ἐπειδὰν
503 594 678 648 τάχιστα
697 592 878 648 πύθηται
898 594 969 647 τὴν
987 600 1153 648 γυναῖκα
1171 593 1213 633 ἐκ
1236 594 1458 644 Βυζαντίου
1477 590 1596 646 ἥκειν,

181 663 440 717 ἀναστρέψας
467 661 687 714 αὖτίκαδὴ
705 659 814 714 μάλα
836 664 1076 713 καταλαβεῖν
1097 676 1137 700 τε
1156 660 1220 700 καὶ
1239 660 1434 700 τίσασθαι
1454 657 1538 707 οἶός
1558 676 1600 702 τε

179 730 250 783 εἷἠ.
323 729 384 770 διὸ
415 729 466 782 δὴ
491 728 585 776 τοὺς
612 729 684 780 μὲν
714 727 816 783 ἀμφὶ
832 727 1004 781 Ἀρέθαν
1027 727 1164 780 Τίγριν
1182 724 1365 778 ποταμὸν
1385 726 1601 777 διαβαίνειν

178 796 399 846 ἐκέλευσεν,
431 797 472 836 o‘l
498 811 539 848 γε
568 794 682 835 οὐδὲν
711 793 732 836 ὅ
763 810 800 834 τι
830 795 893 834 καὶ
916 791 1032 847 λόγου
1050 792 1159 842 ἄξιον
1182 791 1512 846 διαπεπραγμένοι
1532 792 1596 833 ἐπ’

179 862 289 903 οἷ’κου
321 862 679 914 ἄπεκομίσθησαν,
717 860 839 908 αὐτὸς
863 860 906 901 δὲ
935 860 1029 901 οὐδὲ
1056 858 1164 913 ὥρας
1195 857 1276 915 ὁδῷ
1311 857 1600 914 ἀπολελεῖφθαι
1613 863 1656 896 10

85 928 114 962 Ρ
137 928 159 964 8
181 927 286 983 ὅρων
314 933 394 969 τῶν
406 926 613 980 Ῥωμαίων
633 928 673 968 ἓν
692 929 848 982 σπουδῇ
867 924 954 979 εἶχε.
1023 923 1214 980 φρούριον
1234 924 1310 979 γὰρ
1331 924 1376 966 τὸ
1398 923 1603 980 Σισαυρά-

177 1012 256 1036 νων
274 995 341 1036 διὰ
360 995 432 1047 μὲν
454 993 605 1042 πόλεως
623 994 834 1046 Νισίβιδος
852 990 950 1034 ῗόντι
967 990 1014 1034 οὗ
1035 993 1152 1033 πλέον
1174 989 1255 1048 ὁδῷ
1278 989 1430 1046 ἡμέρας
1449 990 1603 1048 εὐζώνῳ

59 1062 90 1094 Α
116 1063 159 1095 10
181 1061 296 1114 ἀνδρὶ
325 1065 405 1102 τῶν
428 1059 658 1113 Ῥωμαϊκῶν
689 1058 808 1114 ὁρίων
839 1059 966 1112 διέχει.
1037 1056 1204 1113 ἑτέρωθι
1228 1059 1272 1099 δὲ
1293 1055 1438 1099 τούτου
1461 1058 1603 1112 δὴτοῦ

178 1127 327 1180 μέτρου
355 1129 559 1179 ’ξυμβαίνει
585 1126 630 1167 τὸ
660 1125 810 1178 μεταξὺ
843 1123 954 1166 εἶναι.
1024 1125 1152 1166 καίτοι
1175 1126 1208 1165 εἲ
1230 1125 1348 1165 παντὶ
1369 1127 1425 1181 τῷ
1443 1129 1604 1182 στρατῷ

34 1190 67 1223 V
89 1190 157 1226 284
182 1195 319 1248 Τίγριν
349 1193 530 1245 ποταμὸν
559 1195 746 1245 διαβῆναι
773 1190 865 1232 κατ’
902 1189 1030 1244 ἀρχὰς
1058 1190 1228 1244 ἤθελεν,
1264 1188 1374 1243 οἶμαι
1402 1188 1452 1232 ἂν
1481 1190 1603 1234 αὐτὸν
1616 1195 1658 1230 15

178 1257 389 1312 ξύμπαντα
410 1260 632 1312 ληίσασθαι
653 1258 704 1299 τὰ
725 1258 787 1298 ἐπὶ
800 1257 1015 1311 Ἀσσυρίας
1032 1257 1183 1311 χωρία,
1215 1258 1279 1297 καὶ
1298 1255 1412 1311 μέχρι
1432 1257 1471 1305 ἐς
1490 1260 1606 1312 Κτη-

177 1330 360 1380 σιφῶντα
390 1323 504 1367 πόλιν
534 1324 695 1372 οὐδενὸς
722 1323 767 1365 τὸ
798 1322 989 1378 παράπαν
1007 1322 1338 1371 ἀντιστατοῦντος
1354 1324 1490 1378 σφίσιν
1509 1323 1606 1379 ἀφῖ-

175 1397 303 1445 χθαι,
339 1393 406 1433 καὶ
433 1390 528 1440 τούς
554 1407 596 1432 τε
620 1390 848 1443 Ἀντιοχέων
884 1387 1185 1443 αἰχμαλώτους,
1221 1387 1308 1431 ὅσοι
1335 1405 1377 1431 τε
1401 1387 1606 1443 Ῥωμαίων

178 1458 291 1500 ἄλλοι
317 1459 498 1499 ἐνταῦθα
526 1456 637 1505 ὄντες
664 1454 900 1511 ἐτύγχανον,
938 1454 1239 1508 διασωσάμενον
1267 1453 1472 1508 ἐπανήκειν
1491 1457 1531 1505 ἐς
1554 1458 1604 1498 τὰ

126 1534 157 1567 Β
178 1523 327 1580 πάτρια
346 1523 445 1578 ἤθη.
514 1523 646 1566 ἔπειτα
667 1524 711 1564 δὲ
729 1524 794 1564 καὶ
812 1519 982 1578 Χοσρόῃ
1001 1520 1237 1570 αἰτιώτατος
1253 1522 1406 1576 γέγονεν
1425 1523 1662 1566 &defore-20

179 1608 250 1647 ρον
274 1591 342 1632 ἐπ’
370 1591 480 1632 οἷ’κου
501 1590 816 1643 ἀποκομίζεσθαι
835 1589 877 1630 ἔκ
893 1593 966 1641 τῆς
987 1590 1198 1642 Κολχίδος.
1267 1587 1402 1630 ὅντινα
1435 1590 1479 1630 δὲ
1511 1589 1608 1645 τρό-

178 1675 256 1700 πον
275 1655 460 1711 τετίχηκε
484 1661 603 1699 τοῦτο
625 1657 767 1698 αὐτίκα
786 1652 1021 1710 δηλώσαιμι.
1072 1654 1186 1708 ἡνίκα
1206 1652 1399 1711 Χοσρὸης
1416 1653 1437 1698 ὃ
1458 1655 1608 1710 Καβά-

267 1754 301 1787 6.
323 1749 473 1786 ἐπειδὰν
495 1751 600 1786 Alem.
617 1751 658 1784 P.
706 1747 775 1785 εἶδ’
802 1746 847 1784 ἂν
870 1750 911 1784 Α,
1050 1751 1103 1783 11.
1127 1747 1392 1793 Σισαυροὶνων]
1415 1749 1608 1794 Legebatur

261 1796 445 1838 Ἰσαυρῶν.
595 1796 647 1830 14.
672 1795 826 1838 μεταξύ]
852 1791 961 1838 ἥμισυ
986 1794 1088 1827 Alem.
1238 1796 1293 1830 15.
1319 1793 1421 1839 οἶμαι
1443 1792 1514 1840 ἂν]
1537 1797 1608 1830 Ab-

273 1846 347 1875 erat
376 1838 433 1875 ἄν.
479 1841 567 1881 „Ex
597 1840 705 1874 altero
729 1841 806 1875 MS.
829 1840 916 1873 adde
941 1836 1031 1873 ἅν.“
1062 1840 1176 1873 Auni.
1312 1841 1367 1874 18.
1401 1836 1482 1875 ὅσοι
1511 1841 1540 1875 P
1572 1844 1608 1876 et

267 1887 346 1921 MS.
369 1885 509 1921 Mediol.
554 1881 623 1920 ὅσα
646 1886 686 1918 Α.
819 1887 877 1919 21.
901 1884 1098 1928 Κολχίδος]
1120 1883 1284 1928 κοχλίδος
1305 1886 1347 1919 Α.

178 1963 313 2009 quidem
337 1962 497 2007 temporis
519 1962 674 2007 aperire,
708 1963 746 1995 ut
768 1961 866 1995 initio
889 1962 1063 2005 praefatus
1085 1972 1177 2002 sum,
1212 1961 1302 1994 haud
1325 1965 1428 1995 tutum
1451 1962 1532 1997 mihi
1555 1963 1607 1998 vi-

178 2021 251 2043 sum
283 2008 361 2041 fuit.
408 2010 512 2041 Porro
547 2018 588 2040 ex
621 2018 660 2039 eo
691 2011 843 2050 tempore
871 2005 1055 2040 Belisarius
1086 2006 1171 2038 male
1192 2006 1280 2049 apud
1305 2007 1460 2050 populum
1483 2008 1608 2042 Roma-

179 2065 256 2087 num
280 2052 407 2092 audiit,
432 2051 518 2096 quod
542 2050 674 2084 summis
698 2051 914 2094 Reipublicae
938 2049 1083 2093 negotiis
1105 2050 1286 2083 domestica
1311 2052 1423 2095 priora
1445 2052 1606 2087 duxisset.

180 2099 269 2132 Nam
300 2097 425 2130 iniuria
459 2095 609 2139 coniugis
632 2096 785 2138 graviter
810 2105 990 2139 oppressus
1017 2105 1119 2138 aegre
1141 2095 1275 2128 ferebat
1297 2107 1316 2128 a
1339 2095 1460 2130 finibus
1482 2097 1607 2131 Roma-

179 2154 245 2176 nae
267 2141 404 2175 ditionis
427 2140 558 2183 longius
581 2140 773 2180 discedere,
805 2151 870 2183 quo
894 2139 1047 2183 paratior
1069 2144 1159 2172 esset
1178 2139 1220 2171 ad
1243 2139 1466 2175 ulciscendum
1490 2142 1606 2176 Theo-

180 2186 331 2226 dosium,
373 2197 444 2218 cum
479 2185 616 2229 primum
648 2185 845 2218 Antoninam
876 2184 1011 2217 venisse
1042 2183 1206 2227 Byzantio
1238 2186 1434 2229 accepisset.
1490 2186 1606 2226 Quare

179 2232 338 2265 Aretham
361 2230 457 2263 iubet
479 2241 549 2262 cum
573 2228 707 2262 militari
731 2240 828 2262 manu
853 2228 983 2271 Tigrim
1006 2228 1184 2268 traiicere,
1208 2229 1264 2271 qui
1287 2241 1325 2262 re
1347 2230 1492 2271 infecta,
1517 2232 1605 2266 nulia

181 2287 253 2309 curn
277 2276 375 2308 laude
399 2275 441 2307 ad
465 2280 577 2307 castra
599 2274 813 2317 regreditur:
837 2274 931 2317 ipse.
955 2285 997 2306 ne
1019 2273 1070 2306 vel
1093 2273 1189 2305 unius
1213 2274 1315 2307 horae
1338 2275 1392 2308 via
1415 2287 1434 2308 a
1457 2275 1605 2310 finitimis

181 2321 401 2353 Romanorum
426 2318 507 2351 iocis
530 2320 663 2352 abesset
685 2318 719 2351 in
742 2318 856 2362 primis
879 2317 1022 2351 studuit:
1057 2317 1137 2350 licet
1158 2318 1350 2352 Isauranum
1372 2319 1454 2353 illud
1479 2321 1606 2364 praesi-

181 2365 270 2399 dium
303 2366 344 2397 ab
378 2363 469 2408 agris
500 2363 679 2396 limitaneis
709 2364 850 2406 amplius
881 2374 947 2396 non
978 2362 1120 2395 distaret
1143 2373 1239 2406 quam
1260 2363 1398 2406 itinere,
1427 2366 1514 2408 quod
1539 2375 1604 2398 uno

180 2409 237 2443 die
260 2409 417 2453 expedito
443 2407 515 2441 viro
541 2408 633 2441 eunti
656 2407 767 2440 Nisibi
793 2409 1024 2441 conficeretur.
1069 2407 1157 2440 Nam
1188 2407 1319 2441 aliunde
1350 2408 1405 2442 via
1427 2414 1480 2442 est
1501 2409 1604 2443 ferme

181 2453 317 2487 dimidio
347 2453 492 2487 brevior.
540 2453 718 2485 Caeterum
749 2453 778 2485 si
815 2464 884 2486 cum
912 2452 1060 2485 omnibus
1089 2451 1186 2486 initio
1209 2452 1314 2496 copiis
1337 2453 1489 2497 Tigridis
1511 2455 1604 2498 ripas

180 2502 392 2543 superasset,
422 2496 512 2529 haud
542 2497 658 2530 dubito
690 2497 833 2529 futurum
866 2497 992 2536 fuisse,
1021 2501 1058 2529 ut
1087 2500 1159 2529 tota
1190 2496 1398 2540 Assyriorum
1431 2498 1606 2542 provincia

183 2545 226 2577 ab
257 2554 296 2576 eo
326 2542 553 2586 diriperetur,>
587 2547 621 2574 et
655 2542 695 2574 ad
721 2552 823 2585 usque
847 2542 1098 2584 Ctesiphontem
1122 2541 1235 2573 urbem
1262 2542 1349 2574 nullo
1370 2542 1603 2586 impedimento

184 2587 438 2632 perveniretur;
476 2586 671 2619 Antiocheni
704 2597 783 2618 vero
816 2591 851 2618 et
882 2586 1079 2629 quicumque
1103 2585 1240 2618 Romani
1267 2586 1396 2630 captivi
1421 2587 1602 2621 liberaren-

184 2639 259 2673 tur,
295 2637 470 2675 antequam
503 2631 535 2662 in
571 2631 710 2674 patriam
743 2630 951 2662 concederet.
997 2630 1100 2662 Simul
1134 2634 1168 2662 et
1199 2630 1371 2664 chosroae
1401 2631 1530 2666 domum
1561 2644 1603 2666 ex

184 2676 344 2710 Colchide
369 2674 537 2709 remeandi
568 2685 695 2707 omnem
718 2674 1003 2720 opportunitatem
1035 2673 1118 2707 fecit
1150 2678 1185 2706 et
1216 2675 1448 2717 securitatem3
1478 2676 1515 2709 id
1544 2688 1604 2711 au-

184 2727 250 2755 tem
283 2719 567 2766 quemadmodum
587 2717 757 2761 evenerit,
793 2719 905 2753 statim
930 2719 1082 2754 narrabo,
1127 2718 1275 2753 chosroe
1297 2719 1457 2756 Cabadae
1479 2721 1548 2756 filio
1566 2721 1602 2756 in
