1858 3126
339 189 430 238 142
910 187 1170 236 PROCOPII

333 302 446 360 ἴργου
471 299 617 346 τούτουμ
638 304 813 357 τεχνίτας
840 301 947 359 αὖτῷ
974 300 1082 358 μόνῳ
1113 299 1337 357 ἀναγκάζων
1362 301 1742 359 ε’ργάζεσθαιέπεδί-

289 377 321 425 D
340 374 453 422 ὁοτο,
489 371 614 412 οὐκέτι
646 369 970 425 ἐπικρυπτόμενος
979 401 993 421 ,
1027 369 1119 410 ἀλλ’
1152 370 1192 410 ἓν
1225 373 1281 426 τῷ
1303 371 1477 427 δημοσίῳ
1506 375 1573 424 τῆς
1597 373 1743 428 ἀγορᾶς

332 442 469 494 βαφῆς
492 438 563 491 μὲν
587 441 657 490 τῆς
684 435 978 492 προστυχούσης
1007 436 1078 489 τὴν
1106 435 1262 490 οῧγκιάν
1286 436 1356 489 οὔχ
1386 431 1506 490 ἧσσον
1529 437 1555 490 ἢ
1581 440 1679 481 κατὰ
1699 437 1744 488 ἓξ

331 509 502 560 χρυσῶν,
530 502 742 556 βάμματος
761 504 804 544 δὲ
820 507 892 545 τοῦ
906 506 1124 556 βασιλικοῦ,
1155 501 1247 558 ὅπερ
1275 506 1402 544 καλεῖν
1430 502 1622 558 ὅλόβηρον
1639 521 1744 547 νενο-

333 572 486 624 μίκασι,
519 571 635 611 πλέον
660 570 686 623 ἢ
705 568 905 627 τεσσάρων
933 571 996 611 καὶ
1031 569 1150 611 εἷ’κοσι
1172 573 1345 624 χρυσῶν.
1411 572 1475 612 καὶ
1501 574 1660 623 βασιλεῖ’
1677 572 1776 624 pivs

336 639 492 679 ἐνθένδε
511 635 663 691 μεγάλα
687 636 875 692 χρήματα
894 635 1028 692 ἴφερέν
1038 669 1051 688 ,
1086 636 1204 686 αὐτὸς
1223 636 1264 677 δὲ
1288 635 1613 691 περιβαλλόμενος
1631 639 1748 679 πλείω

336 702 564 754 ἐλάνθανεν,
591 703 684 759 ὅπερ
707 704 778 744 ἀπ’
808 704 930 745 αὐτοῦ’
954 703 1169 759 ἀρξάμενον
1193 704 1232 751 ἐς
1257 702 1314 744 ἀεὶ
1336 702 1469 755 ἔμεινε.
1533 702 1654 757 μόνος
1672 703 1748 759 γὰρ

336 771 378 819 ἐς
394 769 483 812 τόδε
506 774 578 812 τοῦ
598 769 744 826 χρόνου
770 769 939 826 ἔῇιιπορός
966 787 1006 812 τε
1039 768 1380 826 ἀπαρακαλύπτως
1401 772 1464 811 καὶ
1488 769 1660 824 κάπηλος
1680 773 1752 811 τοῦ

337 835 613 890 ε’μπολήματος
638 839 750 878 τοῦδε
782 840 1032 879 καθίσταται.
1099 837 1261 891 ἔμποροι
1279 837 1350 889 μὲν
1373 832 1441 878 οὖν
1463 835 1547 879 ὅσοι
1565 835 1752 893 πρότερον

335 905 408 958 τὴν
435 905 619 959 ἐργασίαν
650 903 795 958 ταύτην
817 903 1008 959 μετῄεσαν
1033 903 1072 946 ἵν
1096 921 1135 945 τε
1160 904 1360 959 Βυζαντίῳ
1383 906 1447 946 καὶ
1470 902 1579 945 πόλει
1606 901 1748 958 ἑκάστῃ
1763 908 1804 942 10

334 972 631 1026 θαλαττουργοί
646 988 686 1012 τε
707 973 771 1011 καὶ
790 970 924 1025 ἔγγειοι
949 971 1131 1027 ἐφέροντο
1156 968 1209 1019 ὥς
1230 970 1274 1011 τὸ
1294 970 1394 1019 εἰκὸς
1417 970 1466 1012 τοὶ
1486 971 1527 1011 ἔκ
1549 974 1618 1023 τῆς
1635 970 1752 1026 ἐργα-

202 1040 230 1074 A
253 1039 318 1075 113
337 1039 426 1086 σίας
444 1035 560 1078 κακά.
627 1038 666 1078 ἓν
685 1038 727 1078 δὲ
747 1036 902 1079 πόλεσιν
923 1036 942 1078 ὅ
963 1041 1088 1091 δῆμος
1107 1036 1244 1090 σχεδόν
1269 1053 1306 1077 τι
1329 1036 1418 1086 ὅλος
1434 1043 1519 1086 ταῖς
1537 1037 1754 1093 εἰρημέναις

335 1103 600 1159 προσαιτητὴς
626 1104 855 1153 ἐξαπιναίως
890 1105 1047 1158 ἐγένετο.
1123 1102 1316 1156 βάναυσοι
1345 1104 1421 1159 γὰρ
1453 1103 1657 1159 ἄνθρωποι
1687 1104 1754 1144 καὶ

332 1169 592 1225 χειρωνακται
613 1173 717 1226 λιμῷ
743 1173 919 1211 παλαίειν
949 1170 1002 1219 ὡς
1031 1171 1075 1212 τὸ
1100 1170 1200 1219 εῗκὸς
1230 1170 1511 1224 ἠναγκάζοντο,
1546 1171 1686 1212 πολλοί
1711 1186 1752 1210 τε

337 1237 409 1277 ἀπ’
438 1236 561 1276 αὐτοῦ
582 1236 652 1287 τὴν
673 1238 869 1278 πολιτείαν
894 1236 1225 1290 μεταβαλλόμενοι
1251 1235 1455 1292 φεύγοντες
1475 1236 1620 1293 ᾤχοντο
1643 1237 1682 1284 ἔς
1703 1235 1753 1276 τὰ
1765 1241 1807 1275 15

221 1304 249 1337 Ρ
271 1303 316 1339 74
337 1306 507 1358 Περσῶν
524 1302 621 1356 ἤθη.
687 1302 806 1356 μόνος
826 1305 867 1345 δὲ
891 1304 949 1344 ἀεὶ
968 1302 988 1345 ὅ
1007 1308 1085 1346 τῶν
1105 1307 1321 1360 θησαυρῶν
1342 1303 1474 1359 ἄρχων
1490 1305 1754 1359 ἐνεργολαβῶν

332 1370 378 1412 ’τὸ
403 1368 611 1423 ἕμπόλημα
637 1375 751 1412 τοῦτο
779 1378 922 1427 μοῖραν
952 1372 1024 1424 μὲν
1052 1375 1228 1424 βασιλεῖ,
1262 1369 1391 1427 ὥσπερ
1421 1371 1589 1428 εἴρηται,
1623 1367 1755 1425 πόρων

335 1441 415 1478 τῶν
446 1437 601 1478 ἐνθένδε
639 1437 848 1493 ἀποφέρειν
875 1438 998 1491 ἠξίου,
1034 1439 1151 1487 αὐτὸς
1181 1439 1223 1479 δὲ
1245 1437 1295 1479 τὰ
1313 1439 1430 1479 πλείω
1447 1434 1660 1494 φερόμενος
1681 1441 1755 1489 ὸη-

335 1504 494 1558 μοσίαις
515 1511 739 1559 συμφοραῖς
756 1503 942 1546 ἐπλούτει.
1009 1509 1134 1546 ταῦτα
1154 1505 1224 1557 μὲν
1243 1499 1312 1545 οὖν
1328 1507 1420 1561 τῇδε
1441 1502 1670 1558 κεχώρηκεν.

194 1570 226 1605 V
248 1571 316 1604 330
469 1569 541 1618 κς’.
600 1569 759 1612 “Όντινα
785 1572 826 1612 δὲ
854 1570 998 1626 τρόπον
1021 1576 1100 1613 τῶν
1127 1570 1276 1613 πόλεων
1305 1572 1398 1621 τούς
1423 1569 1593 1624 κόσμους
1617 1570 1682 1611 καὶ
1702 1567 1752 1609 τὰ
1762 1574 1809 1608 20

283 1616 313 1649 Β
336 1637 689 1690 ε’γκαλλωπίσματα
721 1636 849 1679 πάντα
885 1638 924 1679 ἵν
952 1655 992 1680 τε
1022 1640 1223 1694 Βυζαντίῳ
1249 1640 1314 1679 καὶ
1335 1636 1444 1679 πόλει
1466 1634 1608 1692 ἑκάστῃ
1629 1639 1755 1677 καθε-

337 1707 415 1744 λεῖν
445 1703 601 1756 ἴσχυσεν
629 1704 768 1744 αὐτίκα
796 1706 969 1759 ἐροῦμεν.
1036 1708 1173 1758 πρῶτα
1198 1705 1270 1757 μὲν
1294 1702 1499 1746 καταλύειν
1518 1703 1562 1745 τὸ
1586 1707 1663 1744 τῶν
1683 1701 1754 1758 ῥη-

317 1767 463 1825 ’τόρων
485 1770 639 1822 ἀξίωμα
658 1770 766 1825 ε’γνω.
830 1769 881 1811 τά
898 1787 938 1812 ’τε
955 1770 1030 1826 γὰρ
1052 1770 1211 1812 ἔπαθλα
1230 1771 1406 1826 ἀφείλετο
1423 1770 1566 1820 αὐτοὺς
1585 1769 1753 1818 ἅπαντα,

337 1834 473 1893 οἷσπερ
504 1842 660 1893 τρυφᾶν
685 1855 725 1878 τε
751 1837 800 1879 τὰ
829 1835 999 1894 πρότερα
1031 1839 1097 1879 καὶ
1126 1838 1479 1892 ἐγκαλλωπίζεσθαι
1500 1840 1570 1890 τῆς
1590 1851 1756 1890 συνηγο-

427 1921 445 1954 1
466 1918 583 1965 μόνῳ]
607 1917 705 1965 νόμῳ
727 1919 913 1954 Malu-etus.
1090 1919 1174 1953 ibid.
1199 1916 1401 1961 ἐπεδίδοτο]
1422 1916 1616 1952 ἀπεδίδοτο
1634 1917 1748 1951 Reisk.

425 1965 460 1998 3.
484 1961 632 2007 οὕγκίαν
653 1966 759 1998 Alem.
778 1965 818 1999 P.
866 1964 984 1998 οἰκίαν
1006 1964 1074 1998 ΑΡ.
1254 1965 1306 1998 13.
1326 1960 1567 2006 προσαιτητής
1588 1962 1692 1996 Alem.
1714 1961 1756 1995 P.

424 2012 632 2051 προσαιτεῖν
646 2007 713 2052 τήν
731 2011 770 2042 Α.
862 2009 911 2044 14.
929 2006 1177 2053 χειρωνοὶκται]
1195 2008 1427 2051 χειρώνακτες
1443 2008 1512 2040 Pm.
1601 2008 1656 2042 ΞΟ.
1670 2004 1757 2048 τρό-

425 2064 498 2086 πον
520 2054 583 2086 hoc
599 2054 670 2086 loco
688 2055 736 2086 Px
760 2058 835 2106 post
851 2052 990 2087 πόλεων
1006 2055 1045 2089 Α.
1177 2054 1232 2088 24.
1256 2052 1359 2096 οἵπερ
1375 2071 1414 2077 -
1431 2054 1512 2091 ταῖς
1527 2050 1757 2095 συνηγορίαις

425 2115 470 2122 --
493 2095 684 2131 εἰώθεισαν
705 2098 819 2132 Re1sk.

338 2161 402 2196 alia
417 2162 546 2206 quidem
563 2164 703 2197 tinctura
717 2164 830 2199 imbuti
846 2175 904 2198 sex
920 2163 1048 2205 aureis,
1072 2162 1165 2206 regio
1189 2173 1270 2195 vero
1289 2161 1420 2196 suffecti
1436 2161 1557 2205 colore,
1581 2170 1676 2204 quem
1693 2160 1756 2194 ho-

337 2207 487 2240 loverum
503 2212 637 2249 vocant,
651 2214 792 2251 quatuor
808 2220 846 2241 ac
866 2208 984 2251 viginti
1001 2212 1036 2240 et
1052 2207 1185 2252 amplius
1201 2207 1313 2247 dedit3
1338 2218 1378 2239 ex
1393 2216 1456 2250 quo
1473 2205 1608 2239 Caesari
1622 2214 1755 2248 magnas

338 2252 507 2297 pecunias,
529 2251 593 2285 sibi
615 2252 695 2285 clam
719 2252 855 2286 maiores
878 2252 1100 2296 comparavit:
1124 2251 1213 2295 quod
1234 2251 1309 2284 inde
1331 2255 1483 2295 coeptum
1497 2249 1660 2294 hodieque
1675 2259 1754 2293 per-

339 2296 456 2335 durat3
480 2307 627 2341 unusque
650 2296 707 2330 ine
730 2296 921 2331 institoriam
945 2298 1028 2328 hanc
1050 2303 1118 2329 rem
1138 2296 1310 2330 etiamnum
1325 2295 1434 2339 palam
1449 2298 1593 2328 exercet.
1639 2293 1755 2333 Quare

338 2339 403 2384 ipsi
425 2340 651 2383 negotiatores
672 2352 744 2374 cum
770 2341 924 2384 Byzantii
947 2343 1015 2373 tum
1040 2341 1114 2374 aliis
1138 2341 1177 2374 in*
1200 2340 1335 2374 urbibus
1349 2338 1547 2375 incommoda
1562 2337 1755 2383 profligatae

338 2385 421 2419 artis
437 2390 526 2418 terra
542 2386 685 2432 marique
699 2397 850 2425 sensere;
874 2384 961 2429 Tyri
977 2390 1076 2429 atque
1091 2384 1207 2428 Beryti
1222 2396 1307 2428 pene
1319 2385 1473 2418 universa
1487 2383 1581 2428 plebs
1597 2381 1753 2415 fullonica

339 2430 572 2473 manuarioque
586 2430 631 2463 ini
646 2430 801 2464 exercitio
818 2430 958 2470 addicta,
981 2429 1169 2463 collatitiam
1185 2439 1343 2474 quaerere
1357 2428 1484 2472 stipem,
1503 2427 1555 2460 vel
1573 2426 1660 2460 fame
1675 2437 1755 2459 con-

339 2474 397 2507 fici
411 2480 527 2508 coacta
542 2474 624 2516 fuit3
648 2486 724 2521 pars
739 2479 936 2509 commutata
951 2474 1079 2508 colonia
1101 2473 1142 2506 ad
1156 2474 1276 2507 Persas
1291 2471 1488 2515 transfugit;
1512 2481 1597 2511 nam,
1621 2475 1660 2504 ut
1674 2470 1753 2514 dixi,

337 2518 426 2552 solus
445 2519 645 2563 imperatorii
660 2520 802 2554 thesauri
825 2520 1015 2564 praefectus
1029 2530 1100 2552 eam
1123 2517 1375 2561 negotiationem
1398 2517 1542 2554 habens,
1564 2514 1645 2548 lueri
1683 2519 1756 2548 arte

339 2563 479 2597 caesari
494 2564 617 2605 deiata,
639 2564 767 2608 sibique
784 2564 906 2598 maiore
924 2564 1087 2608 seposita,
1109 2562 1158 2597 sic
1172 2573 1252 2609 opes
1262 2565 1362 2607 auget
1375 2571 1451 2595 suas
1466 2559 1607 2607 publicis
1621 2569 1660 2592 ca
1673 2558 1755 2593 ami-

339 2608 474 2641 tatibus.
520 2608 587 2641 Sed
602 2609 684 2642 haec
699 2609 866 2642 hactenus.

428 2653 485 2687 26.
530 2653 580 2686 Ut
593 2658 702 2688 autem
716 2653 922 2696 Byzantium,
941 2663 980 2685 ac
994 2652 1138 2698 reliquas
1155 2651 1254 2686 urbes
1267 2649 1466 2685 ornamentis
1479 2659 1494 2683 s
1520 2648 1638 2691 oliarit,
1654 2647 1752 2681 modo

338 2696 508 2731 dicendum
532 2701 594 2732 est.
639 2697 748 2732 Primo
774 2697 1007 2731 causidicorum
1040 2697 1185 2730 ordinem
1209 2694 1321 2729 statuit
1351 2699 1485 2728 everten
1511 2704 1584 2737 um,
1607 2692 1754 2726 omnibus

339 2742 508 2785 denegatis
539 2742 712 2786 praemiis,
734 2742 853 2786 quibus
880 2741 926 2774 illi
949 2741 1173 2786 amplissimis,
1194 2738 1412 2773 advocatione
1441 2737 1615 2782 perfuncti,
1637 2735 1752 2770 donari

339 2786 418 2820 olim
433 2792 467 2820 et
481 2787 595 2831 augeri
613 2790 846 2830 consuessent3
863 2786 1024 2832 iussisque
1038 2784 1256 2830 litigatoribus
1272 2785 1306 2819 in
1318 2794 1422 2829 seque
1437 2787 1472 2818 et
1485 2783 1518 2816 in
1528 2782 1616 2817 litem
1630 2780 1753 2824 iurare,
