1800 3126
532 146 537 148 >
595 116 785 160 NOTAE
819 113 1114 160 ALEMANNI.
1486 114 1585 162 423

126 226 214 264 fuse
243 223 521 278 disseruimus,
561 238 654 263 cum
683 224 733 264 de
759 223 926 264 historia
958 223 1037 264 hac
1064 222 1162 277 quid
1193 222 1451 274 sentiremus,
1488 238 1585 277 pro—

125 282 411 320 nunciavimus.
470 283 711 321 lastinianus
753 296 845 322 vero
892 295 974 321 non
1016 281 1107 320 ideo
1153 279 1436 333 vituperandus
1474 281 1584 334 quod

125 340 377 390 pugnaverit,
407 346 451 376 ut
479 340 522 376 in
551 352 674 376 unam
703 352 841 378 omnes
871 341 1126 377 convenirent
1155 337 1204 376 de
1235 337 1390 376 Christo
1419 346 1583 376 senten-

124 396 246 442 tiam;
281 393 352 432 sed
380 397 473 446 quia
514 394 558 432 id
585 403 630 433 ut
658 398 821 434 antistes
859 403 898 433 et
927 397 1117 434 ecclesiae
1148 394 1285 434 doctor
1312 395 1444 445 egisse
1473 397 1583 434 visus

121 457 195 499 est,
223 462 306 488 non
334 458 379 489 ut
407 453 643 503 imperator3
670 454 788 490 sicuti
815 453 1072 490 manifestum
1098 454 1171 490 erit
1201 465 1254 490 ex
1281 453 1330 489 iis
1356 463 1457 503 quae
1479 452 1584 490 infra

122 505 175 545 ad
201 521 242 559 p.
272 507 326 548 83
362 509 611 558 notabimus,
648 516 687 548 et
723 510 844 562 paulo
876 517 966 547 aute
1000 523 1054 548 ex
1081 508 1267 548 Facundo
1296 509 1583 546 Hermionense

122 562 382 602 ostendimus.

232 621 279 658 P.
305 618 372 669 84,
402 620 442 662 4.
507 618 636 658 Haud
660 635 739 658 esse
758 620 1025 660 homicidium
1052 629 1182 671 ratus,
1213 618 1327 674 quod
1352 621 1396 658 in
1426 621 1584 659 alienae

121 676 324 728 opinioni-9
348 677 569 729 populares
605 679 935 729 committeretur]
982 681 1210 716 Haereticos
1248 685 1427 715 extremo
1462 679 1584 715 etiam

121 734 318 785 supplicio
357 733 580 786 puniendos
619 747 826 785 perperam
855 733 921 772 hic
955 743 1075 786 negat
1103 736 1343 787 Procopius,
1379 741 1424 772 ut
1452 748 1506 772 ex
1533 736 1583 773 iis

121 802 224 841 quae
252 789 306 828 ad
333 804 374 842 p.
405 791 457 832 51
485 792 710 828 notavimus
742 792 998 842 perspicuum
1028 798 1098 829 est.
1157 793 1338 829 Fortasse
1363 789 1412 828 de
1435 789 1586 828 Catho-

121 847 290 885 licorum
327 846 512 885 caedibus
552 846 682 884 dicere
716 849 862 895 voluit,
905 850 975 900 qui
1008 847 1274 899 discreparent
1312 861 1336 884 a
1374 848 1585 885 Iustiniani

122 905 309 954 opinione
349 902 399 940 de
434 905 660 954 incorrupto
699 902 844 941 Christi
884 917 1066 955 corpore,
1114 904 1163 942 de
1202 905 1328 942 tribus
1376 905 1584 955 capitibus,

118 966 335 1012 autequam
371 961 509 1012 quinta
547 959 722 1012 synodus
762 961 1045 1011 celebraretur,
1091 968 1134 1002 ut
1169 962 1274 999 infra
1314 959 1492 999 dicemus
1532 959 1585 999 ad

118 1029 146 1082 'P
230 1073 281 1110 P.
304 1071 372 1121 84,
406 1074 473 1115 13·
536 1072 807 1111 Dibonianus
835 1075 968 1112 vereri
989 1088 1031 1112 ce
1057 1073 1298 1112 vehementer
1327 1073 1581 1125 affirmabat,
1607 1075 1636 1111 P
1663 1075 1730 1113 142

119 1142 166 1166 ue
195 1128 242 1166 ob
270 1129 525 1180 singularem
556 1131 750 1180 pietatem
779 1133 822 1167 in
860 1131 1014 1169 coelum
1044 1133 1264 1183 improviso
1295 1130 1586 1182 surriperetur]

108 1184 342 1237 Hesychius
364 1186 544 1223 Milesius
566 1188 752 1238 Procopii
782 1189 956 1256 aequalis
985 1190 1029 1225 in
1058 1189 1194 1226 libello
1220 1186 1269 1225 de
1298 1188 1393 1225 viris
1416 1188 1587 1225 illustri-

117 1239 540 1310 11113.Τριβωνιανὸς
567 1240 798 1283 κολακεύων
823 1239 1100 1286 Ἰουστινιανόν
1132 1241 1198 1286 τὸν
1228 1242 1393 1296 βασιλέα
1424 1242 1587 1284 ἔπειθεν

120 1294 240 1339 αὐτὸν
267 1314 321 1346 ως
351 1313 427 1339 ουκ
456 1294 733 1345 αποθανεῖται,
763 1296 855 1339 ἄλλ’
875 1301 931 1348 εἰς
961 1296 1160 1352 ου’ρανοῦς
1190 1297 1475 1353 αρπαγήσεται.
1531 1294 1588 1352 ἦν

117 1353 164 1396 δὲ
192 1353 217 1395 o‘
250 1352 516 1407 Τριβωνιανός
535 1351 685 1407 Ελλην
709 1371 750 1397 τε
778 1356 846 1396 καὶ
879 1354 1018 1405 ἄθεος.
1076 1357 1347 1395 Tribonianus
1375 1355 1587 1394 adulando

112 1410 358 1462 persuadere
386 1411 616 1450 lastiniam
646 1414 882 1463 imperatori
910 1413 1157 1478 conabatur,
1185 1427 1276 1452 eum
1304 1427 1387 1451 non
1414 1414 1589 1451 moritu-

115 1482 223 1515 rum,
252 1467 326 1505 sed
350 1470 393 1504 in
424 1467 579 1505 coelum
606 1482 754 1519 assum„
775 1477 859 1507 tum
889 1471 956 1508 iri.
1013 1471 1121 1508 Erat
1142 1472 1290 1522 quippe
1318 1469 1589 1508 Tribonianus

122 1525 318 1575 aemilia,
356 1531 394 1562 et
419 1523 590 1567 atheus.
664 1524 779 1562 Idem
822 1526 942 1564 refert
979 1526 1150 1564 Suidas:
1199 1528 1343 1565 merito
1382 1528 1587 1578 Agapetus

116 1583 322 1619 Diaconus
345 1580 448 1618 illud
475 1583 694 1620 Iustiniano
724 1595 841 1633 saepe
872 1584 1030 1633 saepius
1058 1584 1253 1632 inculcat,
1289 1590 1333 1620 ut
1363 1590 1588 1621 assentato-

117 1651 182 1676 res
230 1644 400 1676 caveret.
465 1638 629 1676 Scilicet
664 1639 873 1690 ingenium
921 1638 1097 1678 hominis
1137 1640 1259 1692 longa
1298 1638 1587 1678 consuetudine

118 1693 310 1732 didicerat
336 1695 555 1745 Agapetus.

230 1752 282 1788 P.
305 1749 380 1799 84,
414 1750 480 1790 14.
543 1750 603 1789 Ob
632 1752 882 1803 singularem
903 1751 1131 1804 pietatem]
1160 1751 1322 1791 Scilicet
1349 1750 1586 1790 blandieba-

118 1814 184 1845 tm·
201 1808 360 1845 Caesari
377 1807 647 1846 Tribonianus
674 1809 717 1845 iu
746 1817 792 1845 en
820 1811 999 1846 maxime
1028 1822 1084 1857 re,
1110 1822 1190 1861 qua
1218 1810 1303 1860 ipse
1333 1821 1587 1860 summopere

118 1864 195 1902 sibi
234 1864 378 1902 caesar
415 1863 611 1914 placebat.
669 1863 767 1901 lude
808 1867 943 1902 omnia
981 1866 1147 1904 consilia
1188 1863 1352 1913 ducere,
1400 1863 1452 1901 ad
1498 1877 1589 1902 eam

118 1933 258 1958 omnes
286 1933 310 1957 a
337 1933 380 1957 se
408 1922 578 1958 sancitas
617 1921 728 1972 leges
757 1921 902 1958 referre
933 1934 1016 1958 non
1045 1929 1105 1959 est
1133 1922 1204 1958 ubi
1232 1922 1477 1959 Iustinianus
1506 1933 1588 1958 non

117 1976 224 2014 dicat
253 1990 298 2014 ac
326 1983 491 2028 repetat.
550 1977 652 2014 Suas
685 1976 737 2014 ad
766 1976 886 2014 deum
910 1991 1047 2028 preces
1069 1991 1142 2030 pro
1167 1976 1460 2016 haereticorum
1490 1990 1590 2014 con-

116 2035 298 2071 versione
328 2032 436 2084 apud
459 2035 679 2084 Episcopus
706 2033 933 2085 praedicare
957 2047 1040 2072 non
1068 2033 1228 2083 desinit,
1258 2041 1304 2071 ut
1330 2034 1589 2071 Innocentius

115 2091 318 2128 maroniae
345 2091 511 2129 Praesul
541 2091 610 2142 qui
639 2103 732 2127 eum
762 2103 898 2128 coram
927 2090 1079 2128 audivit
1116 2092 1159 2128 in
1190 2091 1360 2143 epistola
1388 2089 1440 2127 ad
1469 2087 1587 2128 The-

115 2153 266 2185 matem
303 2153 448 2184 narrat.
506 2146 719 2198 Ingressus
756 2160 848 2184 sum
887 2147 1036 2199 (aiebat
1060 2146 1322 2198 Iustinianus)
1361 2147 1407 2184 in
1444 2153 1586 2184 orato-

115 2205 225 2240 rium
250 2203 425 2254 gloriosi
452 2203 677 2242 Michaelis
705 2203 980 2255 Archangeli,
1017 2202 1131 2255 quod
1165 2210 1222 2241 est
1249 2205 1292 2241 in
1327 2200 1513 2253 Cochlio,
1549 2209 1587 2239 et

115 2262 262 2311 rogavi
299 2258 512 2299 dominum
545 2259 692 2298 dicens.
762 2260 876 2310 Quia
914 2262 952 2297 si
991 2261 1035 2298 in
1073 2261 1243 2298 veritate
1288 2260 1401 2298 uniri
1435 2259 1586 2296 liabent

114 2315 250 2365 nobis,
286 2330 509 2368 compunge
537 2330 602 2354 eos
628 2317 814 2354 velociter
842 2319 1082 2368 consentire,
1111 2323 1186 2355 etc.
1243 2317 1301 2355 Et
1334 2317 1586 2368 cognovistis

115 2374 285 2424 quantis
305 2373 658 2424 propositionibus
695 2373 1034 2425 rationabilibus,
1070 2380 1107 2410 et
1125 2373 1322 2426 pacificis.
1350 2386 1445 2410 cum
1476 2373 1587 2410 omni

103 2427 422 2468 mansuetudine
450 2436 485 2467 et
506 2430 717 2482 patientia
735 2429 918 2482 prolatis·
946 2443 974 2467 a
999 2429 1114 2468 nobis
1141 2432 1208 2470 vir
1233 2428 1585 2469 reverendissimus

114 2485 346 2538 Episcopus
382 2486 634 2525 Philoxenus
663 2500 890 2538 persuasu-s·
924 2494 1003 2535 est,
1047 2492 1123 2526 etc.
1190 2487 1372 2538 Denique
1411 2486 1454 2522 in
1493 2485 1582 2536 ipso

115 2541 189 2580 illo
217 2545 418 2580 communi
444 2545 733 2595 imperatorum
759 2556 946 2594 nomme,
977 2545 1103 2593 Pms,
1140 2544 1235 2582 licet
1264 2541 1461 2581 adscititio
1492 2541 1583 2591 glo-

119 2598 219 2635 riam
249 2600 406 2650 pietatis
437 2601 634 2671 quaesivit
668 2601 830 2639 novella
857 2602 931 2642 78.
960 2595 1199 2649 Ἀντωνῖνος
1227 2597 1251 2640 ἆ
1279 2600 1350 2648 τῆς
1379 2592 1583 2648 ενσεβείας

117 2649 351 2706 ἐπώνυμος,
379 2655 419 2705 ἐξ
447 2651 572 2708 οὗπερ
599 2672 670 2697 και
700 2656 756 2705 εἰς
785 2654 893 2710 ημᾶς
919 2672 968 2698 τα
997 2659 1070 2710 τῆς
1094 2655 1365 2711 προσηγορίας
1393 2649 1580 2704 καθήκει.

117 2708 351 2750 Antoninue
373 2714 446 2764 qui
473 2727 501 2751 a
526 2715 675 2765 pietate
706 2727 847 2752 nomen
874 2714 1040 2764 invenit,
1073 2727 1102 2750 a
1131 2727 1211 2765 quo
1241 2708 1418 2748 eiusdem
1447 2710 1581 2746 nomi-

117 2768 183 2804 nis
216 2765 336 2806 decue
365 2767 424 2807 ad
447 2783 520 2808 nos
551 2784 679 2823 usque
703 2771 912 2824 pertingit.
968 2769 1051 2811 Sed
1078 2768 1294 2808 Christiani
1322 2769 1580 2819 imperatores
