1800 3126
258 155 354 200 372
706 153 763 198 IN
796 153 938 198 msT.
971 153 1222 197 ARGANAM

256 264 436 314 Magnus
460 263 528 301 ille
558 275 607 299 ac
634 260 792 299 celebris
818 261 1028 311 imperator
1056 260 1309 299 lastinianus
1343 260 1579 314 (imperante
1605 262 1679 300 Ῑιι-

255 321 361 356 stino
389 317 609 369 avunculo)
648 317 757 353 solas
785 317 1062 354 Romanarum
1098 316 1296 366 legionum
1331 316 1433 365 dax,
1469 331 1559 355 cum
1594 318 1679 355 iam

260 374 407 411 Caesar
434 380 542 420 esset,
572 371 863 423 appellabatur.
922 367 1142 423 Στρατηγὸν
1169 384 1261 408 eum
1288 373 1457 422 appellat
1481 374 1525 410 in
1542 380 1679 411 senatu

256 430 418 467 Proclus
450 435 627 480 quaestor
665 425 771 477 apud
796 428 1030 477 Procopium
1057 427 1084 465 l.
1116 427 1139 466 1
1168 427 1261 463 bell.
1289 428 1395 465 Pers.
1452 427 1532 465 Sed
1559 430 1680 465 corri-

256 483 408 535 gendus
438 491 496 521 est
523 484 818 530 Constantinus3
859 494 952 518 nam
979 483 1189 531 Procopius
1220 480 1368 518 ibidem
1396 480 1464 519 diu
1495 490 1584 534 post
1611 485 1680 519 Iu-

256 541 470 577 stinianum
500 539 784 575 consalutatum
820 537 940 574 fuisse
970 538 1174 574 Caesarem
1212 537 1392 574 affirmat.
1449 539 1587 585 Σίττας
1613 537 1680 578 καὶ

256 591 483 646 Βελισᾶριος
510 593 648 633 νεανία
675 591 745 658 μὲν
773 591 839 632 καὶ
859 589 1006 660 πρώτω
1033 588 1219 658 ’ὗπηνήτα
1244 590 1382 660 ἤστην,
1405 587 1680 633 Ἰουστινιανοῦ

254 648 299 690 δε
327 651 542 717 στρατηγοῦ
580 644 813 700 δορυφόρω,
856 645 900 694 ὃς
933 644 1060 699 χρόνῳ
1098 644 1263 699 ’ὕστερον
1300 645 1372 695 ξῦν
1397 644 1588 702 Ἰουστίνῳ
1623 663 1677 687 τω

253 705 355 758 θείῳ
383 719 456 754 την
484 704 683 754 βασιλείαν
706 702 822 753 ε’.σχεν
880 704 1007 740 Sittas
1035 709 1071 739 et
1097 703 1325 740 Belisariue
1339 703 1496 752 primae
1521 703 1681 754 lanugi-

254 761 318 797 nis
355 758 616 796 adolescente-⁵·
648 759 839 795 satellites
876 765 991 795 erant
1018 757 1238 795 Iustiniani
1276 758 1446 794 militiae
1482 759 1680 806 magistri,

255 816 328 865 qui
357 812 430 850 dia
453 820 546 863 post
574 827 664 850 cum
679 814 831 850 Iustino
860 813 1060 851 avunculo
1083 813 1227 850 habuit
1254 815 1474 863 imperium.
1531 813 1681 850 Clarius

254 870 423 935 Cyrillus
443 867 784 938 Scythopolitanus
807 870 988 919 Procopii
1014 869 1208 936 aequalis,
1239 864 1442 915 Ἰουστῖνος
1466 864 1685 908 Ἰουστινια-

252 923 324 964 νόν
353 919 455 964 ἄνθ’
483 923 606 963 αὐτοῦ
637 921 703 963 τὸν
739 921 979 974 ἆὸελφιδοῦν
1015 939 1282 990 αυτοκρατορα
1317 923 1523 974 κατέστησε
1550 923 1684 975 πατρί-

252 995 363 1029 κιον,
400 978 468 1019 καὶ
504 993 656 1018 υπατον
691 976 786 1019 ὄντα
818 978 884 1018 καὶ
920 975 1146 1033 στρατηγόν.
1204 979 1385 1017 Iustinus
1412 979 1685 1016 Iustinianam

252 1048 300 1071 ex
337 1048 469 1071 sorore
506 1041 678 1084 nepotem
707 1047 780 1070 suo
819 1034 903 1071 loco
933 1036 1205 1084 imperatorem
1233 1035 1456 1082 constituit,
1495 1035 1566 1084 qui
1601 1035 1685 1071 iam

253 1098 339 1127 erat
359 1090 583 1139 patricius,
613 1090 753 1125 consul
778 1095 815 1125 et
842 1092 1033 1139 magister
1060 1090 1242 1130 militiae.

363 1146 409 1181 P.
438 1142 504 1192 47,
536 1147 573 1183 1.
629 1145 750 1180 Duae
771 1144 917 1194 populi
937 1145 1152 1195 factiones]
1185 1146 1315 1192 Duae,
1344 1156 1444 1195 quae
1473 1142 1683 1181 seditiones

252 1199 467 1249 agitarent3
497 1211 591 1234 nam
618 1199 765 1249 alioqui
787 1205 996 1249 quaternae
1018 1200 1256 1236 Circensium
1272 1201 1507 1248 Aurigarum
1534 1201 1683 1249 priscae

250 1255 440 1291 factiones
471 1260 600 1290 erant.
629 1253 728 1289 adde
756 1255 944 1290 Prasinis
971 1260 1011 1290 et
1044 1255 1088 1292 V
1081 1256 1199 1292 metas
1217 1255 1396 1303 Albam-9,
1427 1260 1466 1290 et
1491 1254 1683 1302 limatos,

251 1308 301 1346 de
330 1310 472 1360 quibus
504 1309 684 1346 omnibus
722 1315 857 1345 extant
895 1309 1174 1358 epigralmnata
1212 1311 1254 1346 in
1294 1311 1324 1347 l.
1354 1308 1379 1347 5
1407 1307 1683 1358 Anthologiae.

250 1365 498 1402 Domitianus
523 1368 607 1411 τοῖς
633 1359 919 1431 ἁρματηλάταις
947 1359 1022 1403 δύο
1049 1363 1141 1415 γένη
1167 1363 1295 1415 ἕτερα,
1327 1377 1369 1403 το
1399 1360 1472 1414 μὲν
1498 1366 1684 1415 χρυσοῦν,

250 1417 295 1460 τὸ
323 1418 367 1459 δὲ
392 1416 592 1472 ἆργυροῦν
620 1416 820 1470 ὄνομασας
845 1417 1165 1470 προσκατέστησε.
1220 1418 1295 1456 Ad
1318 1431 1526 1456 numerum
1551 1419 1684 1456 Auri-

246 1488 419 1525 garum,
455 1476 583 1526 inquit
610 1475 707 1523 Dio,
737 1473 840 1511 daos
866 1474 971 1511 altos
998 1473 1155 1511 ordines
1182 1473 1350 1521 adiecit,
1387 1486 1553 1523 quorum
1582 1474 1684 1511 alte-

249 1544 342 1567 rum
376 1531 648 1580 Aut-aterum,
690 1530 859 1567 alterum
891 1534 1202 1579 Argentatorum
1238 1531 1405 1567 vocavit.
1472 1529 1573 1566 Sunt
1613 1531 1683 1581 qui

250 1586 415 1622 efferant
441 1587 677 1632 Prasianos,
705 1591 743 1622 et
777 1585 821 1623 V
814 1586 1040 1623 enetianos:
1070 1586 1126 1622 ita
1152 1587 1373 1624 Antoninus
1401 1586 1612 1635 imperator
1639 1586 1682 1622 iu

249 1643 330 1679 vita
359 1653 450 1689 sua3
479 1647 517 1678 et
546 1642 728 1693 antiquus
756 1641 872 1691 lapis.

105 1700 133 1734 P
160 1698 226 1734 107
866 1704 1069 1733 vic‘ronu

801 1761 1131 1790 VENETIANORUM

891 1816 1049 1843 SEMPER.

851 1872 1078 1897 FELICITER.

132 1919 163 1952 A
181 1917 226 1953 25
248 1913 432 1951 Prasinos
456 1913 524 1964 qui
551 1911 668 1952 viridi
697 1914 826 1951 colore
852 1915 1083 1963 utebantur,
1125 1925 1407 1965 nonnunquam
1433 1913 1682 1951 Marcellinus

250 1970 416 2006 cereales
444 1967 558 2006 dixit.
615 1971 689 2006 Dio
718 1970 747 2006 l.
777 1971 829 2010 59
858 1971 1017 2008 illorum
1048 1976 1198 2007 vestem
1227 1969 1450 2020 βατραχίδα,
1477 1982 1683 2006 ranuncu-

249 2024 375 2060 larem
404 2037 426 2060 a
454 2037 637 2062 ranarum
664 2024 828 2062 viridate
862 2033 989 2062 vocat.
1045 2026 1183 2063 Veneti
1212 2036 1234 2059 a
1263 2025 1420 2060 Graecis
1449 2023 1543 2061 dicti
1573 2020 1683 2063 Κυά-

247 2093 353 2127 νεοι,
381 2077 458 2116 hoc
485 2087 567 2128 est,
597 2081 786 2129 caerulei,
817 2081 1095 2131 confirmatque
1124 2079 1331 2129 Vegetius3
1371 2078 1477 2129 quod
1506 2078 1681 2117 Christo-

248 2132 466 2183 phorsonus
497 2134 547 2171 ad
576 2147 609 2171 c.
639 2137 688 2175 31
719 2135 747 2171 l.
777 2136 803 2174 4
830 2136 988 2185 Evagrii
1016 2148 1155 2190 parum
1184 2133 1472 2172 animadvertit.
1534 2132 1585 2174 Τὸ
1611 2133 1679 2173 Βέ-

247 2203 361 2227 νετον
389 2185 466 2228 οἷπὸ
491 2189 672 2235 Βενετίας
710 2186 953 2239 ωνόμασται,
992 2189 1036 2230 ἐν
1072 2191 1098 2244 ᾑ
1138 2191 1283 2243 γίνεται
1318 2204 1447 2228 κυανα
1484 2187 1681 2241 χρώματα.

254 2243 424 2280 Venetus
462 2245 569 2281 color
608 2258 636 2280 a
669 2244 842 2282 Venetiis
880 2244 1052 2295 dicitur,
1092 2246 1163 2282 abi
1193 2245 1367 2281 caerulei
1392 2245 1539 2282 colores
1555 2245 1678 2295 siunt.

246 2299 370 2346 Male,
418 2311 511 2335 nam
552 2306 640 2336 ante
677 2299 850 2337 conditas
885 2302 1066 2338 Venetias
1105 2300 1148 2337 id
1190 2312 1335 2337 nomen
1371 2299 1468 2347 fuit3
1510 2302 1679 2339 Venetae

245 2366 416 2405 namque
443 2355 622 2393 factionis
646 2357 825 2392 meminit
852 2355 1061 2393 Suetonius
1090 2357 1131 2392 in
1159 2356 1315 2395 Vitellio
1359 2367 1392 2391 c.
1426 2353 1509 2395 14..
1545 2356 1678 2393 Prasi-

244 2421 339 2457 nae,
368 2411 442 2446 Dio
471 2411 500 2446 l.
525 2410 590 2450 59.
647 2412 705 2448 De
736 2412 885 2461 origine
916 2414 1173 2459 Venetorum,
1204 2425 1248 2448 ac
1276 2411 1527 2448 Prasinorum
1555 2412 1611 2447 sic
1637 2412 1680 2447 in

245 2466 415 2516 antiquis
443 2463 693 2502 historiarum
722 2468 968 2505 collectaneis
1000 2467 1085 2504 cod.
1111 2469 1196 2505 vat.
1225 2468 1279 2506 96
1308 2465 1502 2515 legebam·
1561 2462 1678 2506 Οἰνο-

244 2534 343 2570 μαος
371 2535 524 2573 πρῶτος
551 2520 693 2573 ἐφεῦρε
719 2537 766 2561 τοι
803 2525 877 2561 τοῦ
915 2519 1163 2576 ἱπποδρόμου
1196 2517 1402 2588 χρώματα,
1445 2517 1677 2574 ἀγωνιζομέ-

245 2589 319 2625 νης
345 2591 419 2628 γης
453 2591 519 2615 και
547 2574 762 2627 θαλάσσης.
818 2574 1024 2628 ἐβάλλοντο
1052 2579 1222 2644 κλῆροι,
1242 2576 1308 2616 καὶ
1338 2573 1386 2616 ὃν
1413 2575 1547 2628 ἔλαχεν
1574 2574 1674 2627 ὖπὲρ

244 2632 315 2680 τῆς
342 2633 418 2682 γῆς
446 2627 704 2684 ἀγωνίζεσθαι
732 2629 867 2699 ἐφόρει
894 2629 1081 2683 χλοανον,
1111 2630 1155 2679 ὃς
1183 2629 1226 2673 δὲ
1249 2629 1349 2683 ὑπὲρ
1374 2633 1444 2682 τῆς
1470 2628 1674 2681 θαλασσης

244 2699 437 2735 κυανεον,
472 2686 540 2726 καὶ
573 2686 696 2726 ἐποίει
730 2684 795 2727 τὸν
823 2702 958 2739 αγωνα
986 2688 1147 2755 μαρτίου
1177 2688 1333 2739 εἰκοστῇ
1358 2701 1532 2741 τεταρτῃ.
1594 2684 1672 2724 Καὶ

244 2740 280 2779 εἰ
306 2739 378 2791 μὲν
405 2739 447 2781 τὸ
480 2740 642 2793 χλοανὸν
677 2742 808 2795 ἐνίκα,
846 2745 917 2795 τῆς
951 2758 1025 2796 γης
1053 2739 1245 2797 εὐφορίαν
1283 2741 1465 2795 ἤλπιζον·
1498 2742 1535 2782 εἰ
1560 2739 1604 2782 δὲ
1629 2737 1672 2780 τὸ
