<?xml version="1.0" encoding="UTF-8"?>
<!DOCTYPE html PUBLIC "-//W3C//DTD XHTML 1.0 Transitional//EN"
    "http://www.w3.org/TR/xhtml1/DTD/xhtml1-transitional.dtd">
<html xmlns="http://www.w3.org/1999/xhtml" xml:lang="en" lang="en">
 <head>
  <title>
</title>
<meta http-equiv="Content-Type" content="text/html;charset=utf-8" />
  <meta name='ocr-system' content='tesseract 3.04.00' />
  <meta name='ocr-capabilities' content='ocr_page ocr_carea ocr_par ocr_line ocrx_word'/>
</head>
<body>
  <div class='ocr_page' id='page_1' title='image "./corpusscriptorum45niebuoft_0013.png"; bbox 0 0 1754 3132; ppageno 0'>
   <div class='ocr_carea' id='block_1_1' title="bbox 316 645 1368 685">
    <p class='ocr_par' dir='ltr' id='par_1_1' title="bbox 316 645 1368 685">
     <span class='ocr_line' id='line_1_1' title="bbox 316 645 1368 685; baseline 0.003 -4"><span class='ocrx_word' id='word_1_1' title='bbox 316 645 696 682; x_wconf 79' lang='lat' dir='ltr'>ILLUSTRISSIMO</span> <span class='ocrx_word' id='word_1_2' title='bbox 734 645 804 680; x_wconf 80' lang='lat' dir='ltr'>m·</span> <span class='ocrx_word' id='word_1_3' title='bbox 846 645 1282 682; x_wconf 74' lang='lat' dir='ltr'>REVERENDISSIMO</span> <span class='ocrx_word' id='word_1_4' title='bbox 1322 647 1368 685; x_wconf 87' lang='lat' dir='ltr'>D.</span> 
     </span>
    </p>
   </div>
   <div class='ocr_carea' id='block_1_2' title="bbox 166 745 1522 823">
    <p class='ocr_par' dir='ltr' id='par_1_2' title="bbox 166 745 1522 823">
     <span class='ocr_line' id='line_1_2' title="bbox 166 745 1522 823; baseline 0.004 -8"><span class='ocrx_word' id='word_1_5' title='bbox 166 745 252 818; x_wconf 90' lang='lat' dir='ltr'>D.</span> <span class='ocrx_word' id='word_1_6' title='bbox 414 745 1522 823; x_wconf 87' lang='lat' dir='ltr'>LUDOVICO</span> 
     </span>
    </p>
   </div>
   <div class='ocr_carea' id='block_1_3' title="bbox 349 884 1328 1042">
    <p class='ocr_par' dir='ltr' id='par_1_3' title="bbox 349 884 1328 1042">
     <span class='ocr_line' id='line_1_3' title="bbox 349 884 1328 950; baseline 0.001 -15"><span class='ocrx_word' id='word_1_7' title='bbox 349 884 779 936; x_wconf 80' lang='lat' dir='ltr'><strong>CARDINALI</strong></span> <span class='ocrx_word' id='word_1_8' title='bbox 849 885 1328 950; x_wconf 77' lang='lat' dir='ltr'>LUDov1510‚</span> 
     </span>
     <span class='ocr_line' id='line_1_4' title="bbox 560 998 1107 1042; baseline 0.002 -2"><span class='ocrx_word' id='word_1_9' title='bbox 560 999 601 1041; x_wconf 91' lang='lat' dir='ltr'>S.</span> <span class='ocrx_word' id='word_1_10' title='bbox 639 998 683 1042; x_wconf 79' lang='lat' dir='ltr'>R.</span> <span class='ocrx_word' id='word_1_11' title='bbox 722 999 768 1041; x_wconf 84' lang='lat' dir='ltr'>E.</span> <span class='ocrx_word' id='word_1_12' title='bbox 804 998 1107 1042; x_wconf 87' lang='lat' dir='ltr'>CAMERARlO.</span> 
     </span>
    </p>
   </div>
   <div class='ocr_carea' id='block_1_4' title="bbox 483 1102 1207 1150">
    <p class='ocr_par' dir='ltr' id='par_1_4' title="bbox 483 1102 1207 1150">
     <span class='ocr_line' id='line_1_5' title="bbox 483 1102 1207 1150; baseline 0 0"><span class='ocrx_word' id='word_1_13' title='bbox 483 1102 717 1150; x_wconf 71' lang='lat' dir='ltr'>Nicotaus</span> <span class='ocrx_word' id='word_1_14' title='bbox 786 1105 1088 1150; x_wconf 77' lang='lat' dir='ltr'>Alemannus</span> <span class='ocrx_word' id='word_1_15' title='bbox 1154 1104 1207 1150; x_wconf 85' lang='lat' dir='ltr'>F.</span> 
     </span>
    </p>
   </div>
   <div class='ocr_carea' id='block_1_5' title="bbox 705 1246 981 1253">
    <p class='ocr_par' dir='ltr' id='par_1_5' title="bbox 705 1246 981 1253">
     <span class='ocr_line' id='line_1_6' title="bbox 705 1246 981 1253; baseline 0 1879"><span class='ocrx_word' id='word_1_16' title='bbox 705 1246 981 1253; x_wconf 95' lang='lat' dir='ltr'> </span> 
     </span>
    </p>
   </div>
   <div class='ocr_carea' id='block_1_6' title="bbox 114 1322 1573 2829">
    <p class='ocr_par' dir='ltr' id='par_1_6' title="bbox 114 1322 1573 2829">
     <span class='ocr_line' id='line_1_7' title="bbox 116 1322 1570 1418; baseline -0.001 -18"><span class='ocrx_word' id='word_1_17' title='bbox 116 1322 214 1412; x_wconf 75' lang='lat' dir='ltr'>Qui</span> <span class='ocrx_word' id='word_1_18' title='bbox 246 1359 427 1415; x_wconf 88' lang='lat' dir='ltr'>publicum</span> <span class='ocrx_word' id='word_1_19' title='bbox 453 1360 640 1410; x_wconf 77' lang='lat' dir='ltr'>favorem,</span> <span class='ocrx_word' id='word_1_20' title='bbox 676 1362 756 1402; x_wconf 84' lang='lat' dir='ltr'>sive</span> <span class='ocrx_word' id='word_1_21' title='bbox 782 1362 987 1417; x_wconf 82' lang='lat' dir='ltr'>Principum</span> <span class='ocrx_word' id='word_1_22' title='bbox 1007 1360 1166 1418; x_wconf 81' lang='lat' dir='ltr'>gratiam</span> <span class='ocrx_word' id='word_1_23' title='bbox 1185 1359 1256 1400; x_wconf 83' lang='lat' dir='ltr'>sibi</span> <span class='ocrx_word' id='word_1_24' title='bbox 1289 1358 1487 1401; x_wconf 88' lang='lat' dir='ltr'>conciliare</span> <span class='ocrx_word' id='word_1_25' title='bbox 1507 1374 1570 1400; x_wconf 90' lang='lat' dir='ltr'>no-</span> 
     </span>
     <span class='ocr_line' id='line_1_8' title="bbox 117 1425 1573 1482; baseline -0.001 -15"><span class='ocrx_word' id='word_1_26' title='bbox 117 1441 237 1467; x_wconf 86' lang='lat' dir='ltr'>varum</span> <span class='ocrx_word' id='word_1_27' title='bbox 269 1441 389 1468; x_wconf 88' lang='lat' dir='ltr'>rerum</span> <span class='ocrx_word' id='word_1_28' title='bbox 424 1427 690 1468; x_wconf 77' lang='lat' dir='ltr'>narrationibus</span> <span class='ocrx_word' id='word_1_29' title='bbox 730 1436 1015 1478; x_wconf 83' lang='lat' dir='ltr'>consueverunt,</span> <span class='ocrx_word' id='word_1_30' title='bbox 1059 1427 1148 1468; x_wconf 85' lang='lat' dir='ltr'>nihil</span> <span class='ocrx_word' id='word_1_31' title='bbox 1188 1425 1444 1482; x_wconf 88' lang='lat' dir='ltr'>opportunius,</span> <span class='ocrx_word' id='word_1_32' title='bbox 1483 1426 1573 1467; x_wconf 82' lang='lat' dir='ltr'>nihil</span> 
     </span>
     <span class='ocr_line' id='line_1_9' title="bbox 116 1492 1573 1550; baseline 0.001 -17"><span class='ocrx_word' id='word_1_33' title='bbox 116 1495 232 1550; x_wconf 77' lang='lat' dir='ltr'>magis</span> <span class='ocrx_word' id='word_1_34' title='bbox 253 1509 302 1535; x_wconf 92' lang='lat' dir='ltr'>ex</span> <span class='ocrx_word' id='word_1_35' title='bbox 332 1510 396 1536; x_wconf 84' lang='lat' dir='ltr'>usu</span> <span class='ocrx_word' id='word_1_36' title='bbox 425 1510 507 1536; x_wconf 89' lang='lat' dir='ltr'>esse</span> <span class='ocrx_word' id='word_1_37' title='bbox 527 1511 592 1537; x_wconf 87' lang='lat' dir='ltr'>suo</span> <span class='ocrx_word' id='word_1_38' title='bbox 616 1495 687 1536; x_wconf 90' lang='lat' dir='ltr'>hae</span> <span class='ocrx_word' id='word_1_39' title='bbox 718 1496 870 1536; x_wconf 85' lang='lat' dir='ltr'>historia</span> <span class='ocrx_word' id='word_1_40' title='bbox 899 1496 1054 1536; x_wconf 83' lang='lat' dir='ltr'>fortasse</span> <span class='ocrx_word' id='word_1_41' title='bbox 1075 1495 1246 1543; x_wconf 86' lang='lat' dir='ltr'>credent,</span> <span class='ocrx_word' id='word_1_42' title='bbox 1279 1508 1386 1549; x_wconf 87' lang='lat' dir='ltr'>quam</span> <span class='ocrx_word' id='word_1_43' title='bbox 1406 1507 1452 1534; x_wconf 91' lang='lat' dir='ltr'>ex</span> <span class='ocrx_word' id='word_1_44' title='bbox 1471 1492 1573 1535; x_wconf 86' lang='lat' dir='ltr'>Vati-</span> 
     </span>
     <span class='ocr_line' id='line_1_10' title="bbox 117 1561 1571 1618; baseline -0.001 -16"><span class='ocrx_word' id='word_1_45' title='bbox 117 1576 210 1602; x_wconf 83' lang='lat' dir='ltr'>cana</span> <span class='ocrx_word' id='word_1_46' title='bbox 243 1561 474 1603; x_wconf 74' lang='lat' dir='ltr'>Bibliotheca</span> <span class='ocrx_word' id='word_1_47' title='bbox 509 1563 779 1618; x_wconf 73' lang='lat' dir='ltr'><strong>depromptam,</strong></span> <span class='ocrx_word' id='word_1_48' title='bbox 813 1564 859 1604; x_wconf 87' lang='lat' dir='ltr'>ad</span> <span class='ocrx_word' id='word_1_49' title='bbox 894 1571 954 1612; x_wconf 88' lang='lat' dir='ltr'>te,</span> <span class='ocrx_word' id='word_1_50' title='bbox 996 1561 1259 1603; x_wconf 61' lang='lat' dir='ltr'>Caunmaus</span> <span class='ocrx_word' id='word_1_51' title='bbox 1293 1561 1571 1607; x_wconf 68' lang='lat' dir='ltr'>Aurmssmt,</span> 
     </span>
     <span class='ocr_line' id='line_1_11' title="bbox 117 1627 1572 1686; baseline -0.001 -17"><span class='ocrx_word' id='word_1_52' title='bbox 117 1628 264 1671; x_wconf 83' lang='lat' dir='ltr'>defero:</span> <span class='ocrx_word' id='word_1_53' title='bbox 298 1644 411 1686; x_wconf 85' lang='lat' dir='ltr'>usque</span> <span class='ocrx_word' id='word_1_54' title='bbox 431 1631 527 1671; x_wconf 84' lang='lat' dir='ltr'>adeo</span> <span class='ocrx_word' id='word_1_55' title='bbox 548 1644 668 1671; x_wconf 87' lang='lat' dir='ltr'>rerum</span> <span class='ocrx_word' id='word_1_56' title='bbox 692 1630 873 1681; x_wconf 86' lang='lat' dir='ltr'>novitate,</span> <span class='ocrx_word' id='word_1_57' title='bbox 904 1628 1087 1684; x_wconf 81' lang='lat' dir='ltr'>variisque</span> <span class='ocrx_word' id='word_1_58' title='bbox 1114 1628 1257 1669; x_wconf 76' lang='lat' dir='ltr'>casibus</span> <span class='ocrx_word' id='word_1_59' title='bbox 1278 1642 1322 1669; x_wconf 81' lang='lat' dir='ltr'>ea</span> <span class='ocrx_word' id='word_1_60' title='bbox 1345 1627 1483 1669; x_wconf 80' lang='lat' dir='ltr'>referta</span> <span class='ocrx_word' id='word_1_61' title='bbox 1504 1635 1572 1668; x_wconf 85' lang='lat' dir='ltr'>est.</span> 
     </span>
     <span class='ocr_line' id='line_1_12' title="bbox 116 1694 1571 1752; baseline -0.001 -16"><span class='ocrx_word' id='word_1_62' title='bbox 116 1695 253 1737; x_wconf 90' lang='lat' dir='ltr'>Verum</span> <span class='ocrx_word' id='word_1_63' title='bbox 278 1711 398 1752; x_wconf 88' lang='lat' dir='ltr'>neque</span> <span class='ocrx_word' id='word_1_64' title='bbox 427 1698 523 1739; x_wconf 89' lang='lat' dir='ltr'>haec</span> <span class='ocrx_word' id='word_1_65' title='bbox 553 1698 602 1739; x_wconf 89' lang='lat' dir='ltr'>ita</span> <span class='ocrx_word' id='word_1_66' title='bbox 629 1714 726 1739; x_wconf 90' lang='lat' dir='ltr'>nova</span> <span class='ocrx_word' id='word_1_67' title='bbox 753 1706 853 1749; x_wconf 86' lang='lat' dir='ltr'>sunt,</span> <span class='ocrx_word' id='word_1_68' title='bbox 888 1705 923 1738; x_wconf 89' lang='lat' dir='ltr'>ut</span> <span class='ocrx_word' id='word_1_69' title='bbox 943 1704 1148 1737; x_wconf 79' lang='lat' dir='ltr'>acroamata</span> <span class='ocrx_word' id='word_1_70' title='bbox 1169 1695 1248 1750; x_wconf 84' lang='lat' dir='ltr'>quis</span> <span class='ocrx_word' id='word_1_71' title='bbox 1278 1709 1360 1736; x_wconf 88' lang='lat' dir='ltr'>esse</span> <span class='ocrx_word' id='word_1_72' title='bbox 1382 1703 1492 1751; x_wconf 86' lang='lat' dir='ltr'>putet,</span> <span class='ocrx_word' id='word_1_73' title='bbox 1520 1694 1571 1735; x_wconf 89' lang='lat' dir='ltr'>iu-</span> 
     </span>
     <span class='ocr_line' id='line_1_13' title="bbox 117 1762 1573 1819; baseline -0.001 -15"><span class='ocrx_word' id='word_1_74' title='bbox 117 1763 267 1804; x_wconf 90' lang='lat' dir='ltr'>cundum</span> <span class='ocrx_word' id='word_1_75' title='bbox 286 1763 442 1812; x_wconf 87' lang='lat' dir='ltr'>seilicet,</span> <span class='ocrx_word' id='word_1_76' title='bbox 472 1765 538 1804; x_wconf 88' lang='lat' dir='ltr'>scd</span> <span class='ocrx_word' id='word_1_77' title='bbox 559 1764 682 1806; x_wconf 89' lang='lat' dir='ltr'>inutile</span> <span class='ocrx_word' id='word_1_78' title='bbox 702 1765 811 1806; x_wconf 89' lang='lat' dir='ltr'>animi</span> <span class='ocrx_word' id='word_1_79' title='bbox 827 1764 1116 1806; x_wconf 76' lang='lat' dir='ltr'>delinimentum:</span> <span class='ocrx_word' id='word_1_80' title='bbox 1140 1777 1260 1818; x_wconf 87' lang='lat' dir='ltr'>neque</span> <span class='ocrx_word' id='word_1_81' title='bbox 1292 1777 1367 1819; x_wconf 80' lang='lat' dir='ltr'>ego</span> <span class='ocrx_word' id='word_1_82' title='bbox 1395 1771 1491 1803; x_wconf 89' lang='lat' dir='ltr'>tuam</span> <span class='ocrx_word' id='word_1_83' title='bbox 1524 1762 1573 1802; x_wconf 89' lang='lat' dir='ltr'>ita</span> 
     </span>
     <span class='ocr_line' id='line_1_14' title="bbox 116 1829 1573 1888; baseline 0 -18"><span class='ocrx_word' id='word_1_84' title='bbox 116 1844 297 1886; x_wconf 76' lang='lat' dir='ltr'><strong>quaerere</strong></span> <span class='ocrx_word' id='word_1_85' title='bbox 324 1831 483 1888; x_wconf 77' lang='lat' dir='ltr'>gratiam</span> <span class='ocrx_word' id='word_1_86' title='bbox 511 1847 667 1874; x_wconf 85' lang='lat' dir='ltr'>necesse</span> <span class='ocrx_word' id='word_1_87' title='bbox 700 1833 845 1883; x_wconf 86' lang='lat' dir='ltr'>habco,</span> <span class='ocrx_word' id='word_1_88' title='bbox 877 1831 936 1888; x_wconf 92' lang='lat' dir='ltr'>qui</span> <span class='ocrx_word' id='word_1_89' title='bbox 967 1845 1047 1871; x_wconf 87' lang='lat' dir='ltr'>eam</span> <span class='ocrx_word' id='word_1_90' title='bbox 1080 1829 1257 1886; x_wconf 77' lang='lat' dir='ltr'>singulari</span> <span class='ocrx_word' id='word_1_91' title='bbox 1291 1839 1351 1871; x_wconf 90' lang='lat' dir='ltr'>tuo</span> <span class='ocrx_word' id='word_1_92' title='bbox 1390 1829 1573 1871; x_wconf 83' lang='lat' dir='ltr'>beneficio</span> 
     </span>
     <span class='ocr_line' id='line_1_15' title="bbox 115 1896 1572 1954; baseline 0 -16"><span class='ocrx_word' id='word_1_93' title='bbox 115 1897 230 1954; x_wconf 83' lang='lat' dir='ltr'>longe</span> <span class='ocrx_word' id='word_1_94' title='bbox 250 1906 331 1938; x_wconf 88' lang='lat' dir='ltr'>ante</span> <span class='ocrx_word' id='word_1_95' title='bbox 358 1907 486 1939; x_wconf 89' lang='lat' dir='ltr'>tenere</span> <span class='ocrx_word' id='word_1_96' title='bbox 507 1899 604 1940; x_wconf 80' lang='lat' dir='ltr'>visus</span> <span class='ocrx_word' id='word_1_97' title='bbox 632 1900 699 1940; x_wconf 88' lang='lat' dir='ltr'>sim</span> <span class='ocrx_word' id='word_1_98' title='bbox 726 1900 836 1948; x_wconf 89' lang='lat' dir='ltr'>mihi,</span> <span class='ocrx_word' id='word_1_99' title='bbox 878 1914 984 1954; x_wconf 87' lang='lat' dir='ltr'>quam</span> <span class='ocrx_word' id='word_1_100' title='bbox 1014 1897 1095 1938; x_wconf 85' lang='lat' dir='ltr'>ullis</span> <span class='ocrx_word' id='word_1_101' title='bbox 1121 1897 1182 1937; x_wconf 73' lang='lat' dir='ltr'>vel</span> <span class='ocrx_word' id='word_1_102' title='bbox 1212 1898 1337 1946; x_wconf 83' lang='lat' dir='ltr'>sactis,</span> <span class='ocrx_word' id='word_1_103' title='bbox 1372 1896 1432 1937; x_wconf 82' lang='lat' dir='ltr'>vel</span> <span class='ocrx_word' id='word_1_104' title='bbox 1463 1896 1572 1938; x_wconf 85' lang='lat' dir='ltr'>obse-</span> 
     </span>
     <span class='ocr_line' id='line_1_16' title="bbox 115 1962 1572 2022; baseline -0.001 -18"><span class='ocrx_word' id='word_1_105' title='bbox 115 1964 208 2019; x_wconf 88' lang='lat' dir='ltr'>quiis</span> <span class='ocrx_word' id='word_1_106' title='bbox 236 1965 515 2019; x_wconf 79' lang='lat' dir='ltr'>promeruerim:</span> <span class='ocrx_word' id='word_1_107' title='bbox 558 1981 677 2022; x_wconf 89' lang='lat' dir='ltr'>neque</span> <span class='ocrx_word' id='word_1_108' title='bbox 703 1978 781 2008; x_wconf 79' lang='lat' dir='ltr'>tuus</span> <span class='ocrx_word' id='word_1_109' title='bbox 811 1967 873 2007; x_wconf 88' lang='lat' dir='ltr'>ille</span> <span class='ocrx_word' id='word_1_110' title='bbox 902 1965 1063 2007; x_wconf 86' lang='lat' dir='ltr'>sublimis</span> <span class='ocrx_word' id='word_1_111' title='bbox 1095 1963 1255 2014; x_wconf 82' lang='lat' dir='ltr'>animus,</span> <span class='ocrx_word' id='word_1_112' title='bbox 1285 1978 1391 2019; x_wconf 88' lang='lat' dir='ltr'>quem</span> <span class='ocrx_word' id='word_1_113' title='bbox 1422 1962 1458 2003; x_wconf 90' lang='lat' dir='ltr'>in</span> <span class='ocrx_word' id='word_1_114' title='bbox 1486 1977 1572 2019; x_wconf 82' lang='lat' dir='ltr'>gra-</span> 
     </span>
     <span class='ocr_line' id='line_1_17' title="bbox 116 2029 1573 2089; baseline -0.003 -16"><span class='ocrx_word' id='word_1_115' title='bbox 116 2031 272 2073; x_wconf 83' lang='lat' dir='ltr'>vissimis</span> <span class='ocrx_word' id='word_1_116' title='bbox 299 2032 408 2073; x_wconf 86' lang='lat' dir='ltr'>rebus</span> <span class='ocrx_word' id='word_1_117' title='bbox 437 2048 615 2089; x_wconf 88' lang='lat' dir='ltr'>nunquam</span> <span class='ocrx_word' id='word_1_118' title='bbox 642 2049 714 2074; x_wconf 91' lang='lat' dir='ltr'>non</span> <span class='ocrx_word' id='word_1_119' title='bbox 750 2032 1062 2088; x_wconf 80' lang='lat' dir='ltr'>occupatissimum</span> <span class='ocrx_word' id='word_1_120' title='bbox 1093 2031 1257 2072; x_wconf 85' lang='lat' dir='ltr'>videmus</span> <span class='ocrx_word' id='word_1_121' title='bbox 1286 2043 1433 2078; x_wconf 88' lang='lat' dir='ltr'>omnes,</span> <span class='ocrx_word' id='word_1_122' title='bbox 1467 2029 1573 2070; x_wconf 80' lang='lat' dir='ltr'>novis</span> 
     </span>
     <span class='ocr_line' id='line_1_18' title="bbox 116 2097 1573 2157; baseline -0.001 -18"><span class='ocrx_word' id='word_1_123' title='bbox 116 2098 293 2140; x_wconf 85' lang='lat' dir='ltr'>eiusmodi</span> <span class='ocrx_word' id='word_1_124' title='bbox 321 2099 429 2141; x_wconf 89' lang='lat' dir='ltr'>rebus</span> <span class='ocrx_word' id='word_1_125' title='bbox 460 2101 619 2157; x_wconf 84' lang='lat' dir='ltr'>capitur,</span> <span class='ocrx_word' id='word_1_126' title='bbox 653 2101 780 2156; x_wconf 88' lang='lat' dir='ltr'>quibus</span> <span class='ocrx_word' id='word_1_127' title='bbox 808 2108 844 2141; x_wconf 86' lang='lat' dir='ltr'>ut</span> <span class='ocrx_word' id='word_1_128' title='bbox 869 2100 931 2141; x_wconf 90' lang='lat' dir='ltr'>alii</span> <span class='ocrx_word' id='word_1_129' title='bbox 961 2099 1148 2154; x_wconf 78' lang='lat' dir='ltr'>capiantur</span> <span class='ocrx_word' id='word_1_130' title='bbox 1175 2097 1239 2138; x_wconf 89' lang='lat' dir='ltr'>otii</span> <span class='ocrx_word' id='word_1_131' title='bbox 1269 2097 1425 2138; x_wconf 80' lang='lat' dir='ltr'>suavitas</span> <span class='ocrx_word' id='word_1_132' title='bbox 1454 2097 1573 2153; x_wconf 84' lang='lat' dir='ltr'>potius</span> 
     </span>
     <span class='ocr_line' id='line_1_19' title="bbox 116 2165 1573 2225; baseline -0.001 -19"><span class='ocrx_word' id='word_1_133' title='bbox 116 2165 300 2215; x_wconf 80' lang='lat' dir='ltr'>concedit,</span> <span class='ocrx_word' id='word_1_134' title='bbox 335 2181 440 2222; x_wconf 88' lang='lat' dir='ltr'>quam</span> <span class='ocrx_word' id='word_1_135' title='bbox 467 2168 609 2225; x_wconf 85' lang='lat' dir='ltr'>negotii</span> <span class='ocrx_word' id='word_1_136' title='bbox 644 2168 833 2211; x_wconf 83' lang='lat' dir='ltr'>severitas.</span> <span class='ocrx_word' id='word_1_137' title='bbox 892 2169 958 2209; x_wconf 76' lang='lat' dir='ltr'>Est</span> <span class='ocrx_word' id='word_1_138' title='bbox 985 2176 1107 2207; x_wconf 88' lang='lat' dir='ltr'>tamen</span> <span class='ocrx_word' id='word_1_139' title='bbox 1139 2166 1235 2207; x_wconf 88' lang='lat' dir='ltr'>haeo</span> <span class='ocrx_word' id='word_1_140' title='bbox 1267 2165 1418 2206; x_wconf 87' lang='lat' dir='ltr'>historia</span> <span class='ocrx_word' id='word_1_141' title='bbox 1447 2180 1470 2206; x_wconf 77' lang='lat' dir='ltr'>a</span> <span class='ocrx_word' id='word_1_142' title='bbox 1503 2165 1573 2206; x_wconf 89' lang='lat' dir='ltr'>tuis</span> 
     </span>
     <span class='ocr_line' id='line_1_20' title="bbox 114 2231 1572 2289; baseline -0.002 -14"><span class='ocrx_word' id='word_1_143' title='bbox 114 2233 384 2275; x_wconf 83' lang='lat' dir='ltr'>Ecclesiasticis</span> <span class='ocrx_word' id='word_1_144' title='bbox 420 2234 512 2276; x_wconf 89' lang='lat' dir='ltr'>curis</span> <span class='ocrx_word' id='word_1_145' title='bbox 550 2250 623 2275; x_wconf 86' lang='lat' dir='ltr'>non</span> <span class='ocrx_word' id='word_1_146' title='bbox 665 2236 798 2278; x_wconf 83' lang='lat' dir='ltr'>aliena.</span> <span class='ocrx_word' id='word_1_147' title='bbox 871 2236 964 2277; x_wconf 90' lang='lat' dir='ltr'>Nam</span> <span class='ocrx_word' id='word_1_148' title='bbox 997 2233 1230 2289; x_wconf 83' lang='lat' dir='ltr'>Imperatoris</span> <span class='ocrx_word' id='word_1_149' title='bbox 1266 2232 1449 2273; x_wconf 85' lang='lat' dir='ltr'>Iustiniani</span> <span class='ocrx_word' id='word_1_150' title='bbox 1492 2231 1572 2287; x_wconf 80' lang='lat' dir='ltr'>(qui</span> 
     </span>
     <span class='ocr_line' id='line_1_21' title="bbox 115 2300 1571 2358; baseline -0.002 -17"><span class='ocrx_word' id='word_1_151' title='bbox 115 2300 266 2342; x_wconf 85' lang='lat' dir='ltr'>huiusce</span> <span class='ocrx_word' id='word_1_152' title='bbox 294 2300 377 2342; x_wconf 91' lang='lat' dir='ltr'>libri</span> <span class='ocrx_word' id='word_1_153' title='bbox 399 2309 452 2342; x_wconf 85' lang='lat' dir='ltr'>est</span> <span class='ocrx_word' id='word_1_154' title='bbox 473 2304 741 2358; x_wconf 82' lang='lat' dir='ltr'>argumentum)</span> <span class='ocrx_word' id='word_1_155' title='bbox 770 2302 806 2343; x_wconf 85' lang='lat' dir='ltr'>in</span> <span class='ocrx_word' id='word_1_156' title='bbox 830 2302 1096 2343; x_wconf 84' lang='lat' dir='ltr'>sacerdotalem</span> <span class='ocrx_word' id='word_1_157' title='bbox 1126 2301 1310 2349; x_wconf 88' lang='lat' dir='ltr'>ordinem,</span> <span class='ocrx_word' id='word_1_158' title='bbox 1346 2300 1382 2343; x_wconf 88' lang='lat' dir='ltr'>in</span> <span class='ocrx_word' id='word_1_159' title='bbox 1415 2314 1571 2341; x_wconf 82' lang='lat' dir='ltr'>summos</span> 
     </span>
     <span class='ocr_line' id='line_1_22' title="bbox 116 2366 1571 2424; baseline -0.001 -16"><span class='ocrx_word' id='word_1_160' title='bbox 116 2381 303 2408; x_wconf 83' lang='lat' dir='ltr'>sacrorum</span> <span class='ocrx_word' id='word_1_161' title='bbox 340 2368 549 2418; x_wconf 80' lang='lat' dir='ltr'>Antistites,</span> <span class='ocrx_word' id='word_1_162' title='bbox 589 2369 626 2409; x_wconf 89' lang='lat' dir='ltr'>in</span> <span class='ocrx_word' id='word_1_163' title='bbox 662 2383 740 2409; x_wconf 90' lang='lat' dir='ltr'>rem</span> <span class='ocrx_word' id='word_1_164' title='bbox 771 2369 962 2410; x_wconf 85' lang='lat' dir='ltr'>Ecclesiae</span> <span class='ocrx_word' id='word_1_165' title='bbox 999 2368 1200 2424; x_wconf 85' lang='lat' dir='ltr'>publicam,</span> <span class='ocrx_word' id='word_1_166' title='bbox 1250 2369 1297 2409; x_wconf 80' lang='lat' dir='ltr'>ad</span> <span class='ocrx_word' id='word_1_167' title='bbox 1327 2366 1422 2408; x_wconf 84' lang='lat' dir='ltr'>hanc</span> <span class='ocrx_word' id='word_1_168' title='bbox 1454 2366 1571 2407; x_wconf 81' lang='lat' dir='ltr'>sermo</span> 
     </span>
     <span class='ocr_line' id='line_1_23' title="bbox 117 2433 1570 2490; baseline -0.001 -16"><span class='ocrx_word' id='word_1_169' title='bbox 117 2434 215 2475; x_wconf 92' lang='lat' dir='ltr'>diem</span> <span class='ocrx_word' id='word_1_170' title='bbox 235 2433 354 2475; x_wconf 85' lang='lat' dir='ltr'>mirati</span> <span class='ocrx_word' id='word_1_171' title='bbox 374 2451 493 2477; x_wconf 86' lang='lat' dir='ltr'>sumus</span> <span class='ocrx_word' id='word_1_172' title='bbox 514 2435 665 2477; x_wconf 79' lang='lat' dir='ltr'>effusam</span> <span class='ocrx_word' id='word_1_173' title='bbox 679 2436 880 2478; x_wconf 83' lang='lat' dir='ltr'>licentiam:</span> <span class='ocrx_word' id='word_1_174' title='bbox 919 2444 955 2476; x_wconf 85' lang='lat' dir='ltr'>ct</span> <span class='ocrx_word' id='word_1_175' title='bbox 975 2435 1179 2476; x_wconf 88' lang='lat' dir='ltr'>Cardinalis</span> <span class='ocrx_word' id='word_1_176' title='bbox 1209 2435 1384 2475; x_wconf 88' lang='lat' dir='ltr'>Baronius</span> <span class='ocrx_word' id='word_1_177' title='bbox 1408 2433 1570 2490; x_wconf 82' lang='lat' dir='ltr'>aequalis</span> 
     </span>
     <span class='ocr_line' id='line_1_24' title="bbox 118 2501 1568 2559; baseline -0.001 -18"><span class='ocrx_word' id='word_1_178' title='bbox 118 2501 305 2542; x_wconf 84' lang='lat' dir='ltr'>doctrinae</span> <span class='ocrx_word' id='word_1_179' title='bbox 331 2503 387 2543; x_wconf 83' lang='lat' dir='ltr'>vir</span> <span class='ocrx_word' id='word_1_180' title='bbox 416 2519 460 2544; x_wconf 88' lang='lat' dir='ltr'>ac</span> <span class='ocrx_word' id='word_1_181' title='bbox 485 2504 654 2559; x_wconf 78' lang='lat' dir='ltr'>pietatiS,</span> <span class='ocrx_word' id='word_1_182' title='bbox 690 2519 768 2544; x_wconf 87' lang='lat' dir='ltr'>cum</span> <span class='ocrx_word' id='word_1_183' title='bbox 788 2502 894 2543; x_wconf 85' lang='lat' dir='ltr'>huius</span> <span class='ocrx_word' id='word_1_184' title='bbox 912 2503 1144 2558; x_wconf 83' lang='lat' dir='ltr'>Imperatoris</span> <span class='ocrx_word' id='word_1_185' title='bbox 1172 2516 1233 2544; x_wconf 80' lang='lat' dir='ltr'>res</span> <span class='ocrx_word' id='word_1_186' title='bbox 1261 2502 1296 2543; x_wconf 90' lang='lat' dir='ltr'>in</span> <span class='ocrx_word' id='word_1_187' title='bbox 1330 2502 1477 2542; x_wconf 83' lang='lat' dir='ltr'>annales</span> <span class='ocrx_word' id='word_1_188' title='bbox 1510 2515 1568 2541; x_wconf 90' lang='lat' dir='ltr'>re-</span> 
     </span>
     <span class='ocr_line' id='line_1_25' title="bbox 118 2568 1565 2625; baseline -0.001 -16"><span class='ocrx_word' id='word_1_189' title='bbox 118 2568 251 2617; x_wconf 81' lang='lat' dir='ltr'>ferret,</span> <span class='ocrx_word' id='word_1_190' title='bbox 287 2569 526 2610; x_wconf 90' lang='lat' dir='ltr'>vehcmenter</span> <span class='ocrx_word' id='word_1_191' title='bbox 553 2570 662 2611; x_wconf 89' lang='lat' dir='ltr'>etiam</span> <span class='ocrx_word' id='word_1_192' title='bbox 690 2578 798 2625; x_wconf 87' lang='lat' dir='ltr'>atque</span> <span class='ocrx_word' id='word_1_193' title='bbox 829 2570 938 2611; x_wconf 87' lang='lat' dir='ltr'>etiam</span> <span class='ocrx_word' id='word_1_194' title='bbox 968 2570 1062 2612; x_wconf 85' lang='lat' dir='ltr'>hunc</span> <span class='ocrx_word' id='word_1_195' title='bbox 1090 2570 1260 2625; x_wconf 85' lang='lat' dir='ltr'>Procopii</span> <span class='ocrx_word' id='word_1_196' title='bbox 1292 2569 1422 2609; x_wconf 88' lang='lat' dir='ltr'>librum</span> <span class='ocrx_word' id='word_1_197' title='bbox 1453 2581 1565 2622; x_wconf 86' lang='lat' dir='ltr'>cxpe-</span> 
     </span>
     <span class='ocr_line' id='line_1_26' title="bbox 116 2634 1565 2693; baseline -0.001 -18"><span class='ocrx_word' id='word_1_198' title='bbox 116 2634 216 2684; x_wconf 80' lang='lat' dir='ltr'>tivit,</span> <span class='ocrx_word' id='word_1_199' title='bbox 252 2636 348 2690; x_wconf 89' lang='lat' dir='ltr'>quod</span> <span class='ocrx_word' id='word_1_200' title='bbox 375 2636 460 2677; x_wconf 88' lang='lat' dir='ltr'>inde</span> <span class='ocrx_word' id='word_1_201' title='bbox 488 2645 710 2692; x_wconf 89' lang='lat' dir='ltr'>compertum</span> <span class='ocrx_word' id='word_1_202' title='bbox 739 2637 820 2678; x_wconf 83' lang='lat' dir='ltr'>l&#39;ore</span> <span class='ocrx_word' id='word_1_203' title='bbox 840 2646 1000 2693; x_wconf 87' lang='lat' dir='ltr'>putaret,</span> <span class='ocrx_word' id='word_1_204' title='bbox 1033 2635 1265 2692; x_wconf 86' lang='lat' dir='ltr'>Imperatoris</span> <span class='ocrx_word' id='word_1_205' title='bbox 1285 2634 1466 2676; x_wconf 85' lang='lat' dir='ltr'>Iustiniani</span> <span class='ocrx_word' id='word_1_206' title='bbox 1491 2648 1565 2674; x_wconf 89' lang='lat' dir='ltr'>mo·</span> 
     </span>
     <span class='ocr_line' id='line_1_27' title="bbox 118 2701 1565 2761; baseline 0 -20"><span class='ocrx_word' id='word_1_207' title='bbox 118 2714 180 2741; x_wconf 84' lang='lat' dir='ltr'>res</span> <span class='ocrx_word' id='word_1_208' title='bbox 207 2701 267 2756; x_wconf 88' lang='lat' dir='ltr'>qui</span> <span class='ocrx_word' id='word_1_209' title='bbox 287 2702 439 2750; x_wconf 81' lang='lat' dir='ltr'>suerint,</span> <span class='ocrx_word' id='word_1_210' title='bbox 470 2704 566 2759; x_wconf 90' lang='lat' dir='ltr'>quod</span> <span class='ocrx_word' id='word_1_211' title='bbox 586 2703 791 2760; x_wconf 78' lang='lat' dir='ltr'>ingenium,</span> <span class='ocrx_word' id='word_1_212' title='bbox 820 2719 914 2760; x_wconf 88' lang='lat' dir='ltr'>quae</span> <span class='ocrx_word' id='word_1_213' title='bbox 937 2704 1149 2761; x_wconf 85' lang='lat' dir='ltr'>prudentia,</span> <span class='ocrx_word' id='word_1_214' title='bbox 1190 2717 1285 2759; x_wconf 89' lang='lat' dir='ltr'>quae</span> <span class='ocrx_word' id='word_1_215' title='bbox 1305 2702 1459 2755; x_wconf 85' lang='lat' dir='ltr'>denique</span> <span class='ocrx_word' id='word_1_216' title='bbox 1488 2701 1565 2757; x_wconf 89' lang='lat' dir='ltr'>pie-</span> 
     </span>
     <span class='ocr_line' id='line_1_28' title="bbox 119 2767 1566 2829; baseline 0.002 -22"><span class='ocrx_word' id='word_1_217' title='bbox 119 2775 196 2815; x_wconf 84' lang='lat' dir='ltr'>tas;</span> <span class='ocrx_word' id='word_1_218' title='bbox 229 2782 308 2810; x_wconf 85' lang='lat' dir='ltr'>cum</span> <span class='ocrx_word' id='word_1_219' title='bbox 326 2784 398 2812; x_wconf 89' lang='lat' dir='ltr'>non</span> <span class='ocrx_word' id='word_1_220' title='bbox 417 2770 551 2812; x_wconf 87' lang='lat' dir='ltr'>bonam</span> <span class='ocrx_word' id='word_1_221' title='bbox 570 2772 616 2812; x_wconf 92' lang='lat' dir='ltr'>de</span> <span class='ocrx_word' id='word_1_222' title='bbox 641 2771 703 2812; x_wconf 92' lang='lat' dir='ltr'>illo</span> <span class='ocrx_word' id='word_1_223' title='bbox 729 2771 937 2829; x_wconf 87' lang='lat' dir='ltr'>opinionem</span> <span class='ocrx_word' id='word_1_224' title='bbox 963 2786 1114 2814; x_wconf 79' lang='lat' dir='ltr'>movere</span> <span class='ocrx_word' id='word_1_225' title='bbox 1135 2770 1318 2812; x_wconf 80' lang='lat' dir='ltr'>videretur</span> <span class='ocrx_word' id='word_1_226' title='bbox 1338 2768 1400 2809; x_wconf 86' lang='lat' dir='ltr'>illa</span> <span class='ocrx_word' id='word_1_227' title='bbox 1427 2770 1504 2809; x_wconf 85' lang='lat' dir='ltr'>eius</span> <span class='ocrx_word' id='word_1_228' title='bbox 1530 2767 1566 2810; x_wconf 90' lang='lat' dir='ltr'>in</span> 
     </span>
    </p>
   </div>
   <div class='ocr_carea' id='block_1_7' title="bbox 1590 648 1711 685">
    <p class='ocr_par' dir='ltr' id='par_1_7' title="bbox 1590 648 1711 685">
     <span class='ocr_line' id='line_1_29' title="bbox 1590 648 1711 685; baseline 0.017 -2"><span class='ocrx_word' id='word_1_229' title='bbox 1590 648 1711 685; x_wconf 74' lang='lat' dir='ltr'><strong>v263</strong></span> 
     </span>
    </p>
   </div>
  </div>
 </body>
</html>
