1800 3126
606 135 795 180 NOTAE
827 135 1119 180 ALEMANNI.
1346 152 1348 154 ’
1494 138 1591 184 405

141 246 378 300 imperiales
401 245 521 283 etiam
549 245 750 294 fecerunt3
787 251 832 284 ut
866 244 976 284 idem
1005 244 1271 294 lastinianus,
1303 247 1373 298 qui
1402 248 1490 299 lege
1521 247 1593 286 ad..

139 316 274 345 versus
301 315 438 339 omnes
466 304 635 341 Arianos
663 303 763 351 lata,
801 305 1000 341 immunes
1028 309 1159 340 tamen
1187 303 1445 342 Exocionitas
1474 306 1592 343 Aria-

136 373 210 398 nos
246 360 536 410 pronunciavit.
593 361 671 397 Eos
713 360 862 398 scilicet
895 362 965 412 qui
994 358 1044 397 ad
1073 373 1143 397 sua
1171 372 1281 397 sacra
1310 367 1422 397 extra
1451 362 1592 399 urbem

135 417 374 482 Byzantium
422 422 532 467 parte
579 417 892 467 septemtrionali
933 416 1240 465 conveniebant3
1291 429 1411 468 quem
1458 418 1592 455 locum

123 469 231 520 ’'Egm
251 467 398 522 κιόνια,
427 485 450 509 a
479 473 748 524 compluribus
774 479 886 510 extra
908 475 1065 510 moenia
1095 474 1290 510 columnis
1320 474 1418 510 inibi
1448 481 1594 511 extan-

127 528 240 568 tibus
281 526 432 566 dictum
467 530 590 567 fuisse
618 530 790 581 legimus
827 531 868 566 in
907 530 1206 582 antiquitatibus
1233 531 1310 567 CP.
1369 529 1592 582 Theopha-

133 597 227 633 nes,
272 583 296 626 ὁ
334 582 520 637 βασιλεύς
551 582 824 633 Ἰουστινιανός
861 581 1064 626 οἷπέσπασε
1102 583 1233 633 πάσας
1270 583 1339 634 τὰς
1382 586 1593 639 ἐκκλησίας

134 657 216 681 των
245 641 473 710 αἱρετικῶν,
513 641 580 682 καὶ
611 638 813 682 ἐπέδωκεν
843 638 967 690 αὕτοὶς
996 647 1079 690 τοῖς
1104 638 1365 694 ὄοθοδόξοις,
1396 644 1484 695 δίχα
1511 646 1593 684 τῶν

131 692 410 746 Ἐξακιονιταῖν
437 694 668 748 Ἀρειανων.
723 699 947 749 Imperator
973 699 1231 736 lastinianus·
1258 699 1431 736 abstulit
1459 714 1594 738 omne-9

133 753 421 793 haereticorum
449 755 648 803 ecelesias,
678 769 822 806 easque
848 755 1081 792 orthodoxis
1103 757 1304 805 concessit,
1335 759 1502 808 exceptis
1525 759 1591 805 iis,

134 825 238 863 quae
263 811 515 848 Arianorum
538 813 875 849 Exacionitarum
904 819 1040 851 essent.
1098 813 1150 848 Hi
1181 825 1326 863 nempe
1352 813 1592 851 nobilissimi

133 869 372 905 Arianorum
396 874 518 916 erant,
547 870 589 904 in
619 869 1030 920 quorumcollegium
1057 867 1226 906 adscribi
1257 867 1494 907 Gotthorum
1524 884 1591 908 re-

133 936 205 974 ges
240 925 368 962 Italici
415 932 710 962 consueverant.
769 926 896 972 Quare
943 932 1056 963 autor
1097 923 1270 962 chronici
1309 926 1588 975 Alexandrini,

132 979 185 1017 ad
213 993 363 1020 annum
388 983 562 1019 Zenonis
590 980 859 1030 undecimum,
883 980 1180 1019 Theodoricum
1207 983 1486 1020 Exocionitam
1514 997 1589 1020 vo-

119 1043 216 1085 .cat;
255 1049 376 1089 quem
402 1038 538 1076 locum
566 1037 744 1076 eruditus
771 1040 964 1090 interpres
991 1037 1216 1077 Matthaeus
1242 1037 1418 1077 Raderus
1446 1053 1588 1090 parum

129 1094 347 1132 intellexit.

242 1151 288 1188 P.
318 1148 397 1199 74,
429 1148 495 1190 15.
554 1149 601 1188 A
625 1148 869 1187 seditionum
893 1150 1166 1202 popularibus
1197 1152 1357 1202 passim
1388 1152 1588 1217 ‘mactati1

129 1207 178 1243 In
207 1207 373 1244 ecclesia
401 1208 527 1244 sancti
544 1208 665 1245 Mocii
690 1221 712 1244 a
731 1207 987 1244 Constantino
1018 1206 1291 1255 exaedfficata,
1321 1214 1358 1244 et
1386 1209 1468 1246 iam
1497 1207 1590 1245 inde

131 1263 182 1300 ab
210 1264 369 1300 Arianis
399 1271 608 1315 occupata,
639 1277 776 1300 eorum
804 1262 943 1303 πολλοὶ
973 1259 1284 1315 ἀπεκτάνθησαν
1312 1262 1354 1303 ἐν
1385 1268 1469 1312 ταῖς
1496 1263 1591 1316 ημέ-

131 1333 221 1371 ραις
247 1315 528 1360 Ἰουστινιανοῦ
557 1322 631 1359 τοῦ
657 1316 841 1371 μεγάλου,
872 1319 1166 1391 quamplurimi
1195 1318 1466 1358 contruciduti
1493 1327 1592 1358 sunt

131 1382 302 1427 tempore
331 1376 555 1414 Iustiniani
584 1378 738 1426 magni
793 1377 838 1413 In
867 1377 1048 1427 πατρίοις
1076 1377 1152 1414 CP.
1182 1377 1238 1414 ita
1265 1378 1451 1426 legimus.

243 1434 289 1470 P.
319 1431 392 1480 75,
427 1435 463 1472 1.
526 1432 625 1470 Cum
655 1434 708 1469 iis
737 1439 876 1469 temere
904 1432 1235 1484 conflagrarunt]
1267 1433 1424 1472 Similia
1452 1435 1494 1470 in
1524 1431 1591 1471 hi-

130 1490 268 1528 storiis.
290 1486 510 1537 habentur3
549 1489 748 1526 Salustius
776 1487 885 1525 idem
914 1490 1033 1540 plane
1065 1488 1113 1526 de
1143 1488 1412 1528 Thalensibus
1441 1490 1590 1528 scribit.

127 1547 192 1584 Hi
227 1552 444 1596 postquam
480 1558 640 1582 murum
681 1545 875 1582 arietibus
900 1545 1046 1597 jeriri,
1090 1560 1229 1597 resque
1265 1560 1365 1584 suas
1406 1547 1591 1598 afflictas

126 1600 291 1647 rident,
320 1615 493 1650 aurum,
525 1609 837 1653 argentumque,
867 1609 903 1638 et
933 1602 1044 1651 alia,
1073 1616 1177 1653 quae
1199 1604 1339 1654 prima
1368 1601 1590 1651 ducuntur,

128 1656 294 1696 domum
318 1660 474 1710 regiam
497 1666 747 1708 comportant
755 1674 768 1707 ,-
799 1658 857 1695 ibi
885 1659 979 1695 vino
1010 1665 1046 1695 et
1073 1659 1204 1710 epuli-5·
1232 1661 1406 1708 onerati,
1436 1660 1591 1710 illaque

129 1721 166 1752 et
194 1713 378 1764 domum,
407 1722 444 1751 et
473 1722 590 1759 semet
619 1716 709 1766 igni
737 1722 1022 1765 corrumpunt,
1048 1723 1085 1752 et
1115 1730 1217 1766 quas
1249 1717 1347 1753 victi
1376 1716 1428 1753 ab
1460 1716 1590 1753 hosti-

127 1770 205 1809 bus
230 1785 382 1822 poenas
411 1770 656 1821 metuebant,
687 1785 754 1808 eas
784 1773 864 1822 ipsi
892 1771 1062 1809 volentes
1084 1770 1312 1822 pependere.

242 1829 290 1864 Ρ.
314 1826 392 1875 75,
418 1830 458 1868 2.
514 1828 623 1878 Lege-
650 1827 728 1865 hac
750 1828 840 1866 latu
868 1829 991 1865 etiam
1019 1829 1062 1864 in
1092 1828 1347 1878 Samaritam]
1388 1826 1490 1874 Quid
1518 1828 1589 1865 illa

127 1884 199 1923 lex
229 1885 456 1932 contineret,
487 1885 607 1935 paulo
638 1891 728 1922 ante
757 1885 970 1935 Procopius
1003 1882 1119 1921 dixit.
1177 1886 1268 1922 Hos
1297 1898 1430 1921 omnes·
1451 1886 1589 1935 priore
1610 1893 1642 1926 A
1665 1891 1710 1926 57

127 1942 323 1978 sententia
351 1939 531 1977 decedere
559 1942 697 1989 ius-sit,
729 1943 931 1992 protervi-s·
960 1947 1050 1977 tum
1077 1940 1165 1977 alia
1196 1942 1395 1988 minatus,
1435 1947 1523 1977 tum
1553 1947 1589 1977 et

125 2011 174 2035 ne
201 1996 339 2034 liberis
367 2003 441 2034 aut
463 1998 708 2048 propinquis
730 1997 836 2034 bona
864 1997 1129 2047 relinquerent
1157 1996 1410 2035 interdicens.
1467 1998 1589 2034 Iusti-

125 2054 237 2090 niani
272 2065 364 2104 ergo
396 2054 620 2091 constitutio
655 2060 788 2091 contra
818 2054 1033 2092 samaritas
1062 2067 1144 2091 non
1173 2060 1231 2091 est
1259 2054 1328 2090 lex
1357 2065 1462 2091 nona
1498 2052 1586 2090 cod.

129 2108 178 2147 de
216 2108 365 2147 haeret-
404 2116 449 2147 ut
487 2111 549 2148 vir
586 2109 724 2148 doctus
764 2111 908 2147 Caesar
937 2111 1131 2147 Baronius
1170 2111 1366 2160 opinatur.
1425 2110 1588 2147 Accedit

127 2165 237 2218 quod
273 2168 317 2203 in
356 2166 512 2203 novella
544 2167 622 2206 129
662 2167 818 2217 singula
852 2173 1112 2204 numerantur
1140 2168 1267 2217 capita
1298 2167 1586 2203 constitutionis

126 2223 173 2262 in
194 2223 423 2270 Samaritas,
454 2235 555 2274 quae
584 2223 627 2260 in
654 2223 744 2273 lege
773 2223 844 2260 illa
871 2235 977 2260 nona
1006 2224 1173 2260 minime
1205 2229 1407 2274 apparent.
1464 2224 1587 2259 Porro

112 2285 206 2316 tres
246 2278 294 2316 de
335 2280 543 2317 Samaritis
582 2277 698 2316 video
737 2281 945 2316 Iustiniani
991 2281 1302 2316 constitutiones.
1360 2280 1494 2315 Prima
1537 2278 1586 2315 de

127 2336 320 2386 religione
357 2336 439 2372 illis
475 2334 705 2383 interdicta,
743 2338 853 2373 cuius
890 2334 955 2373 hic
983 2337 1200 2388 Procopius
1232 2337 1439 2382 meminit3
1480 2334 1586 2373 uude

126 2391 264 2429 turbae
303 2398 342 2428 et
380 2390 595 2429 seditiones
635 2394 677 2429 in
705 2393 931 2430 Palaestina
970 2399 1196 2430 manarunt.
1253 2391 1460 2430 Secundae
1502 2393 1586 2428 sin-

129 2447 223 2497 gula
262 2450 390 2499 capita
428 2450 472 2485 in
507 2449 667 2486 novella
707 2450 784 2489 129
824 2455 1103 2497 recensentur,
1145 2462 1290 2501 quam,
1330 2455 1373 2485 ut
1412 2448 1584 2499 Cyrillus

129 2502 477 2555 Scythopolitanus
507 2506 583 2553 ait,
612 2506 784 2542 instante
815 2506 1062 2543 sanctissimo
1090 2506 1172 2542 viro
1203 2505 1307 2543 Saba
1336 2505 1582 2541 Palaestino·
1604 2511 1634 2546 Ρ
1660 2512 1723 2547 131

130 2571 220 2597 rum
245 2561 376 2611 legato
405 2561 646 2599 Iustinianus
671 2563 859 2609 saucivit,
897 2562 1044 2600 factam
1074 2562 1122 2599 ab
1153 2563 1208 2599 eis
1236 2561 1515 2604 rebellionem,
1547 2566 1585 2596 et

131 2613 276 2654 damna
304 2615 536 2656 Christianis
571 2618 683 2656 illata
721 2617 1003 2657 vindicaturus.
1062 2621 1169 2656 Haec
1199 2629 1356 2656 summa
1393 2618 1585 2654 constitu-

131 2672 248 2710 tionis
275 2672 366 2710 fuit
419 2671 627 2715 παυεσθοι
652 2689 722 2722 τας
744 2677 825 2714 τῶν
850 2677 1108 2728 Σαμαρειτῶν
1139 2687 1391 2727 συναγωγας,
1420 2671 1487 2712 καὶ
1511 2669 1584 2711 πά-

131 2738 205 2778 σης
245 2730 317 2780 τῆς
353 2730 550 2778 πολιτείας
589 2726 910 2781 ἐπελαύνεσθαι,
948 2731 1016 2772 καὶ
1055 2730 1151 2782 μήτε
1191 2733 1452 2781 κληρονομεῖν
1491 2744 1586 2776 τους

132 2783 282 2834 ἰδίους,
321 2780 417 2838 μήτε
445 2785 543 2828 κατὰ
575 2788 726 2842 δωρεᾶς
761 2787 916 2829 δίκαιον
946 2785 1084 2836 αυτοῖς
1112 2785 1402 2838 παραπέμπειν,
1462 2784 1514 2825 ἔτι
1541 2783 1586 2826 δὲ
