1800 3126
547 109 739 154 NOTAE
772 107 1067 153 ALEMANNI.
1349 96 1351 98 ’
1447 110 1544 156 381

84 224 128 260 in
164 223 367 274 Aegypto,
409 226 450 258 et
490 220 539 258 ab
577 218 823 259 Alexandria
862 218 1002 258 decem
1039 216 1195 257 dierum
1231 217 1372 256 itinere
1413 217 1546 258 distat.

83 278 185 319 Vide
210 279 314 316 infra
341 278 412 315 ubi
442 276 492 315 de
520 276 652 316 reditu
681 276 920 316 Theodorae
951 278 999 314 ab
1031 277 1232 315 Hecebolo
1263 276 1471 327 expulsae.

192 337 241 374 P·
271 337 337 382 63,
373 337 437 375 10.
500 335 658 374 Oriente
685 341 768 372 toto
793 341 1014 386 peragrato
1042 335 1291 385 Byzantium
1319 332 1545 385 reducitur]

84 393 252 431 Orientis
286 392 514 442 provincia,
553 406 606 430 ex
645 405 725 445 qua
762 393 907 429 ultima
941 393 1182 444 Byzantium
1225 388 1429 439 discessit,
1470 391 1548 428 fuit

83 446 370 500 Paphlagonia.
443 446 518 489 Τὸν
556 445 673 503 ἅγιον
706 444 1005 500 παντελεήμονα
1036 444 1226 502 Θεοδῶρα
1263 446 1294 499 ἦ
1330 445 1433 502 γυνή
1474 450 1550 488 τοῦ·

82 501 253 560 μεγάλου
281 500 566 546 Ἰουστινιανοῦ
594 502 801 560 ἀνήγειρε,
835 501 938 546 διότι
967 501 1034 546 ὅτε
1061 499 1192 558 ἦλθεν
1222 499 1301 545 ἀπὸ
1330 507 1546 557 Παφλαγο-

81 561 172 610 νίας
207 561 332 602 ἐκεῖσε
369 561 414 602 ἐν
447 565 506 614 τῷ
542 559 696 618 ἐμβόλῳ
735 559 905 618 κατῴκει
932 560 1058 615 πένης
1091 554 1215 612 οὖσα,
1258 559 1327 601 καὶ
1357 561 1444 613 ἔρια
1472 559 1549 612 νή-

80 622 237 668 θονσα,
279 617 320 667 ἐξ
358 613 416 658 ὦν
453 615 532 670 εἶχε
558 619 628 660 καὶ
654 616 729 672 τήν
758 616 1000 671 διατροφήν,
1045 616 1141 671 μετοὶ
1172 617 1216 660 δὲ
1245 615 1288 659 τό
1316 619 1548 670 βασιλεῦσαι

82 673 207 716 ἔκτισε
238 671 315 725 τὴν
351 674 542 727 πενιχρὰν
571 676 728 726 ἐκείνην
766 675 900 716 οἰκίαν
933 675 991 723 εἷς
1026 672 1142 716 ναόν.
1205 673 1418 714 Theodora
1447 689 1550 712 uxor

81 733 226 782 magni
252 732 480 770 Iustiniani
500 740 596 784 poet
622 731 797 771 reditum
826 746 870 770 ex
897 731 1195 783 Paphlagonia
1220 733 1263 770 in
1293 732 1444 770 embolo
1471 731 1551 769 Iza-

81 787 248 839 bitavit,
288 789 362 826 ubi
393 796 560 840 propter
592 796 803 842 egestatem
831 789 972 827 lanam
999 788 1138 840 nebat,
1177 802 1223 825 ex
1263 802 1343 840 quo
1386 789 1548 840 opificio

78 846 210 884 vitam
248 848 512 894 eustentavit3
552 847 625 884 ubi
661 860 751 884 vero
781 844 841 883 ad
866 847 1079 898 imperium
1106 847 1286 897 pervenit
1315 847 1358 882 in
1389 845 1548 882 abiecta

17 934 25 945 ,
79 901 159 939 illa
187 899 318 952 domo,
352 903 544 954 templum
573 904 794 941 construxit
823 903 865 942 S.
894 903 1177 942 pantaleonis.
1234 903 1361 940 Autor
1390 901 1439 939 de
1471 915 1545 939 an—

78 959 261 1010 tiquitate
282 959 391 997 urbis
411 960 886 1011 Constantinopolitanae.
943 962 990 997 In
1014 959 1165 997 embolo
1185 957 1401 997 Theodora
1431 972 1544 996 com—

78 1015 331 1064 morabatur,
369 1016 439 1053 ubi
474 1017 626 1054 scilicet
662 1017 950 1055 abiectissimae
988 1018 1218 1054 meretrices
1252 1029 1416 1067 corpora
1446 1029 1543 1067 pro—-

76 1071 305 1110 stituebant.
362 1073 465 1110 Hinc
494 1073 602 1124 apud
630 1075 808 1111 Plinium
844 1085 1115 1122 nmnonAmA,
1157 1072 1206 1110 de
1238 1086 1315 1124 qua
1343 1080 1401 1110 tot
1432 1075 1543 1109 criti-

77 1141 215 1166 corum
253 1127 543 1167 eruditissimae
582 1144 729 1182 nugae.
796 1132 1066 1170 ΕΜΒΟΛΟΙ
1099 1129 1281 1181 (praeter
1318 1130 1416 1166 alias
1457 1132 1542 1166 eius

74 1186 184 1223 vocis
224 1185 490 1238 acceptiones)
526 1195 617 1224 sunt
652 1189 847 1238 porticus.
906 1185 1129 1238 Hesychius
1165 1187 1345 1223 Milesius
1384 1188 1427 1223 iu
1467 1202 1545 1226 πα-

74 1241 201 1293 τρίοις
228 1243 534 1280 Constantinum
560 1257 696 1282 muros
719 1245 903 1296 Byzantii
931 1244 1144 1295 protulisse
1171 1250 1306 1280 narrat
1334 1256 1462 1294 usque
1493 1242 1546 1280 ad

79 1295 335 1351 Τρωαδικοΰς
354 1295 558 1351 ἐμβόλους,
581 1302 770 1352 porticus
795 1299 1038 1338 Troadensee
1065 1307 1180 1337 vocat
1210 1306 1323 1337 autor
1347 1302 1546 1351 antiquIS-

75 1355 203 1393 simus
256 1354 529 1407 descriptionis
576 1358 685 1395 urbis
733 1357 1116 1408 Constantinopolis.
1195 1355 1545 1403 Quemadmodum

76 1424 170 1462 ergo
199 1425 223 1449 a
250 1414 476 1463 porticumn
503 1413 720 1452 fornicibus
746 1414 1011 1465 fornicariae
1046 1414 1237 1451 mulieres
1268 1412 1397 1450 dictae
1428 1421 1545 1462 suutr,

75 1469 133 1506 sic
161 1481 185 1506 a
211 1469 427 1520 porticibus
456 1471 566 1521 ipsis,
595 1469 673 1508 hoc
702 1478 781 1519 est,
811 1470 989 1521 embolis,
1019 1482 1292 1508 EMBOLARIAS
1325 1471 1394 1507 alii
1423 1484 1547 1508 voca-

74 1531 179 1563 runt.
234 1525 519 1564 Porticibusne
557 1527 635 1565 tibi
663 1534 920 1566 monstratur
943 1529 1106 1579 femina
1142 1534 1234 1567 voto
1275 1526 1406 1579 digna
1443 1529 1544 1566 tuo?

74 1582 272 1620 Iuvenalis
301 1583 432 1635 Satyr.
463 1586 505 1624 6.

183 1640 232 1676 P.
261 1639 328 1687 64,
357 1641 399 1679 6.
466 1640 635 1691 Uterque
661 1641 833 1680 Venetae
848 1639 1074 1692 factionis]
1103 1641 1273 1678 Aeacius
1302 1638 1542 1678 Theodorae

73 1708 216 1747 parens
251 1696 462 1733 Prasinam
506 1704 663 1735 secutus
708 1706 788 1746 est3
833 1712 975 1736 verum
1013 1696 1230 1736 Theodora
1273 1696 1325 1734 ad
1366 1699 1541 1736 Venetos

73 1752 267 1799 transivit,
296 1753 365 1789 ubi
392 1759 483 1804 post
500 1755 635 1790 Aeacii
664 1755 817 1791 obitum
848 1769 940 1793 cum
965 1762 1106 1803 matre,
1136 1755 1417 1806 sororibusque
1446 1768 1542 1790 mu-

72 1822 148 1846 nus
178 1806 313 1846 alendi
340 1809 488 1847 bestias
520 1811 567 1846 ab
597 1811 678 1847 illis
709 1813 873 1862 accepit.
930 1813 991 1849 De
1019 1813 1240 1849 Iustiniano
1270 1814 1395 1848 miror
1423 1810 1542 1848 Chri-

72 1863 383 1916 stophorsonum
414 1867 638 1917 ignorasse,
670 1869 739 1919 qui
769 1868 819 1905 ad
851 1882 884 1905 c.
911 1869 964 1910 31
997 1870 1027 1906 l.
1058 1867 1085 1908 4
1115 1869 1301 1918 Evagrii,
1330 1869 1386 1904 ita
1414 1869 1540 1904 inter-

69 1928 247 1973 pretatus
278 1928 350 1960 est.
404 1923 576 1961 Placuit
602 1923 835 1962 Iustiniano
865 1927 910 1962 in
937 1925 1111 1963 alteram
1128 1925 1360 1976 factionem
1389 1938 1539 1974 eorum,

71 1980 144 2031 qui
170 1979 346 2016 Praeini
372 1976 576 2032 dicuntur,
607 1982 742 2018 animo
766 1980 1024 2033 propendere.
1080 1983 1127 2018 In
1158 1982 1309 2019 Graeco
1340 1988 1399 2019 est
1428 1984 1539 2021 Κυα-

69 2034 195 2084 νέων,
236 2035 544 2074 Caeruleorum:
585 2035 630 2075 hi
663 2045 756 2076 sunt
784 2040 938 2077 Veneti.
998 2037 1194 2077 chosroes
1223 2040 1442 2076 Iustiniano
1471 2040 1537 2075 in-

69 2091 318 2131 fensissimus
346 2094 550 2145 Apameae
581 2108 674 2132 cum
703 2102 825 2143 esset,
866 2095 952 2137 ἐπεὶ
980 2092 1147 2148 ἠκηκόει
1175 2098 1313 2150 πολλῷ
1341 2091 1537 2149 πρότερον

68 2142 344 2190 Ἰουστινιανὸν
373 2150 536 2203 βασιλέα
555 2148 764 2205 χρώματος
786 2154 861 2192 τοῦ
878 2151 1046 2194 Βενὲτου
1076 2149 1121 2204 (ὃ
1144 2150 1194 2204 δή
1216 2149 1390 2193 κυάνεόν
1410 2152 1537 2204 ἐστιν)

69 2201 243 2254 ἐκτόπως
281 2205 401 2262 ἔρᾷν,
446 2204 689 2256 ἆπεναντίας
726 2205 940 2265 κᾷνταῦθα
980 2205 1091 2264 αὐτῷ
1138 2209 1240 2249 ἰέναι
1278 2205 1537 2262 βουλόμενος,

70 2257 192 2313 ἤθελε
219 2265 273 2317 τῷ
304 2264 498 2319 Πρασίνῳ
537 2262 612 2317 τήν
648 2266 768 2316 νίκην
808 2263 1002 2320 ἁρμόσαι,
1050 2265 1308 2318 audissetque
1337 2267 1537 2304 Iustinia-

70 2330 170 2356 num
210 2319 487 2370 imperatorem
530 2322 656 2359 colori
698 2323 845 2363 Veneto
888 2325 986 2376 (qui
1023 2324 1231 2361 caeruleus
1268 2328 1355 2371 est)
1396 2325 1540 2361 insane

63 2373 222 2424 savere;
260 2377 344 2428 ipse
377 2381 592 2416 contrarii-5·
632 2381 677 2417 in
714 2379 792 2417 hoo
829 2382 953 2418 etiam
980 2379 1153 2430 studiis,
1192 2382 1372 2419 Prasino
1412 2381 1540 2418 colori

70 2431 285 2470 victoriam
313 2434 476 2472 concedi
501 2435 672 2474 volebat.
728 2436 828 2476 Vide
857 2436 930 2476 has
959 2445 1073 2476 notas
1102 2438 1220 2475 infra.
1279 2437 1443 2477 studuit
1471 2438 1535 2474 fa·-

71 2487 193 2525 ctioni
219 2490 390 2528 Venetae
419 2493 547 2530 Aulus
576 2494 772 2543 Vitellius,
803 2496 886 2547 qui,
914 2501 960 2532 ut
990 2496 1045 2532 ait
1074 2495 1303 2544 Suetonius,
1336 2493 1537 2547 quosdam

73 2541 122 2580 de
144 2543 256 2594 plebe
283 2546 331 2584 ob
358 2546 408 2586 id
432 2550 591 2600 ipsum,
635 2549 749 2601 quod
781 2553 950 2590 Venetae
970 2553 1153 2603 factioni
1181 2553 1290 2589 clare
1319 2549 1536 2589 maledixe-

70 2606 180 2650 rant,
208 2602 404 2642 interemit
412 2620 426 2651 ;
453 2613 682 2657 contemptu
710 2610 789 2658 sui,
819 2616 857 2646 et
884 2623 990 2647 nova
1013 2624 1081 2661 spe
1109 2608 1158 2647 id
1174 2624 1299 2646 ausos
1329 2609 1535 2659 opinatus.

69 2657 245 2695 Prasinis
274 2658 372 2697 favit
400 2662 444 2700 C.
465 2664 660 2715 Caligula.
718 2666 795 2704 Dio
825 2667 854 2704 l.
885 2666 940 2707 59
972 2666 1142 2720 ἰσχυρῶς
1168 2664 1244 2719 γὰρ
1273 2668 1332 2720 τῷ
1358 2662 1434 2716 τήν
1461 2665 1534 2716 βα-

69 2714 233 2765 τραχίδα
259 2711 487 2768 ἕνδῦνοντι,
515 2720 583 2761 καὶ
610 2719 678 2761 dio?
706 2725 824 2763 τοῦτο
854 2718 935 2763 cino*
963 2726 1038 2764 τοῦ
1065 2720 1270 2778 χρώματος
1299 2721 1531 2776 καλουμένῳ

73 2770 264 2826 Πρασίνῳ
291 2773 527 2828 προσέκειτο.
591 2776 842 2819 Vehementer
861 2794 1087 2832 propensus
1113 2787 1201 2818 erat
1229 2779 1364 2818 animo
1395 2779 1437 2816 in
1467 2793 1532 2817 eos

1570 222 1670 258 A33

1558 2441 1586 2474 P
1614 2442 1679 2477 114
