1858 3126
528 149 604 194 DE
638 145 927 192 AEDlFlcns
959 143 1034 188 111.
1107 144 1155 188 5.
1327 156 1329 159 ·
1471 140 1568 185 255

128 265 395 324 τειχισάμενος
419 264 520 320 με’γα
544 270 627 314 τοῖς
647 263 864 320 Ἀρμενίοις
889 256 1081 318 ὃχῦρωμά
1105 275 1147 300 τε
1175 257 1242 299 καὶ
1268 254 1575 312 ἔγκαλλώπισμα

126 334 356 390 Μελιτηνὴν
379 331 661 388 ἀπειργάσατο.

257 401 301 445 ε’.
371 406 514 443 Ταῦτα
542 401 615 455 μὲν
638 394 708 441 οὖν
731 402 772 442 ἓν
793 399 1000 456 Ἀρμενία,
1033 395 1121 450 ἣτις
1151 394 1256 437 ἐστὶν
1283 395 1323 435 ἓν
1355 393 1464 449 δεξιᾷ
1490 391 1574 433 Εὖ-

126 469 282 529 φράτου
312 475 494 523 ποταμοῦ
532 467 766 526 εἰργάσατο·
801 467 878 509 ὅσα
910 467 956 508 δέ
988 466 1025 508 οἱ
1061 465 1101 506 ἓν
1127 463 1313 521 Ἀρμενία
1343 466 1392 517 τῇ
1421 459 1576 516 μεγάλῃ

89 540 344 593 5πεποιήται,
372 540 473 595 ἐρῶν
498 537 678 594 ἔρχομαι.
745 534 860 590 ἡνίκα
884 532 1102 583 Θεοδόσιος
1125 530 1371 590 ὂγῬωμαίων
1387 529 1578 582 βασιλεὺς

121 606 194 662 τὴν
218 606 416 664 Ἀρσάκου
448 605 697 663 ἐπικράτειαν
730 604 866 657 ἴσχεν,
899 598 1000 658 ᾗπέρ
1032 618 1102 655 μοι
1135 600 1299 655 ἔναγχος
1332 596 1574 652 δεδιήγηται,

121 674 318 733 φρούριον
338 676 405 716 ἐπί
426 691 534 724 τινος
554 679 632 716 τῶν
656 671 794 729 λόφων
816 669 1106 729 ᾠκοδομήσατο
1126 676 1210 718 τοῖς
1230 672 1462 725 προσιοῦσιν
1481 665 1576 708 εὖά-

120 748 270 794 λωτον,
305 742 326 785 ὃ
359 744 410 797 δὴ
445 739 779 784 Θεοδοσιούπολιν
807 738 1052 792 ἐπωνόμασε.
1120 741 1238 779 τοῦτο
1262 735 1462 789 Καβάδης
1485 734 1573 777 τότε
1597 737 1626 771 P
1648 737 1694 771 59

121 810 143 854 ὅ
163 814 337 868 Περσῶν
362 811 572 865 βασιλεὺς,
605 808 721 864 ἡνίκα
753 809 804 862 δὴ
820 809 984 862 Ἀμίδης
1016 805 1116 849 εὐθὺ
1140 806 1247 855 ἵετο,
1282 803 1437 860 παριιὺν
1461 801 1576 845 εἷλεν.

66 879 375 929 1οἈναστάσιος
403 881 446 921 δὲ
473 877 493 921 ὁ
518 877 724 932 Ῥωμαίων
745 875 1005 932 αὐτοκράτωρ
1034 874 1081 916 οὗ
1113 877 1250 929 πολλῷ
1275 871 1442 927 ὕστερον
1462 872 1577 914 πόλιν

121 951 303 992 ἐνταῦθα
339 949 522 1001 ἐδείματο
554 946 624 988 τὸν
653 944 779 1002 λόφον
809 945 919 994 ἐντὸς
951 947 1023 986 τοῦ
1052 940 1268 1000 περιβόλου
1301 942 1576 994 πεποιημένος,

120 1017 189 1074 ἐφ’
223 1011 272 1059 οὗ
301 1017 351 1071 δὴ
385 1015 576 1071 φρούριον
608 1015 653 1057 τὸ
677 1015 896 1056 Θεοδοσίου
927 1010 1107 1066 εἰστήκει.
1177 1011 1244 1052 καὶ
1271 1009 1316 1052 τὸ
1349 1010 1421 1063 μὲν
1451 1007 1576 1050 αὑτοῦ

116 1084 247 1140 ’ὄνομα
266 1088 316 1140 τῇ
343 1083 454 1126 πόλει
481 1084 655 1140 ἀφῆκεν,
692 1085 867 1137 ἐξίτηλον
890 1082 932 1123 δὲ
955 1081 999 1122 τὸ
1025 1080 1245 1122 Θεοδοσίου
1274 1081 1478 1119 ποιεῖσθαι
1504 1082 1576 1119 τοῦ

1597 328 1628 361 D

119 1153 312 1210 πρότερον
342 1155 518 1194 οἰκιστοῦ
537 1151 679 1205 ἥκιστα
710 1152 868 1205 ἴσχυσεν
876 1182 890 1201 ,
926 1151 1006 1191 ἐπεὶ
1030 1150 1304 1201 νεοχμοῦσθαι
1329 1147 1402 1200 μὲν
1427 1146 1477 1188 τὰ
1501 1163 1576 1186 κα-

65 1230 107 1266 15
119 1222 385 1275 θωμιλημένα
415 1228 498 1269 τοῖς
531 1218 762 1275 ἀνθρώποις
795 1221 834 1269 ἐς
865 1219 924 1260 ἀεὶ
955 1219 1153 1274 πέφυκεν,
1191 1213 1398 1268 ὀνομάτων
1427 1215 1470 1255 δὲ
1498 1218 1577 1256 τῶν

119 1288 299 1346 πρόσθεν
317 1291 536 1341 μεθίεσθαι
562 1288 633 1329 οὐκ
653 1288 823 1337 εὐπετῶς
844 1286 935 1340 ἔχει.
1001 1290 1120 1328 τοῦτο
1140 1284 1182 1325 δὲ
1205 1280 1578 1331 Θεοδοσιουπόλεως

118 1363 248 1411 τεῖχος
279 1355 461 1412 εὐρύνετο
493 1357 566 1410 μὲν
600 1355 845 1406 ἱκανώτατα,
883 1355 928 1396 οὐ
968 1354 1071 1396 κατὰ
1109 1351 1226 1407 λόγον
1259 1353 1301 1393 δὲ
1331 1356 1403 1394 τοῦ
1437 1350 1579 1408 εὔρους

119 1425 261 1479 ἀνεῖχε.
327 1424 374 1466 τὸ
395 1424 473 1480 γὰρ
496 1423 605 1478 ὕψος
629 1424 739 1481 αὐτῷ
775 1425 815 1473 ἒς
839 1421 1055 1478 τριάκοντα
1085 1422 1268 1471 ἐξικνεῖτο
1293 1418 1471 1474 μάλιστα
1501 1418 1576 1461 πό·
1605 1426 1634 1459 Β

119 1495 213 1543 δας·
247 1490 374 1548 ταύτῃ
407 1509 447 1535 τε
476 1493 679 1546 πολεμίοις
707 1494 1036 1545 τειχομαχοῦσιν,
1072 1489 1204 1539 ἄλλως
1234 1506 1275 1530 τε
1304 1490 1371 1530 καὶ
1396 1490 1579 1544 Πέρσαις

61 1559 284 1617 Ξοέγεγόνει
311 1563 402 1602 λίαν
432 1559 643 1602 εὐάλωτον.
711 1555 761 1613 ἦν
786 1561 828 1601 δὲ
851 1562 918 1602 καὶ
947 1558 1079 1608 ἄλλως
1109 1559 1314 1612 ἐπίμαχον.
1385 1556 1474 1598 οὔτε
1500 1557 1578 1612 γὰρ

116 1631 378 1686 προτείχισμα
398 1628 488 1671 οὕτε
516 1627 674 1686 τάφρος
693 1629 801 1685 αὐτῷ
823 1627 983 1682 ἤμυνεν.
1054 1627 1158 1668 ἀλλὰ
1180 1628 1245 1667 καὶ
1274 1624 1410 1680 χῶρός
1438 1643 1498 1674 τις
1525 1623 1581 1673 ὡς

118 1696 326 1753 ἀγχοτάτω
355 1698 603 1751 ἐπεμβαίνων
633 1701 683 1752 τῇ
709 1695 820 1738 πόλει
844 1701 902 1753 τῷ
930 1694 1131 1751 περιβόλῳ
1165 1693 1446 1747 ἐπανειστήκει.
1518 1693 1579 1734 διὸ

119 1766 169 1821 δὴ
188 1765 378 1820 βασιλεὺς
395 1765 672 1814 Ἰουστινιανὸς
693 1763 1046 1819 ἀντεμηχανήσατο
1066 1762 1175 1806 τάδε.
1244 1767 1386 1819 πρῶτα
1408 1763 1480 1816 μὲν
1504 1760 1575 1804 τά-

119 1851 224 1892 φρον
254 1831 309 1884 ὡς
337 1831 577 1888 βαθυτάτην
607 1834 648 1875 ἓν
675 1831 808 1891 κύκλῳ
839 1831 986 1890 ὀρύξας
994 1864 1007 1882 ,
1047 1831 1278 1888 χαράδραις
1318 1830 1444 1885 αὐτὴν
1473 1831 1578 1887 ὀρῶν

116 1984 271 2064 absoluto
295 1985 458 2019 moenium
484 1985 626 2027 ambitu,
651 1996 804 2030 magnum
833 1983 998 2019 Armeniis
1018 1983 1187 2026 columen,
1213 1985 1248 2018 et
1267 1982 1453 2017 Melitenae
1475 1981 1578 2016 decus

141 2031 267 2066 onavit.

207 2077 240 2111 5.
287 2076 340 2110 Ea
355 2081 431 2110 sunt
445 2076 547 2110 nostri
564 2076 722 2121 principis
739 2076 894 2110 aedificia
909 2076 943 2109 in
959 2075 1135 2116 Armenia,
1159 2085 1245 2118 quae
1270 2079 1322 2107 est
1340 2074 1384 2108 ad
1405 2074 1580 2108 dexteram

116 2122 300 2168 Euphratis
316 2122 443 2167 ripamt
468 2132 556 2156 nunc
571 2122 614 2155 ad
632 2122 689 2155 illa
705 2128 860 2164 transeo,
885 2133 971 2166 quae
988 2121 1021 2154 in
1039 2120 1193 2155 Armenia
1215 2120 1332 2153 maiori
1354 2119 1447 2153 fecit.
1493 2119 1579 2153 Cum

115 2167 328 2205 Theodosius
344 2173 432 2211 Aug.
459 2179 598 2211 regnum
615 2168 769 2211 Arsacis,
794 2173 831 2201 ut
852 2168 950 2212 paulo
975 2178 1079 2212 supra
1102 2166 1255 2207 narravi,
1279 2167 1495 2207 obtinuisset,
1521 2177 1580 2198 ca-

116 2213 246 2249 stellum
273 2213 432 2258 imposuit
457 2214 585 2247 cuidam
615 2214 709 2255 colli,
732 2214 970 2248 accedentibus
989 2218 1088 2258 captu
1113 2212 1231 2254 facile3
1254 2212 1346 2256 quod
1363 2211 1580 2246 Theodosio-

115 2259 207 2305 polin
223 2259 417 2305 appellavit.
457 2259 496 2294 ld
513 2264 605 2293 certe
620 2259 653 2293 in
669 2260 813 2293 transitu
830 2260 920 2304 cepit
937 2259 1094 2292 Cabades
1112 2258 1291 2291 Persarum
1307 2270 1380 2299 rex,
1398 2269 1473 2291 cum
1489 2263 1581 2291 recta

115 2304 268 2341 Amidam
283 2309 429 2350 peteret.
475 2305 576 2338 Haud
593 2305 694 2339 multo
712 2312 790 2350 post
810 2306 992 2350 imperator
1008 2303 1206 2338 Anastasius
1223 2303 1337 2337 urbem
1354 2304 1401 2337 ibi
1418 2303 1579 2345 condidit,

116 2361 210 2384 muro
236 2351 408 2395 amplexus
434 2351 574 2395 collem,
598 2351 632 2384 in
648 2362 715 2395 qno
732 2351 916 2385 Theodosii
940 2350 1110 2384 castellum
1131 2355 1224 2392 erat3
1260 2357 1296 2383 et
1320 2349 1472 2394 quamvis
1496 2361 1516 2383 a
1541 2361 1580 2383 se

116 2395 232 2430 urbem
256 2396 543 2438 denominaverit,
567 2397 752 2430 Theodosii
776 2402 889 2431 tamen
909 2396 1006 2441 primi
1023 2396 1207 2430 conditoris
1222 2407 1344 2429 nomen
1359 2396 1496 2429 abolere
1514 2407 1580 2429 non

118 2440 240 2486 potnit.
292 2442 351 2476 Sic
368 2443 453 2476 enim
470 2447 523 2476 est
537 2443 627 2476 inter
643 2443 793 2476 homines
809 2447 1056 2487 comparatum,
1081 2447 1118 2474 ut
1136 2453 1190 2475 res
1215 2441 1349 2486 quidem
1373 2442 1406 2475 in
1429 2453 1491 2475 usu
1515 2454 1579 2486 po·-

119 2486 207 2520 sitne
221 2487 401 2522 novitatem
418 2499 551 2532 semper
566 2487 754 2532 accipiant3
779 2488 892 2532 priora
909 2493 1019 2522 autem
1035 2488 1202 2521 vocabula
1217 2499 1282 2521 non
1298 2488 1397 2521 facile
1413 2487 1579 2521 amittant.

118 2530 297 2568 laetissima
316 2539 413 2568 erant
434 2535 519 2568 haec
541 2534 825 2580 Theodosiopolis
851 2533 998 2568 moenia:
1026 2534 1084 2567 sed
1110 2534 1252 2567 altitudo
1278 2533 1488 2567 crassitudini
1515 2545 1579 2566 non

119 2577 363 2621 respondebam
390 2580 516 2624 quippe
538 2591 626 2624 quae
650 2580 693 2613 ad
720 2581 826 2625 pedes
846 2591 1006 2614 summum
1023 2580 1170 2614 tricenos
1191 2579 1363 2614 evaderet.
1409 2578 1580 2619 Quocirca

121 2623 279 2676 occupati
293 2624 391 2658 facile
409 2630 566 2670 poterant
589 2627 631 2660 ab
658 2626 827 2668 hostibus,
852 2625 1050 2672 praesertim
1066 2625 1200 2671 Persis,
1223 2625 1445 2659 inserentibus
1468 2635 1578 2668 oppu—

118 2671 328 2712 gnationem,
351 2670 404 2704 cui
427 2672 527 2716 plane
549 2672 733 2716 patebant:
757 2684 831 2707 nam
855 2685 918 2706 nec
943 2672 1061 2706 minori
1082 2683 1176 2706 muro
1203 2671 1270 2704 ullo
1295 2670 1578 2716 protegebantur,

119 2724 183 2747 nec
203 2714 313 2748 roam
335 2714 431 2750 immo
453 2728 539 2751 vero
555 2717 649 2751 locus
665 2718 816 2762 quidam,
841 2718 916 2752 urbi
932 2718 1085 2764 proxime
1109 2718 1303 2760 imminens,
1327 2728 1429 2760 supra
1447 2716 1576 2749 moenia

119 2758 346 2795 attollebatur.
394 2761 447 2795 Ea
466 2762 508 2796 de
524 2773 626 2798 causa
641 2763 724 2798 haec
738 2765 940 2798 Iustinianus
955 2767 1044 2808 Aug.
1061 2764 1194 2798 molitus
1211 2770 1274 2797 est.
1319 2763 1477 2802 Primum,
1505 2763 1576 2795 fos-

119 2815 189 2839 sam
215 2815 308 2839 muro
331 2807 509 2851 praeduxit
532 2809 722 2844 altissimam
745 2811 1012 2855 simillimamque
1026 2811 1224 2845 torrentium
1239 2808 1344 2843 alveis
1368 2808 1457 2842 inter
1472 2808 1573 2842 abru-
