1800 3126
573 132 764 177 NOTAE
795 130 1091 177 ALEMANNL
1353 155 1355 157 ·
1464 132 1561 180 399

530 265 1135 306 ΜΑαιετιιΑτσε.

101 341 320 385 Proconsul
346 341 589 382 lastinianus
620 343 909 396 Cappadociae.
966 346 1122 383 Novell.
1150 346 1221 388 80.

101 399 326 447 Moderator
355 402 596 438 lastinianus
626 403 907 454 Helenoponti.
965 402 1121 440 Novell.
1151 404 1221 444 28.

101 456 327 496 Moderator
351 458 594 496 lastinianus
622 459 807 496 Arabiae.
865 459 1021 496 Novell.
1048 459 1144 499 102.

101 517 291 562 Quaestor
314 515 558 552 lastinianus
591 517 802 553 exercitus.
860 515 1015 552 Novell.
1046 514 1116 556 41.

99 571 328 609 Praefectus
358 572 600 610 lastinianus
628 572 807 609 militum
837 573 989 623 Mysiae
1024 578 1064 609 et
1092 569 1298 624 Scythiae.
1354 571 1510 610 Novell.
1545 572 1566 610 1

155 629 299 665 Iustini
326 628 378 664 ΙΙ.

98 686 263 722 Praetor
289 684 534 722 lastinianus
562 682 749 721 Pisidiae.
806 683 964 721 Novell.
994 681 1065 724 24.

99 742 264 779 Praetor
291 741 533 778 lastinianus
563 738 775 778 Thraciae.
831 740 988 777 Novell.
1015 742 1086 781 26.

98 799 264 836 Praetor
290 797 531 834 lastinianus
558 797 797 848 Lycaoniae.
855 797 1010 834 Novell.
1037 795 1105 836 25.

99 855 266 892 Praetor
293 854 534 891 lastinianus
563 852 875 904 Paphlagoniae.
932 853 1087 890 Novell.
1117 853 1188 892 29.

101 911 244 948 Comes
271 910 512 947 lastinianus
541 907 740 960 Phrygiae
769 911 1019 947 Pacatianae.
1078 909 1232 946 Novell.
1264 906 1332 950 24.

102 968 244 1005 Comes
271 965 512 1004 lastinianus
542 967 695 1016 primae
730 967 923 1004 Galatiae.
981 967 1137 1003 Novell.
1167 965 1235 1006 24.

102 1024 243 1062 Comes
273 1024 515 1060 lvstinianus
545 1023 733 1061 Isauriae.
791 1025 948 1062 Novell.
977 1024 1048 1063 27.

102 1078 245 1119 Comes
273 1080 516 1118 lastinianus
542 1081 680 1118 tertiae
709 1081 939 1119 Armeniae.
994 1079 1152 1118 Novell.
1181 1080 1249 1120 31.

651 1183 1017 1220 M1L1Tns.

101 1258 270 1302 Vandali
297 1259 507 1298 Iustiniani
535 1261 778 1309 stationarii,
811 1261 955 1312 quibus
983 1266 1074 1311 post
1102 1255 1351 1309 triumphum
1380 1255 1574 1296 Vandali-

159 1330 264 1364 cum,
295 1316 494 1368 praesidia
519 1317 562 1354 in
585 1319 737 1355 oriente
763 1318 979 1355 constituit.
1037 1318 1204 1367 Procop.
1226 1317 1254 1352 l.
1276 1317 1303 1355 2
1328 1315 1424 1352 bell.
1444 1313 1574 1352 Vand-

99 1376 189 1412 Non
219 1387 337 1411 suum
365 1372 486 1411 modo
507 1375 750 1412 lastinianus
773 1387 934 1422 nomen,
965 1371 1036 1411 sed
1067 1374 1188 1410 etiam
1208 1369 1447 1410 Theodorae
1479 1385 1575 1409 cou-

158 1431 264 1480 iugis
299 1431 356 1467 ita
393 1429 547 1468 studuit
584 1431 877 1469 immortalitati
914 1429 1220 1478 commendare3
1263 1428 1372 1481 qaod
1407 1430 1575 1466 minime

158 1487 304 1524 referre
333 1487 457 1538 piget.

100 1540 351 1582 Theodorias
380 1543 473 1581 urbs
506 1556 630 1594 prope
661 1541 945 1594 Carthaginem
972 1556 1146 1591 novam,
1189 1542 1286 1580 olim
1317 1539 1421 1579 dicta
1449 1542 1574 1592 Baga.

155 1601 323 1651 Procop.
352 1601 382 1636 1.
413 1601 440 1640 6
470 1599 590 1637 aedif.

100 1654 351 1695 Theodorias
381 1657 474 1693 urbs
503 1658 546 1693 in
576 1655 794 1694 confinibus
826 1653 1044 1694 Colchidis.
1102 1652 1250 1706 Agath.
1281 1655 1311 1691 l.
1343 1653 1385 1695 5.

101 1711 352 1752 Theodorias
380 1713 473 1750 urbs
503 1714 545 1749 in
574 1714 668 1750 Asia
697 1714 855 1750 minori.
914 1710 1068 1764 Synod.
1099 1712 1234 1749 Const.
1264 1712 1314 1750 V.

102 1768 424 1820 Theodoropolis
455 1769 559 1806 diota
588 1769 799 1806 Laodicea.
857 1768 960 1806 lbid.

101 1824 423 1876 Theodoropolis
451 1825 545 1863 urbs
574 1826 616 1861 iu
646 1825 832 1862 Thracia.
892 1827 1060 1876 Procop.
1091 1825 1119 1862 l.
1150 1822 1176 1864 4
1207 1822 1329 1861 aedif.

102 1881 422 1933 Theodoropolis
450 1881 694 1932 praesidium
726 1881 776 1918 ad
806 1882 1048 1918 Danubium.
1106 1880 1275 1917 Ibidem.

102 1937 423 1989 Theodoropolis
455 1939 663 1975 castellum
691 1941 732 1975 in
763 1938 949 1976 Thracia.
1008 1937 1178 1975 Ibidem.

102 1994 317 2034 Theodora
348 1994 540 2046 oppidum
568 1997 610 2031 in
642 1996 764 2032 altera
793 1996 968 2031 Danubii
996 1996 1093 2045 ripa.
1141 1991 1322 2031 Ibidem.

102 2050 408 2091 Theodorianae
436 2052 610 2088 Balneae
644 2054 686 2088 in
715 2053 863 2089 Africa.
922 2054 1088 2102 Procop.
1121 2051 1148 2087 1.
1182 2053 1208 2091 6
1238 2048 1359 2086 aedif.
1417 2049 1470 2085 Ut
1497 2060 1574 2084 no-

158 2109 287 2156 mina,
319 2109 376 2146 sic
406 2115 444 2145 et
472 2109 666 2158 imagines
696 2109 845 2160 ubique
875 2109 916 2144 in
945 2110 1112 2159 imperio
1144 2109 1326 2145 Romano
1358 2105 1573 2150 extabant3

158 2164 279 2217 idque
307 2166 458 2216 passim
488 2172 674 2202 curarunt
702 2165 864 2212 subditi,
900 2179 991 2202 cum
1021 2177 1135 2202 suam
1165 2164 1408 2200 lastinianus
1437 2162 1504 2199 vel
1533 2163 1576 2197 in

159 2222 304 2273 patinis
332 2222 588 2274 poculisque,
620 2235 665 2260 ac
694 2224 798 2261 vasis
831 2222 974 2259 caelari
1003 2222 1126 2260 vellet
1151 2221 1351 2271 effigiem,
1381 2226 1427 2257 ut
1455 2218 1577 2255 refert·

160 2279 353 2329 Corippus
383 2279 484 2316 libro
514 2280 645 2317 tertio.

243 2337 386 2372 Aurea
406 2338 633 2386 purpureis
661 2342 871 2386 apponant
889 2335 1055 2386 fircula
1084 2335 1233 2371 mensis

243 2390 424 2429 Pondere
452 2405 708 2443 gemmarum
730 2393 833 2444 plu-s·
858 2393 1027 2443 gravia.
1085 2393 1229 2429 Pictas
1258 2389 1409 2440 ubique

246 2448 500 2487 lastinianus
529 2456 630 2487 erat.

217 2504 264 2541 P·
286 2507 354 2553 71,
387 2508 451 2548 13.
521 2506 575 2542 Ut
603 2507 742 2543 omnia
767 2519 874 2542 ηονα
903 2513 938 2542 et
967 2503 1015 2542 de
1045 2518 1117 2542 suo
1148 2504 1309 2541 nomine
1339 2499 1579 2549 dicerentur]

107 2557 255 2596 Verum
279 2562 564 2613 imperatorum
592 2564 756 2600 nomina
781 2562 977 2610 abolevit,
1008 2568 1051 2598 at
1078 2574 1196 2599 suum
1225 2559 1452 2605 induceret3
1484 2569 1580 2593 nam

109 2612 329 2654 Theodosii
359 2621 495 2670 magni
524 2627 654 2657 statua
684 2626 893 2671 argentea,
924 2626 968 2655 ut
997 2619 1117 2655 refert
1146 2620 1345 2663 Zonaras,
1384 2629 1405 2651 e
1437 2626 1581 2664 super—

109 2669 271 2710 bissima
300 2675 484 2713 columna
517 2675 711 2724 detracta,
753 2689 868 2714 suam
903 2683 1128 2727 equestrem
1165 2673 1377 2724 imposuit,
1419 2670 1467 2707 de
1499 2683 1579 2721 qua

111 2734 222 2765 extat
258 2729 452 2769 Graecum
491 2735 751 2784 epigramma.
820 2735 1031 2770 Praeterea
1071 2744 1191 2770 suum
1231 2741 1379 2766 nomen
1419 2727 1578 2779 publice

110 2784 228 2822 scribi
256 2787 403 2837 voluit,
443 2791 622 2828 omnium
659 2791 743 2828 fere
782 2797 1011 2829 exterarum
1040 2789 1222 2840 gentium
1252 2799 1298 2823 ac
1335 2785 1578 2836 populorum
