1800 3126
316 156 414 203 430
767 165 825 207 ΙΝ
858 164 998 207 HIST.
1031 165 1278 210 ARCANAM

316 270 525 320 imperium
551 283 669 308 cuum
699 269 819 321 digne
845 270 1051 323 iudicavit,
1082 281 1116 310 et
1144 287 1203 311 me
1229 276 1400 326 accipere
1423 290 1472 314 ac
1491 283 1654 328 portare
1682 275 1739 315 ad

314 333 484 363 vestram
516 328 781 375 sanctitatem,
819 325 1028 378 docereque
1053 329 1291 366 venerabile-s·
1313 333 1545 380 monachos,
1572 340 1617 370 ut
1645 346 1740 369 cum

319 394 388 417 vos·
415 379 541 417 edocti
568 383 697 430 eritis,
737 395 840 430 quae
867 383 918 419 ab
946 385 1045 433 ipsis
1060 384 1183 433 facta
1212 392 1322 434 sant,
1351 389 1533 424 canonice
1550 389 1736 437 formetis

313 449 381 482 ea,
413 450 515 486 qaae
546 443 696 472 vestrae
723 435 964 475 beatitudini
1001 438 1185 476 videntur
1211 439 1300 477 bene
1325 440 1475 479 habere.
1533 444 1626 480 Hae
1654 444 1738 479 ita-

312 505 389 542 qae
425 505 515 527 cum
553 489 611 527 ad
643 505 787 528 manae
815 493 1003 544 habeam,
1038 502 1186 532 vestrae
1220 495 1459 534 beatitudini
1490 500 1651 548 porrigo
1681 496 1746 534 ad·

312 545 531 596 legendam.
587 547 646 582 De
686 547 992 586 refendariorum
1029 563 1191 588 numero
1229 563 1273 587 ac
1312 549 1500 602 dignitate
1535 551 1625 590 vide
1662 566 1738 590 no-

310 602 457 638 vellam
484 601 549 640 10.

420 658 466 692 P.
496 656 570 703 90,
600 658 641 696 2.
698 656 745 694 In
772 660 885 708 regia
922 661 1038 696 curia
1073 661 1269 698 conventis
1298 659 1522 712 iudicibus]
1558 663 1658 699 Nam
1695 664 1738 699 in

310 711 522 761 porticibus
559 713 828 761 imperatoriae
877 713 1015 752 domus
1054 722 1135 751 erat
1171 717 1452 766 praefectorum
1488 718 1735 766 praetorium,

313 773 564 817 quaestorum
591 768 779 816 tribunal,
809 769 983 806 iudicum
1012 771 1208 818 subsellia,
1238 771 1585 808 referendariorum
1611 771 1736 819 sedes,

314 823 570 858 tabellionum
603 821 772 860 archiva.
827 825 925 863 Vide
953 827 1185 876 Procopium
1213 827 1240 862 l.
1274 830 1292 866 1
1325 826 1441 864 aedif.
1474 833 1669 874 extremo,
1700 834 1738 864 et

313 876 526 926 Agathiam
553 878 581 914 l.
604 877 630 916 3
657 880 781 915 initio.
839 882 962 926 Quare
981 883 1114 931 palatii
1142 894 1212 919 seu
1241 883 1367 919 curiae
1395 883 1552 919 nomine
1582 882 1737 929 iudicia,

313 933 543 979 tribunalia,
583 946 797 985 causaeque
834 936 1006 973 forenses
1035 944 1231 974 notantur.
1289 938 1355 974 Sic
1381 939 1423 973 in
1450 935 1599 974 theatro
1627 937 1740 987 plebs

316 989 552 1024 inclamabat
572 990 797 1037 Iustiniano‚
823 988 865 1029 τό
892 990 1079 1031 παλάτιον
1100 996 1180 1031 ποῦ
1208 991 1309 1031 ἔστιν
1338 989 1410 1032 ov'n
1429 992 1602 1043 οἴδαμεν.
1658 994 1741 1029 Pa-

315 1043 485 1091 latium,
514 1057 583 1080 seu
612 1047 751 1095 caria,
784 1045 854 1082 ubi
880 1048 934 1082 sit
960 1050 1165 1085 nescimus.
1208 1049 1292 1084 Hoc
1321 1054 1397 1096 est,
1426 1048 1536 1084 nulia
1563 1054 1740 1098 superest

313 1098 549 1135 iudiciorum
576 1099 715 1135 forma.

425 1155 471 1191 P.
497 1156 571 1201 90,
600 1153 639 1194 4.
695 1155 800 1192 Erat
827 1156 1047 1205 respublica
1075 1158 1192 1206 quasi
1219 1157 1509 1195 lascivientium
1531 1171 1742 1208 puerorum

314 1210 468 1260 regina]
499 1211 605 1246 Haec
629 1212 830 1257 sententia,
861 1218 898 1247 et
928 1213 1147 1249 consimiles
1177 1211 1268 1249 huic
1296 1214 1395 1250 aliae
1422 1213 1586 1250 fortasse
1615 1212 1741 1250 dictae

312 1263 583 1316 ’ὑπερβολικῶς
611 1264 836 1313 videantur,
867 1273 904 1303 et
933 1270 1097 1303 oratorie
1133 1269 1282 1317 potius,
1322 1280 1440 1319 quam
1469 1267 1519 1304 ad
1546 1266 1743 1316 historiae,

313 1333 359 1358 ac
387 1322 559 1357 veritatis
588 1319 750 1357 modum
780 1334 999 1371 expressae.
1058 1321 1137 1360 Sed
1165 1325 1279 1374 aequi
1307 1336 1437 1361 rerum
1466 1325 1744 1370 aestimatores,

310 1377 371 1412 uti
400 1378 597 1425 graviora,
630 1389 729 1427 quae
757 1377 799 1412 in
827 1375 903 1414 hoc
931 1378 1064 1415 libello
1094 1379 1249 1428 legunt,
1280 1379 1445 1416 aliorum
1473 1377 1744 1415 historicorum

310 1433 544 1468 testimoniis
575 1432 823 1482 comprobata
850 1432 1007 1479 vident3
1038 1435 1091 1470 ita
1117 1441 1154 1470 et
1176 1434 1321 1470 leviora
1340 1435 1409 1472 illa
1429 1433 1615 1481 viderent,
1643 1446 1744 1484 quae

310 1487 359 1524 ob
398 1488 594 1536 sepultam
622 1488 791 1524 tenebris
828 1490 1067 1539 antiquitatis
1099 1488 1321 1537 historiam,
1363 1491 1536 1526 invenire
1563 1490 1745 1526 testimo-

309 1544 422 1578 nium
454 1542 561 1578 idem
590 1556 668 1579 non
698 1550 920 1592 potuerunt.
976 1546 1028 1580 At
1064 1557 1154 1581 vero
1189 1551 1232 1581 ut
1270 1543 1342 1581 has
1378 1547 1481 1594 ipsas
1519 1545 1742 1590 sententias,

311 1610 413 1648 quae
441 1600 643 1634 veritatem
671 1597 859 1634 excedere
886 1597 1078 1645 videntur,
1110 1600 1156 1635 ab
1187 1613 1231 1636 ea
1258 1602 1421 1636 minime
1451 1598 1655 1636 abhorrere
1683 1600 1745 1635 le-

311 1660 394 1690 ctor
421 1654 637 1702 intelligat3
668 1653 788 1700 illud,
819 1655 951 1700 velim,
981 1655 1086 1704 legat
1115 1644 1300 1691 historiae
1326 1655 1609 1704 fragmentum,
1639 1653 1746 1704 quod

311 1721 363 1744 ex
390 1707 634 1758 Theophane
664 1708 714 1744 ad
741 1723 780 1758 p.
812 1708 863 1748 56
892 1709 1171 1759 produxi1nus3
1211 1711 1252 1746 in
1282 1723 1327 1747 eo
1356 1723 1448 1747 sane
1477 1710 1585 1746 velut
1613 1711 1654 1745 in
1683 1715 1746 1745 ta-

309 1764 404 1800 bula
433 1763 704 1800 adumbratam
734 1765 1016 1813 contempletur
1045 1765 1326 1815 rempublicam
1355 1767 1594 1811 Romanam,
1633 1765 1744 1815 quasi

312 1819 601 1856 lascivientium
629 1832 839 1869 puerorum
866 1822 1041 1868 reginam
1063 1821 1182 1857 fuisse
1208 1822 1412 1857 Iustiniani
1438 1820 1690 1870 temporibus.

426 1876 471 1911 P.
503 1875 568 1919 90,
600 1878 639 1914 6.
695 1876 776 1912 Leo
809 1875 975 1924 quidam
999 1889 1137 1924 genere
1169 1875 1288 1927 Cilix]
1327 1878 1402 1913 Hio
1429 1882 1508 1912 erat
1535 1877 1747 1926 imperato-

316 1930 369 1967 ris
398 1929 704 1978 referendarius,
734 1937 777 1966 ut
804 1929 925 1967 habes
953 1931 1054 1966 iufra
1082 1945 1122 1981 p.
1156 1933 1246 1971 129.

426 1987 471 2022 Ρ.
502 1985 576 2033 95,
610 1987 673 2024 16.
732 1985 780 2023 In
808 1987 1015 2022 maritima
1043 1986 1298 2032 suburbana,
1331 1987 1562 2035 prae-sertim
1589 1985 1632 2022 in
1662 1985 1747 2021 Ηε-

317 2054 457 2079 raeum
487 2039 699 2090 secedebat]
729 2042 942 2091 Praecipua
974 2041 1201 2078 deliciarum
1225 2042 1310 2077 loca
1336 2041 1406 2077 sub
1435 2041 1530 2077 urbe
1558 2041 1745 2090 Byzantio

180 2099 212 2133 V
229 2098 295 2134 369
318 2096 415 2134 haec
443 2097 741 2147 imperatoribus
770 2097 949 2142 fuerunt3
968 2093 1181 2147 ‘'Essdonov,
1207 2097 1445 2145 Septinuim:
1474 2108 1553 2132 non
1581 2096 1747 2145 septima

314 2154 493 2203 Byzantii
532 2153 659 2200 regio,
699 2158 743 2187 ut
782 2153 962 2200 opinatur
989 2153 1214 2188 Heribertus
1242 2150 1468 2201 Rosveydus
1506 2152 1547 2186 in
1584 2157 1665 2187 not.
1697 2149 1748 2186 ad

313 2211 382 2245 vit.
407 2209 491 2243 Pat.
522 2206 593 2243 sed
621 2206 887 2242 suburbanum
915 2207 1080 2256 septimo
1110 2207 1157 2243 ab
1185 2206 1280 2242 urbe
1311 2205 1442 2256 lapide
1472 2205 1633 2243 distans.
1688 2207 1748 2242 Ita

314 2264 516 2309 Socrates,
558 2268 595 2297 et
624 2261 887 2308 Sozomenus‚
927 2262 1074 2299 Idatius
1103 2263 1145 2297 in
1183 2262 1313 2309 fastis,
1359 2262 1506 2299 Valens
1533 2260 1749 2311 Augustus

317 2318 661 2366 Constantinopoli
683 2320 725 2353 in
747 2316 924 2353 miliario
953 2319 1116 2367 septimo
1138 2317 1294 2354 levatas
1322 2323 1399 2364 e8t;
1429 2324 1467 2353 et
1493 2317 1608 2352 infra.
1664 2317 1748 2353 His

314 2373 545 2412 consulibus
574 2373 730 2408 levatus
757 2370 1047 2409 est'Arcadms
1082 2373 1298 2423 Augustae
1332 2371 1676 2421 Constantinopoli
1703 2373 1748 2408 in

314 2430 492 2466 miliario
522 2429 697 2477 septimo.
754 2429 946 2478 Pleraque
975 2429 1050 2464 alia
1078 2429 1164 2465 loca
1196 2434 1304 2475 sunt,
1343 2440 1442 2478 qnae
1478 2440 1530 2463 ex
1565 2439 1748 2464 mensura

315 2491 441 2522 certae
480 2483 527 2520 ab
564 2483 725 2519 urbibus
765 2482 968 2519 distantiae
1003 2496 1148 2520 nomeu
1188 2489 1429 2533 acceperunt.
1486 2481 1533 2518 Id
1576 2483 1746 2532 explicat

199 2550 227 2582 Α
252 2549 296 2582 80
316 2541 528 2589 Procopius
565 2539 606 2574 in
645 2539 840 2574 consimili
877 2540 1036 2575 nomine
1070 2539 1097 2575 l.
1127 2537 1154 2577 4
1193 2537 1308 2574 aedif.
1347 2533 1543 2590 φρούριον
1571 2535 1614 2576 δὲ
1653 2534 1745 2577 ἄλλο

318 2596 587 2646 διαφερόντως
622 2590 756 2644 ἐχυρὸν
787 2589 972 2644 ἀνέστησε
997 2590 1227 2645 Σιγγιδόνος
1263 2589 1361 2632 ‹3ch
1394 2594 1569 2644 σημείοις
1604 2591 1744 2643 διέχον,

314 2649 411 2702 ὅπερ
438 2646 628 2699 Ὀκτάβον
655 2646 757 2700 λόγῳ
785 2651 840 2702 τῷ
869 2646 987 2688 εἰκότι
1014 2650 1186 2688 καλοῦσι.
1243 2647 1498 2685 Praesidium
1525 2646 1647 2684 aliud
1672 2659 1746 2696 ap-

311 2710 440 2759 prime
470 2705 783 2742 manitissimam
812 2705 1014 2753 excitavit,
1056 2702 1163 2754 qaod
1199 2703 1249 2740 ab
1287 2703 1380 2740 urbe
1409 2701 1625 2753 Singidone
1661 2707 1745 2738 octo

306 2764 438 2815 ferme
478 2759 727 2797 milliaribus
763 2757 915 2805 dietat5
952 2773 1074 2810 quare
1115 2759 1311 2798 Octavum
1348 2760 1528 2810 apposite
1568 2763 1746 2798 vocatur.
