1800 3126
574 107 768 152 NOTAE
800 103 1094 152 ALEMANNI·
1467 104 1565 150 383

103 222 326 276 iisdemque
365 217 506 258 diebus
543 218 728 271 Byzantii
766 216 939 268 graviter
974 221 1203 268 aegrotans,
1245 226 1422 266 suaeque
1461 215 1568 251 vitae

104 283 268 328 timens,
296 279 339 316 in
367 278 527 315 Italiam
554 275 748 314 Belisario
779 274 974 312 scribebat
1003 272 1054 310 de
1082 273 1298 311 Ioauninae
1324 272 1434 308 illius
1463 271 1569 308 filiae

104 345 144 376 et
169 335 368 375 Anastasii
399 335 554 385 nepotis
582 335 645 371 sui
674 332 857 382 coniugio
887 328 1138 379 maturando,
1169 336 1207 367 et
1235 327 1398 366 tandem
1428 335 1569 379 quarto

103 405 227 433 nonas
254 392 377 429 Iulias
416 390 524 428 diem
562 390 702 428 clausit
742 394 980 426 extremum.
1039 385 1140 426 Vide
1169 386 1409 436 Procopium
1440 385 1510 422 lib.
1541 385 1568 424 3

102 449 198 488 bell.
229 447 366 487 Gotth.
397 454 436 485 et
476 446 543 484 hic
585 461 626 499 p.
656 444 726 487 24.
784 442 1078 496 Theophanem
1118 441 1170 481 ad
1208 455 1357 480 annum
1395 442 1573 493 primum

103 514 142 548 et
169 506 408 557 vigesimum
430 504 653 552 Iustiniani,
685 509 723 540 et
750 499 823 538 has
852 507 966 539 notas
989 499 1040 538 ad
1068 514 1109 552 p.
1131 497 1200 541 24.
1258 499 1375 538 Venit
1405 497 1571 550 quidem

102 564 333 603 Ravennam
361 562 601 598 Iustinianus
629 559 746 612 plane
777 556 1032 606 adolescens,
1073 570 1201 610 eoque
1229 557 1375 594 missus
1406 562 1466 592 est
1496 555 1571 592 ob-

102 632 165 659 ses
209 617 260 656 ad
301 617 602 670 Theodoricum
644 612 881 654 Gotthorum
923 627 1060 665 regem
1109 627 1132 651 a
1174 614 1328 651 Iustino
1373 611 1569 650 avunculo

103 677 301 715 exercitus
341 674 464 722 duce,
506 680 551 712 ut
579 670 830 724 Theophilus
865 671 1078 708 Iustiniani
1114 677 1349 722 praeceptor
1389 669 1570 719 exponit.

102 731 319 772 Theodora
348 729 508 784 quaudo
537 731 730 782 Byzantio
759 727 935 779 digressa
965 730 1040 776 sit,
1071 726 1250 764 dicemus
1281 726 1331 764 ad
1363 741 1403 778 p.
1427 728 1495 766 70.

214 791 262 827 P.
294 787 372 837 64,
404 789 472 828 16.
537 787 749 838 Praefecto
789 784 903 822 urbis
941 782 1137 822 Theodoto
1179 780 1467 833 Cucurbitino]
1512 781 1571 817 De

55 865 58 867 Α
105 859 186 899 quo
221 846 371 883 mentio
403 844 447 881 fit
487 844 530 880 in
566 842 730 881 historia
761 840 809 879 de
839 842 989 892 templo
1019 847 1178 879 sanctae
1209 838 1408 891 Sophiae,
1451 850 1572 889 quam

104 905 147 940 111
174 903 362 942 Vaticana
400 898 641 938 bibliotheca
680 897 868 937 vidimus.
927 899 1031 935 Huic
1060 895 1274 935 Theodoto
1311 898 1353 933 in
1384 896 1566 942 exilium,
1591 893 1622 928 A
1645 892 1690 928 35

103 967 149 997 ut
178 960 311 997 statim
339 959 395 995 ait
419 958 656 1008 Procopius,
689 956 849 993 abeunti
884 953 1060 992 succedit
1089 954 1260 992 Ioannes
1291 951 1570 991 Coccorobius.

103 1017 245 1054 Plures
273 1016 444 1066 legimus
465 1015 508 1050 in
537 1014 708 1065 antiquis
737 1013 1019 1060 monumentis,
1051 1012 1120 1063 qui
1150 1011 1222 1048 sub
1252 1011 1470 1048 Iustiniano
1500 1021 1571 1044 ur-

103 1073 166 1110 bis
187 1073 369 1125 Byzantii
396 1070 687 1123 praefecturam
715 1076 941 1120 gesserunt:
971 1069 1209 1118 insigniores
1234 1073 1339 1115 suut,
1363 1066 1572 1117 patricius

103 1135 195 1181 post
223 1128 474 1167 consulatum
501 1127 704 1174 Belisarii,
748 1125 800 1163 ad
831 1138 950 1177 quem
979 1126 1212 1175 rescriptum
1243 1124 1319 1160 fuit
1350 1121 1397 1159 de
1429 1134 1572 1159 secun-

106 1185 167 1224 dis
206 1186 370 1237 nuptiis.
435 1182 696 1223 Areohindus
734 1183 944 1220 Iustiniani
981 1182 1112 1232 neptis
1152 1181 1354 1218 Proiectae
1392 1179 1573 1215 maritus.

113 1241 403 1292 Tribonianm,
442 1241 511 1293 qui
540 1240 589 1278 ob
626 1238 670 1277 id
700 1239 975 1290 expraefectus
1004 1244 1188 1285 vocatur,
1230 1235 1282 1273 ad
1313 1249 1434 1288 quem
1464 1241 1575 1271 extat

106 1298 283 1337 edictum
309 1299 520 1337 Iustiniani
546 1309 711 1334 nonum.
780 1294 967 1346 Tryphon
986 1294 1030 1331 in
1048 1292 1244 1331 seditione
1264 1293 1575 1331 victoriatorum.

113 1353 310 1394 Theodori
334 1355 494 1406 frater,
536 1354 606 1404 qui
643 1351 799 1404 pridem
829 1349 1018 1389 eumdem
1048 1351 1325 1400 magistratum
1356 1347 1573 1386 habuerat:
1598 1350 1627 1384 P
1654 1349 1720 1385 115

107 1411 244 1450 chron.
274 1409 496 1450 Alexandr.
525 1410 763 1461 Longinus,
803 1409 914 1446 0111115
945 1407 1218 1459 praefecturae
1255 1407 1360 1443 infra
1391 1406 1576 1442 meminit
1599 1408 1633 1442 V
1656 1406 1725 1443 355

105 1469 338 1519 Procopius.
394 1467 639 1515 Domnicus,
671 1467 740 1518 qui
762 1466 919 1516 Apione
943 1463 1118 1511 consule,
1150 1476 1242 1500 cum
1263 1469 1458 1514 potestate
1485 1463 1576 1500 fuit.

106 1526 338 1576 Musonius,
369 1522 419 1562 ad
449 1536 570 1575 quem
599 1523 756 1574 scripsit
786 1522 1029 1559 Iustinianus
1058 1521 1260 1558 novellam
1290 1520 1384 1561 134.
1447 1520 1579 1557 Geor-

102 1583 208 1634 gius·
244 1581 347 1620 falso
388 1581 668 1619 coniurationis
706 1581 749 1616 in
787 1579 1069 1630 imperatorem
1098 1583 1322 1623 accusatus,
1364 1582 1407 1612 ut
1444 1574 1578 1627 prodit

106 1636 392 1690 Theophanes.
449 1638 678 1687 Procopius
706 1642 864 1685 noster,
911 1635 979 1687 qui
1018 1646 1285 1672 successorem
1312 1631 1453 1669 habuit
1482 1632 1578 1669 An-

108 1693 247 1732 dream
275 1707 379 1732 anno
402 1694 613 1731 Iustiniani
641 1693 846 1743 trigesimo
876 1698 1015 1742 sexto3
1045 1697 1136 1742 post
1167 1703 1288 1742 quem
1307 1690 1442 1727 Victor
1460 1690 1579 1726 Tun—

107 1752 243 1789 nensis
272 1752 384 1802 ponit
412 1749 623 1788 Iulianum
651 1751 855 1799 trigesimo
884 1761 990 1785 nono
1022 1760 1124 1785 anno
1154 1748 1377 1783 Iustiniani.

221 1809 269 1844 P.
302 1806 377 1856 65,
406 1809 446 1848 2.
511 1807 620 1843 ,Miro
658 1819 755 1842 sane
793 1818 893 1841 casu
934 1804 1164 1854 convaluit]
1203 1805 1371 1840 Testem
1409 1800 1576 1839 huiusce

108 1863 265 1902 mirifici
295 1876 408 1901 casus
436 1864 567 1914 ipsam
602 1863 850 1912 imperatoris
880 1873 1096 1912 purpuram
1124 1861 1271 1907 fuisse,
1311 1865 1446 1895 narrat
1473 1860 1575 1898 Pro-

111 1922 250 1972 copius
278 1920 307 1957 l.
337 1923 358 1961 1
393 1919 512 1956 aedif.
544 1931 645 1971 quae
676 1920 719 1954 iu
748 1920 856 1968 regia
886 1917 1117 1954 servabatur
1146 1929 1192 1953 eo
1222 1915 1375 1952 imbuta
1404 1916 1574 1966 liquore,

110 1979 181 2029 qui
209 1988 263 2014 ex
300 1983 520 2029 martyrum
562 1976 762 2027 reliquiis,
803 1974 940 2013 vitiato
979 1974 1083 2011 cruri
1121 1971 1292 2011 admotis
1323 1970 1480 2009 abunde
1510 1985 1577 2009 re-

110 2032 319 2072 dundarat.
660 2056 663 2060 -

220 2091 266 2128 P.
296 2087 371 2138 65,
401 2087 441 2129 4.
502 2086 709 2140 Quosdam
737 2101 783 2125 ex
804 2085 1093 2137 familiaribus
1120 2083 1208 2123 dire
1240 2098 1376 2123 caesos
1404 2084 1579 2135 impellit

111 2143 170 2184 ad
185 2146 332 2198 falsae
359 2145 478 2184 illius
505 2145 811 2193 accusationes]
855 2144 949 2190 Quis
978 2156 1060 2180 non
1090 2141 1236 2190 credat,
1268 2155 1359 2180 cum
1388 2142 1578 2178 ecclesia-

112 2203 228 2242 :ficos
268 2204 389 2240 etiam
421 2201 484 2240 his
520 2201 673 2240 technis
712 2203 953 2239 Iustinianus
992 2197 1327 2237 circumvenerit?
1366 2205 1499 2236 narrat
1536 2197 1580 2234 id

111 2258 340 2298 Eustathius
368 2260 580 2310 Presbyter
609 2260 651 2295 in
680 2260 761 2296 vita
792 2259 834 2296 S.
863 2255 1066 2308 Eutychii.
1108 2255 1150 2297 οἱ
1175 2258 1249 2296 τοῦ
1282 2251 1423 2308 ἆγρίου
1452 2251 1581 2307 θηρὸς

112 2313 310 2371 ὑπουργοὶ.
339 2312 662 2368 συλλαμβάνουσι
691 2312 878 2367 σύροντες
915 2310 1010 2362 τούς
1049 2311 1115 2354 ἐπὶ
1145 2310 1219 2365 τήν
1254 2311 1479 2364 ’ὑπηρεσίαν
1509 2313 1583 2350 τοῦ

115 2369 231 2424 ἆγίον
270 2369 411 2425 ἀνδρὸς
453 2369 686 2423 ὀφείλοντας
729 2367 856 2411 αὐτοῦ
894 2371 1263 2423 καταμαρτυρῆσαι,
1313 2369 1381 2409 ἵνα
1424 2368 1583 2416 δείξωσι

116 2427 246 2479 δῆθεν
284 2425 371 2481 μετ’
407 2425 572 2483 εὐλόγου
614 2425 854 2480 προφάσεως
889 2423 1009 2467 αὐτόν
1051 2429 1123 2478 τῆς
1164 2425 1388 2477 ἐπισκοπῆς
1429 2424 1582 2472 ἔξεοῦν.

118 2483 311 2523 Immanis
331 2485 485 2524 belluae
513 2487 692 2523 ministri
721 2481 1108 2536 comprehendendos
1137 2482 1308 2520 trallunt
1336 2482 1473 2518 sancti
1500 2481 1582 2517 viri

108 2539 308 2590 famulos,
338 2549 384 2579 ut
408 2541 603 2582 adversus
629 2555 718 2579 eum
747 2542 1023 2579 testimonium
1053 2538 1206 2578 dicant.
1268 2540 1329 2577 Ne
1357 2539 1442 2574 sine
1472 2539 1584 2574 iusta

120 2609 249 2634 cauea
285 2597 354 2635 ille
389 2613 432 2636 ex
471 2601 704 2650 episcopatu
733 2599 886 2650 pulsus
923 2596 1124 2638 videatur.
1184 2594 1267 2635 Sed
1298 2607 1388 2632 cum
1417 2607 1458 2630 re
1495 2594 1584 2643 ipsa

120 2652 258 2704 pulsus
289 2654 339 2692 sit
367 2667 390 2691 a
416 2657 631 2693 Iustiniano
659 2654 904 2707 Eutychius,
946 2661 985 2692 et
1021 2653 1070 2691 de
1104 2666 1150 2691 eo
1181 2655 1232 2690 sit
1261 2652 1488 2689 institutum
1515 2651 1583 2686 iu-

121 2707 290 2758 dicium,
331 2711 666 2763 quemadmodum
704 2711 769 2749 hic
806 2714 848 2749 in
877 2708 1081 2750 Theodoti
1114 2722 1232 2747 causa
1267 2713 1399 2744 narrat
1427 2707 1578 2743 Proco-

119 2766 231 2815 pius,
274 2764 312 2806 τὶ
338 2772 532 2821 περιεῖχον
563 2770 603 2810 οἱ
629 2770 800 2821 λίβελλοι
840 2765 1061 2823 ἀναγκαῖον
1090 2763 1285 2816 εἰποῦσαι,
1321 2762 1388 2805 καὶ
1417 2758 1578 2816 γελάσαι
