1858 3126
557 165 822 210 HISTORIA
857 165 1072 208 ARCANA
1112 164 1188 211 19.
1517 165 1609 211 113

145 281 243 332 ἴσως
271 278 367 330 τοὺς
391 275 614 334 κατηκόους
648 280 851 335 ληιῒηται,
883 282 1041 337 χρυσοῦ
1077 279 1173 330 τοὺς
1210 276 1450 335 θησαυροὺς
1481 276 1613 321 ἅπαν-

143 346 219 400 τας
239 345 475 405 κατακόρως
498 347 816 403 ἐμπλησάμενος,
851 347 922 390 τὸν
941 350 1033 402 βίον
1059 347 1393 405 ξυνεμετρῆσατο.
1462 346 1611 406 οὕσπερ
1634 352 1664 387 Ρ
1689 351 1734 388 57

120 451 125 455 .
145 417 327 467 ἅπαντας
342 416 623 467 Ἰουστινιανός
646 415 701 467 ὡς
718 415 890 471 τάχιστα
909 415 1167 469 διεσπάσατο,
1200 417 1255 471 τιὴ
1276 417 1350 470 μὲν
1369 418 1615 467 θαλασσίοις

146 487 395 540 οἰκοδομίαις
417 483 534 540 λόγον
553 486 624 526 οὐκ
645 484 831 540 ἐχούσαις
841 517 854 536 ,
889 485 944 540 m}
977 486 1022 527 δὲ
1041 489 1091 542 τῇ
1112 487 1153 536 ἒς
1170 486 1265 535 τοὺς
1282 483 1525 542 βαρβάρους
1542 503 1614 543 cpt-

109 552 302 608 ὅλότητι,
350 555 479 595 καίτοι
516 552 635 611 ᾠήθη
668 553 718 595 ἄν
749 571 811 604 τις
839 554 987 604 αὐτοὺς
1011 558 1178 607 βασιλεῖ
1202 556 1242 604 ἐς
1273 554 1374 609 ἄγαν
1400 552 1546 612 ἀσώτῳ
1572 572 1613 596 τε
1638 563 1667 597 V
1688 563 1757 599 318

143 622 319 680 ἐσομένῳ
342 623 441 664 ἔτιῦν
461 620 604 664 ἑκατὸν
625 623 870 679 ἐπαρκέσειν.
920 624 1168 678 ἰσχυρίζοντο
1190 622 1268 678 γὰρ
1289 623 1327 664 οἶ
1345 630 1430 672 τοῖς
1449 627 1615 677 θησαυ-

142 697 232 748 ροῒς
257 708 298 733 τε
326 692 395 732 καὶ
424 692 603 744 ταμείοις
630 693 698 733 καὶ
727 690 866 741 ἄλλοις
895 690 1022 733 ἅπασι
1047 699 1132 741 τοῖς
1161 693 1390 745 βασιλικοῖς
1407 690 1618 748 χρήμασιν

144 761 365 817 ἐφεστῶτες
374 791 388 810 ,
417 760 682 802 Ἀναστασίου
711 760 785 813 μὲν
797 758 1007 814 Ῥωμαίων
1028 759 1095 815 ἔτη
1117 761 1235 802 πλέον
1255 759 1281 814 ἢ
1301 759 1403 802 ἔπτὰ
1422 763 1488 802 καὶ
1510 761 1617 802 εἴκο-

144 844 208 871 σιν
239 827 436 884 ἄρξαντος
467 826 654 870 διακόσια
682 830 750 870 καὶ
780 830 984 886 τρισχίλια
1013 833 1172 885 χρυσοῦ
1208 827 1448 886 κεντηνάρια
1475 830 1516 879 ἒς
1543 829 1618 884 τὴν

89 899 135 935 10
143 898 355 952 βασιλείαν
384 898 691 951 εἲσκομισθῆναι
722 897 852 939 οὐδενὶ
874 896 1009 955 πόνῳ,
1045 899 1113 939 καὶ
1132 895 1286 940 τούτων
1307 895 1496 939 ἁπάντων
1519 897 1615 939 οὐδ’

144 964 279 1008 ὁτιοῦν
308 967 627 1023 ἀπολελεῖφθαι,
666 965 760 1007 ἀλλ’
808 965 864 1008 ἔτι
893 965 1100 1023 περιόντος
1125 967 1342 1008 Ἶουστίνου
1370 966 1474 1021 πρὸς
1499 968 1619 1009 τοῦδε

114 1084 119 1088 1
145 1038 218 1078 τοῦ
249 1032 471 1091 ἀνθρώπου
503 1036 814 1089 δεδαπανῆσθαι
848 1029 950 1092 ᾖπέρ
973 1052 1043 1089 μοι
1067 1036 1107 1077 ἓν
1128 1042 1212 1085 τοῖς
1233 1034 1466 1092 ἔμπροσθεν
1486 1033 1621 1090 λόγοις

145 1102 312 1158 εἴρηται.
381 1102 482 1159 ἅπερ
502 1104 581 1158 γὰρ
602 1104 723 1154 αὐτὸς
747 1105 789 1145 ἒν
807 1108 866 1161 τῷ
881 1106 999 1146 παντὶ
1015 1103 1152 1160 χρόνῳ
1174 1106 1488 1161 σφετερίζεσθαί
1502 1121 1544 1146 τε
1569 1106 1616 1146 οὐ
1640 1108 1666 1142 Β

145 1172 238 1213 δέον
266 1172 335 1213 καὶ
362 1171 537 1214 ἀναλοῦν
567 1172 753 1226 ἴσχυσεν,
789 1173 881 1214 οὐδ’
915 1172 964 1214 ἄν
987 1190 1077 1214 τινα
1103 1170 1221 1227 λόγον
1241 1171 1267 1227 ἢ
1287 1172 1480 1227 λογισμὸν
1499 1171 1526 1227 ἢ
1546 1174 1621 1226 με’-

91 1241 135 1276 15
147 1257 243 1297 τρον
263 1244 440 1297 φανῆναι
458 1239 621 1295 μηχανή
643 1258 703 1291 τις
719 1242 887 1294 οὐδεμία
910 1243 1029 1283 ἐστίν.
1100 1239 1234 1297 ὥσπερ
1257 1240 1336 1297 γάρ
1358 1258 1419 1291 τις
1438 1242 1621 1295 ποταμὸς

144 1309 291 1358 ἀέναος
316 1309 358 1358 ἔς
389 1307 546 1366 ἡμέραν
575 1307 748 1364 ἑκάστην
782 1309 1064 1364 ἒκδιμοῦμενος
1095 1311 1344 1364 κατεληίζετο
1383 1309 1479 1360 τούς
1514 1307 1621 1365 ὑπη-

143 1374 285 1428 κόους,
320 1377 476 1434 ἐπέρρει
505 1378 548 1419 δὲ
569 1376 728 1420 ἅπαντα
755 1385 840 1428 τοῖς
857 1377 1089 1435 βαρβάροις
1111 1377 1249 1427 εὐθύς.
1319 1382 1494 1420 πλοῦτον
1514 1378 1620 1421 οὕτω

142 1445 214 1487 τὸν
243 1443 439 1500 δημόσιον
467 1446 595 1496 εὐθύς
624 1445 857 1503 ἐκφορήσας
894 1448 956 1488 ἐπὶ
991 1447 1087 1496 τοὺς
1129 1444 1354 1501 κατηκόους
1380 1447 1425 1489 τὸ
1455 1448 1622 1501 βλέμμα

141 1507 226 1569 ἦγε,
244 1515 454 1564 πλείστους
471 1532 513 1557 τε
534 1515 679 1556 αὐτίκα
699 1515 773 1565 τὰς
797 1516 938 1565 οὐσίας
956 1516 1142 1572 ἀφείλετο
1166 1513 1356 1572 ἁρπάζων
1376 1533 1418 1558 τε
1439 1518 1506 1557 καὶ
1523 1521 1621 1570 βια-

86 1580 307 1636 2οζόμενος
327 1583 458 1625 οὐδενὶ
477 1581 606 1641 λόγῳ,
636 1587 718 1626 τῶν
744 1583 1007 1640 ἐγκλημάτων
1027 1602 1069 1627 τε
1094 1585 1255 1638 οὐδαμῆ
1275 1582 1496 1639 γεγονότων
1512 1583 1620 1626 ὑπά-

140 1667 224 1707 γων
247 1651 343 1701 τοὺς
367 1652 610 1706 εὐδαίμονας
631 1651 673 1694 ἵν
699 1670 741 1695 τε
771 1655 982 1710 Βυζαντίῳ
1007 1655 1074 1694 καὶ
1096 1651 1208 1694 πόλει
1227 1651 1376 1709 ἑκάστῃ
1397 1655 1622 1704 δοκοῦντας

143 1717 257 1772 εἶναι,
292 1720 360 1762 καὶ
387 1726 472 1770 τοῖς
500 1721 574 1774 μὲν
604 1724 847 1774 πολυθεῖαν,
883 1728 969 1772 τοῖς
991 1723 1035 1764 δὲ
1057 1719 1178 1776 δόξης
1200 1723 1241 1764 ἐν
1260 1722 1528 1778 Χριστιανοῖς
1550 1724 1623 1766 οὐκ

233 1805 269 1841 3.
291 1802 344 1848 m)
361 1824 408 1831 ——-
422 1801 490 1850 πή]
516 1807 645 1839 71:03-
660 1807 731 1839 ποῖ
751 1806 823 1840 ΑΡ.
963 1805 998 1842 5.
1022 1802 1165 1846 αὐτοὺς
1187 1805 1307 1843 Reisk,
1334 1803 1437 1853 αὐτῷ
1458 1807 1500 1843 Α.
1526 1804 1620 1842 αὐτὸ

234 1850 343 1884 Alem.
364 1850 406 1884 P.
566 1851 652 1884 ibid.
679 1848 811 1898 οἷσαίτῳ
835 1851 889 1896 τε]
914 1851 977 1886 καὶ
1001 1853 1192 1899 μακροβίῳ
1211 1853 1269 1886 vel
1287 1851 1351 1886 καὶ
1374 1852 1623 1899 φιλοδαπάνῳ

236 1896 336 1930 addit
353 1896 473 1931 Reisk.
566 1898 601 1932 7.
623 1892 748 1938 ἄλλοις
759 1895 796 1931 ὁὶ.
820 1899 914 1942 τοῖς]
934 1901 1014 1938 τοῖς
1030 1894 1157 1938 ἄλλοις
1171 1894 1207 1932 ἅ.
1236 1899 1342 1932 Alem.
1442 1902 1495 1934 10.
1516 1898 1622 1945 πόνῳ

233 1942 343 1976 Alem.
389 1940 491 1988 νόμῳ
514 1942 588 1977 ΑΡ.
765 1946 818 1978 11.
842 1941 1044 1978 Ἰουστίνου
1066 1944 1175 1980 Alem.
1201 1945 1242 1978 P.
1287 1940 1553 1979 Ἰσυστινιοινοῦ
1579 1948 1620 1979 Α.

238 1987 294 2024 14.
318 1984 409 2022 οὐδ’
434 1983 483 2022 ἄν
506 1989 606 2034 τινα]
633 1985 721 2024 οὔδ’
746 1985 877 2024 ὅντινα
906 1990 1024 2024 Reisk.
1212 1990 1268 2025 15.
1292 1990 1474 2034 φανῆναι]
1533 1990 1624 2025 α’νοιι

234 2038 296 2068 aut
318 2033 438 2077 φῆναι
459 2034 580 2070 Reisk.
729 2036 784 2070 16.
810 2033 962 2080 ἀέναος]
988 2032 1149 2075 ἅένναος
1169 2035 1241 2072 ΑΡ.
1391 2036 1477 2070 ibid.
1523 2037 1625 2081 κδηι-

235 2077 407 2135 στξμενος]
452 2080 566 2115 Verbo
603 2080 747 2127 simplici
785 2078 901 2127 ἐδῄου
933 2092 972 2116 τε
1002 2081 1067 2116 καὶ
1101 2079 1262 2127 ἐληίζετο
1296 2081 1406 2116 utitur
1437 2082 1564 2117 Suidas
1593 2094 1623 2117 s.

235 2137 408 2165 αενναος.

141 2192 258 2236 deret,
281 2193 462 2228 thesauros
477 2194 608 2228 affatim
625 2194 780 2240 opplevit
803 2206 886 2229 auro
899 2220 910 2237 ‚
934 2195 1028 2240 quod
1045 2195 1159 2230 statim
1182 2192 1383 2240 dilapidavit
1401 2194 1621 2238 lastinianus,

167 2239 266 2274 artim
289 2239 426 2274 marinis
450 2240 584 2274 minime
608 2241 808 2276 necessariis
828 2241 1138 2276 substructionibus
1151 2267 1161 2283 ‚
1191 2240 1316 2286 partim
1332 2241 1491 2275 barbaris
1508 2241 1624 2275 conci·

154 2284 286 2319 iandiss
305 2296 406 2330 quam
422 2286 599 2331 pecuniam
616 2293 802 2333 perpetuos
817 2291 951 2321 centum
967 2299 1074 2322 annos
1097 2287 1153 2321 vel
1170 2286 1326 2332 perditus
1349 2298 1455 2332 nepos
1471 2288 1623 2332 impera—

143 2335 201 2366 tor
225 2330 362 2365 vincere
386 2342 447 2366 sua
469 2329 607 2366 libidine
632 2333 853 2378 nequivisset.
900 2333 990 2367 Nam
1015 2334 1185 2378 praefecti
1210 2330 1391 2373 thesauris,
1412 2333 1623 2378 aerariisque

142 2375 286 2422 publicis
301 2377 535 2421 affirmarunt,
557 2378 653 2412 annis
669 2379 813 2424 amplius
829 2385 959 2424 septem
985 2386 1021 2413 et
1037 2379 1177 2423 viginti,
1202 2378 1325 2423 quibus
1342 2379 1377 2412 in
1396 2378 1539 2424 imperio
1556 2379 1623 2413 suit

143 2422 352 2465 Anastasius,
372 2424 526 2468 reposita
541 2429 597 2458 ter
613 2429 745 2458 centum
765 2430 801 2458 et
813 2425 933 2469 viginti
945 2425 1047 2459 millia
1061 2425 1134 2458 auri
1148 2425 1260 2470 pondo
1271 2424 1363 2458 nullo
1381 2424 1518 2467 labore3
1535 2436 1624 2470 quo—

143 2476 220 2502 mm
235 2467 356 2505 deinde
371 2469 452 2503 nihil
465 2470 584 2515 reliqui
600 2470 716 2513 fuerit,
733 2471 793 2504 sed
811 2471 939 2504 Iustino
956 2471 1136 2505 etiamnum
1152 2470 1346 2516 superstite,
1366 2475 1405 2503 ut
1421 2482 1526 2516 supra
1542 2481 1624 2504 nar-

144 2513 232 2558 ravi,
251 2525 291 2547 ea
306 2514 524 2550 Iustinianum
542 2516 744 2561 profudisse.
792 2517 966 2558 Quantam
983 2517 1071 2550 enim
1087 2516 1276 2562 pecuniam,
1294 2516 1410 2560 quoad
1425 2517 1523 2558 vixit,
1539 2527 1624 2550 con-

144 2561 201 2593 tra
213 2559 266 2593 ius
283 2559 404 2604 fasque
417 2562 544 2606 rapuit,
569 2563 790 2607 omnibusque
806 2563 914 2596 modis
930 2562 1048 2607 traxit,
1067 2563 1288 2607 vexavitque‚
1305 2562 1502 2596 incredibile
1517 2563 1621 2606 plane

146 2609 332 2639 memoratu
349 2610 421 2649 est3
445 2607 571 2652 quippe
593 2608 652 2653 qui
674 2609 783 2642 veluti
803 2609 964 2643 immensa
983 2620 1112 2652 vorago
1129 2619 1244 2643 omnes
1258 2608 1489 2642 subiectorum
1505 2609 1621 2641 fortu-

146 2659 209 2683 nas
223 2655 390 2695 perpetuo
405 2653 618 2696 absorberet,
642 2654 848 2699 easdemque
864 2654 1018 2688 barbaris
1036 2655 1146 2689 refluo
1167 2655 1306 2698 gurgite
1322 2658 1509 2687 evomeret.
1543 2653 1622 2687 Hac

147 2694 357 2741 publicarum
379 2709 477 2743 opum
499 2700 592 2733 facta
617 2700 760 2742 iactura,
779 2706 850 2735 tum
873 2701 1030 2747 privatos
1055 2701 1099 2734 ad
1123 2700 1286 2746 praedam
1310 2699 1445 2744 petivit.
1491 2699 1623 2732 Multos

147 2740 355 2786 praedivites
376 2754 451 2778 cum
473 2745 651 2790 Byzantii,
677 2751 750 2781 tum
765 2746 844 2780 alibi
862 2759 978 2781 eorum
994 2746 1196 2781 substantiis
1212 2757 1275 2792 per
1289 2745 1357 2779 vim
1374 2744 1530 2789 direptis,
1554 2745 1623 2778 sal-

147 2797 260 2820 sorum
277 2787 448 2824 criminum
462 2801 541 2825 reos
558 2791 648 2835 egit,
672 2792 735 2826 hos
751 2793 885 2837 quidem
902 2794 1012 2827 cultus
1028 2793 1207 2826 multorum
1223 2792 1381 2832 deorum,
1402 2791 1479 2824 illos
1497 2790 1626 2835 depra-

147 2836 252 2866 vatae
269 2832 479 2869 Christianae
492 2837 699 2882 sententiae,
723 2838 808 2873 alios
825 2849 1008 2884 puerorum
1025 2837 1281 2883 concubinatus,
1300 2836 1478 2923 ngnnullos
1495 2836 1626 2873 sancti-

203 2885 393 2930 Procopius
424 2887 495 2922 111.
550 2908 554 2912 ·
