1858 3126
318 154 414 201 260
900 154 1162 198 PROCOPII

313 268 437 318 ἐστιν,
470 264 563 322 ὅπερ
587 265 629 308 ἓκ
654 268 823 307 παλαιοῦ
851 264 923 317 μὲν
945 263 1219 318 πεποιημένον,
1251 262 1394 320 ἔρημον
1421 264 1465 306 δὲ
1494 263 1560 305 διὰ
1583 261 1730 320 χρόνου

313 338 437 388 μῆκος
466 334 714 388 γεγενημένον
744 328 1063 384 ἀνανεωσάμενος
1083 330 1352 380 Ἰουστινιανὸς
1375 330 1559 384 βασιλεὺς
1577 330 1732 386 διαρκὲς

307 399 510 454 Ῥωμαίων
534 402 804 456 στρατιωτῶν,
839 396 968 453 ὥσπερ
992 397 1066 439 κάν
1090 403 1171 446 τοῖς
1193 396 1324 446 ἄλλοις
1347 396 1494 448 ἅπασι,
1528 395 1731 453 φυλακτή-

315 485 400 524 ριον
416 466 694 521 κατεστήσατο.
737 464 893 506 ἐνθένδε
915 465 959 506 δὲ
979 462 1076 513 ι’όντι
1093 464 1133 504 ἓν
1152 463 1339 522 ἀριστερᾷ
1357 464 1455 521 πρὸς
1473 468 1623 519 βορρᾶν
1641 462 1730 504 ἄνε-

202 552 232 585 p
251 550 295 584 62
315 553 390 588 μον
409 533 541 590 χῶρός
558 534 616 582 τίς
637 534 762 582 ἔστιν,
796 530 912 587 ὅνπερ
930 535 1116 572 καλοῦσιν
1136 531 1173 571 οἱ
1194 529 1391 585 ἐπιχώριοι
1407 531 1607 585 Λογγίνου
1629 535 1762 585 φοσ-5

187 620 224 655 11
245 619 291 654 32
313 607 453 652 σᾶτον,
489 602 567 641 ἐπεὶ
588 601 788 653 Λογγῖνος
815 599 855 640 ἓν
880 604 962 648 τοῖς
990 597 1071 640 ἅνω
1100 595 1259 653 χρόνοις
1275 595 1476 650 Ῥωμαίων
1505 596 1733 652 στρατηγὸς,

305 669 485 722 Ἲσαυρος
511 667 640 720 γένος,
673 663 915 720 στρατεύσας
939 666 1000 706 ἐπὶ
1024 663 1201 715 Τζανούς
1227 679 1319 705 ποτε
1347 664 1439 718 τῇδε
1459 664 1664 717 πεποίηται
1687 663 1733 703 τὸ

311 732 589 790 στρατόπεδον.
654 733 830 774 ἐνταῦθα
851 730 1042 788 φρούριον
1068 730 1088 772 ὅ
1108 730 1296 783 βασιλεὺς
1322 724 1437 778 οὗτος
1459 728 1583 782 ὄνομα
1600 728 1735 784 Βούρ-

310 818 405 856 γους
427 799 518 854 νόης
537 798 876 853 δεδημιούργηκεν,
909 796 1061 855 ἡμέρας
1081 796 1161 854 ὁδῷ
1183 800 1418 839 Σισιλισσῶν
1437 796 1578 848 διέχον.
1641 794 1736 851 ὅπερ

312 871 546 910 Σισιλισσῶν
568 864 758 922 φρούριόν
784 866 866 907 ἔστι
897 867 963 906 καὶ
993 865 1088 906 αὐτὸ
1110 863 1181 905 ὑπ’
1205 864 1326 905 αὐτοῦ
1347 868 1417 906 τοῦ
1433 863 1648 916 βασιλέως,
1682 859 1790 910 ὧς10

310 934 451 989 μικρὸν
476 932 629 989 ἐρρήθη
651 932 896 987 ἔμπροσθεν,
931 932 1223 988 ἐξειργασμένον
1240 929 1492 983 βεβαιότατα.
1559 929 1738 973 ἐντεῦθεν

311 1002 402 1056 ὅρια
421 1005 499 1042 τῶν
520 1002 682 1051 Τζανῶν
698 1003 777 1041 τῶν
797 999 1024 1048 Κοξυλίνων
1043 998 1292 1050 καλουμένων
1311 998 1434 1039 ἐστίν’.
1469 990 1516 1038 οὗ
1538 995 1588 1048 δὴ
1611 993 1739 1051 φρού-

311 1085 380 1123 ρια
403 1071 473 1108 νῦν
501 1067 566 1107 καὶ
599 1067 804 1118 πεποίηται
830 1064 930 1114 δύο,
955 1063 1000 1106 τό
1026 1082 1067 1107 τε
1090 1065 1380 1118 Σχιμαλινίχων
1409 1060 1648 1115 καλούμενον
1675 1063 1738 1102 καὶ

312 1133 407 1188 ὅπερ
443 1130 677 1183 Τζανζάκων
717 1129 1022 1183 ἐπονομάζουσιν
1040 1143 1053 1155 ·
1087 1129 1189 1173 ἔνθα
1225 1130 1275 1184 δὴ
1310 1132 1377 1172 καὶ
1413 1129 1532 1171 ἄλλον
1567 1127 1739 1184 ἄρχοντα

311 1200 562 1256 στρατιωτῶν
581 1195 862 1250 κατεστήσατο.
1751 1203 1792 1236 15

261 1281 291 1314 Β
446 1265 494 1317 ζ’.
562 1268 704 1306 Ταῦτα
730 1265 802 1317 μὲν
831 1258 901 1305 οὖν
932 1263 974 1305 ἓν
1002 1264 1170 1315 Τζανοΐς
1188 1262 1449 1318 ’Ῑουστινιανῷ
1477 1265 1639 1314 βασιλεῖ’
1661 1259 1742 1314 εἴρ-

172 1338 203 1374 V
222 1338 287 1375 435
310 1349 466 1389 γασται.
532 1331 572 1374 ἓν
595 1332 641 1375 δὲ
658 1335 708 1388 τῇ
729 1331 816 1385 μετ’
838 1330 982 1380 αὐτοὺς
995 1329 1124 1389 χώρα,
1155 1330 1182 1383 ἢ
1205 1329 1312 1385 παρὰ
1336 1328 1402 1371 τὸν
1419 1327 1603 1377 Εὔξεινον
1625 1329 1742 1368 οἰκεῖ-

310 1417 377 1444 ται
409 1398 574 1450 πόντον,
612 1398 725 1447 πόλις
753 1399 839 1440 ε’στί
868 1414 944 1439 που
974 1399 1202 1451 Τραπεζοῦς
1234 1396 1380 1448 ὄνομα·
1415 1389 1462 1436 οὗ
1493 1395 1542 1448 δὴ
1574 1394 1743 1449 ἀπορίας

310 1465 467 1509 ὑδάτων
498 1466 639 1519 οὔσης,
670 1465 804 1518 ὀχετὸν
832 1461 1058 1516 ἐτεκτήνατο
1083 1462 1356 1511 Ἰουστινιανὸς
1382 1461 1590 1514 βασιλεὺς,
1625 1460 1740 1514 ὅνπερ

311 1535 498 1588 Εὗγενίου
540 1536 704 1574 καλοῦσι
734 1529 958 1587 μάρτυρος,
1003 1528 1126 1585 ταύτῃ
1155 1547 1197 1571 τε
1229 1529 1301 1582 τὴν
1331 1529 1498 1583 ἀπορίαν
1535 1534 1617 1576 τοῖς
1647 1528 1740 1582 τῇδε
1751 1532 1797 1569 20

312 1601 524 1657 ᾠκημένοις
553 1599 739 1640 διέλυσεν.
805 1598 983 1640 ἐνταῦθα
1014 1598 1058 1638 δὲ
1090 1597 1163 1638 κάν
1197 1600 1245 1651 τῇ
1270 1595 1460 1653 ,Ἀμασείᾳ
1493 1594 1544 1636 τὰ
1581 1597 1744 1635 πλεῖστα

311 1671 389 1708 τῶν
415 1667 529 1722 ἱερῶν
548 1663 810 1716 ἀνενεώσατο,
839 1662 972 1720 χρόνῳ
989 1660 1235 1716 πεπονηκότα
1257 1665 1403 1718 πολλῷ.
1468 1661 1571 1714 μετὰ
1591 1661 1634 1702 δὲ
1653 1660 1745 1709 τοὺς

315 1734 637 1789 Τραπεζουντίων
659 1732 777 1787 ὅρους
797 1733 945 1785 χωρίον
964 1731 1046 1771 ἐστὶ
1066 1728 1230 1780 Ῥιζαΐον
1250 1728 1395 1781 ὄνομα,
1430 1727 1453 1769 ὅ
1479 1728 1530 1781 δὴ
1559 1743 1744 1782 καινουρ-

311 1799 437 1854 γήσας
466 1798 584 1848 αὐτὸς
606 1797 797 1854 ὀχύρωμα
821 1796 1076 1852 περιβέβλήκε
1100 1794 1218 1850 λόγου
1242 1812 1282 1837 τε
1307 1797 1371 1836 καὶ
1401 1797 1523 1847 ἀκοῆς
1551 1799 1743 1850 κρεῖσσον.

314 1865 463 1908 πόλεων
488 1866 568 1920 γὰρ
596 1869 676 1906 τῶν
695 1865 874 1919 Πέρσαις
899 1861 1055 1918 ὁμόρων
1081 1863 1269 1916 οὐδεμιᾶς
1295 1856 1418 1916 ἧσσον
1445 1861 1642 1916 μεγέθους
1658 1861 1798 1916 πέρι25

263 1945 293 1978 c
316 1935 380 1974 καὶ
400 1933 619 1988 ἀσφαλείας
634 1928 979 1986 δεδημιούργηται.

313 2040 422 2071 verat.
467 2036 507 2070 Id
531 2036 731 2069 Iustinianus
755 2035 841 2078 Aug.
864 2033 1000 2074 refecit,
1022 2033 1202 2077 itidemque
1226 2035 1265 2066 ut
1289 2034 1444 2074 caetera,
1466 2031 1584 2066 idoneo
1608 2030 1745 2065 militum

315 2083 538 2116 Romanorum
555 2080 721 2124 praesidio
735 2079 900 2112 instruxit.
945 2078 1033 2111 Hinc
1050 2089 1070 2111 a
1087 2078 1198 2119 laeva,
1220 2076 1477 2122 septentrionem
1490 2086 1628 2119 versus,
1652 2076 1745 2110 locus

315 2131 380 2167 est,
402 2126 445 2160 ab
460 2125 622 2169 indigenis
637 2123 779 2167 Longini
794 2123 952 2156 fossatum
968 2133 1011 2155 ex
1026 2134 1066 2155 eo
1081 2122 1189 2156 dictus
1199 2146 1210 2164 ,
1232 2122 1321 2166 quod
1343 2121 1419 2154 olim
1435 2121 1606 2164 Longinus
1621 2121 1746 2154 Roma-

314 2180 430 2205 norum
445 2169 511 2203 dux
522 2194 532 2212 ,
555 2170 687 2203 natione
700 2169 850 2210 isaurus,
873 2171 1029 2211 suscepta
1043 2166 1078 2200 in
1092 2167 1226 2200 Tzanos
1243 2166 1470 2211 expeditione,
1491 2165 1537 2199 ibi
1551 2169 1662 2200 castra
1675 2177 1747 2199 me-

315 2219 409 2250 tatus
431 2215 553 2248 fuerat.
599 2213 779 2247 Castellum
794 2213 847 2246 hic
860 2213 1006 2255 Burgum
1021 2214 1102 2245 noes
1123 2211 1306 2256 imperator
1320 2215 1433 2244 noster
1447 2210 1656 2250 aedificavit,
1679 2210 1746 2243 diei

316 2260 412 2294 unius
427 2258 543 2292 itinere
556 2257 706 2292 dissitum
721 2257 887 2301 Sisilisso,
911 2257 999 2301 quod
1023 2257 1095 2300 ipse
1111 2257 1230 2296 etiam,
1253 2260 1290 2289 ut
1311 2256 1407 2300 paulo
1422 2255 1659 2300 supradictum
1681 2261 1745 2296 est,

315 2303 501 2339 firmissima
526 2303 655 2336 fabrica
679 2302 840 2337 extruxit.
892 2301 1050 2335 Succedit
1072 2301 1262 2335 Tzanoi-um
1286 2301 1521 2344 Coxylinorum
1542 2299 1657 2339 limes;
1688 2299 1746 2332 ubi

315 2349 445 2393 gemina
468 2347 603 2382 castella
629 2347 758 2392 posuit,
791 2346 1068 2381 Schimalinichon
1091 2350 1127 2379 et
1150 2346 1372 2387 Tzanzacon3
1402 2345 1606 2388 alterumque
1628 2343 1745 2378 ducem

317 2393 499 2428 constituit.

405 2439 437 2473 7.
483 2437 657 2470 Hactenus
682 2437 724 2470 de
745 2435 917 2470 Iustiniani
931 2437 1016 2480 Aug.
1038 2435 1200 2469 aedificiis
1224 2434 1312 2480 apud
1328 2434 1478 2468 Tzanos:
1501 2433 1589 2466 ultra
1603 2443 1686 2476 quos
1711 2433 1744 2466 in

315 2493 376 2517 ora
391 2481 483 2527 ponti
499 2481 622 2514 Euxini
637 2482 715 2514 urbs
731 2485 783 2514 est
797 2481 972 2525 Trapezus
983 2506 993 2521 ‚
1017 2481 1074 2514 ubi
1097 2492 1169 2514 cum
1185 2490 1290 2523 aquae
1305 2478 1399 2523 copia
1415 2479 1566 2521 deesset,
1590 2477 1744 2511 Iustinia-

315 2537 377 2561 nus
390 2528 559 2569 Augustus
581 2526 819 2569 aquaeductum
843 2525 1044 2566 construxit,
1067 2525 1110 2559 de
1132 2523 1259 2558 nomine
1278 2523 1400 2557 dictum
1415 2523 1558 2566 Eugenii
1579 2522 1745 2566 martyris,

317 2572 430 2615 itaque
444 2581 465 2604 a
481 2570 607 2604 civibus
623 2570 765 2614 inopiam
780 2570 915 2614 depulit,
937 2581 1002 2614 qua
1018 2570 1261 2614 premebantur.
1305 2568 1431 2602 lbidem
1446 2574 1481 2601 et
1496 2570 1656 2602 Amasene
1670 2567 1744 2611 ple-

314 2626 419 2669 raque
445 2615 566 2661 templa
591 2618 761 2648 vetustate
787 2625 909 2658 quassa
933 2615 1086 2650 restituit.
1144 2613 1424 2659 Trapezuntinum
1459 2612 1594 2646 limitem
1621 2610 1742 2655 excipit

313 2661 505 2700 Rhizaeum‚
529 2660 616 2703 quod
630 2659 704 2704 ipse
722 2670 805 2692 novo
823 2670 923 2702 opere
939 2659 986 2693 ita
1001 2658 1146 2693 condidit
1159 2669 1199 2691 ac
1215 2657 1469 2699 circummuniit,
1492 2661 1530 2692 ut
1553 2667 1608 2690 res
1623 2658 1740 2691 samam

312 2705 478 2749 fidemque
491 2708 638 2749 superet.
684 2704 770 2737 Nam
786 2704 911 2738 urbium
928 2704 1042 2740 Persis
1057 2695 1330 2739 conterminarum
1348 2703 1438 2738 nulla
1452 2707 1523 2747 est,
1546 2701 1600 2736 cui
1615 2699 1740 2744 magni-

312 2749 426 2787 tudine
441 2761 480 2785 ac
494 2749 651 2784 firmitate
666 2748 837 2784 concedat.
1114 2756 1137 2778 r·
