1800 3126
279 138 374 189 564

322 250 426 291 atque
448 248 546 280 ornat
567 245 624 281 53.
645 245 702 280 ⁴70.
735 243 889 278 Venetos
912 242 980 277 sibi

322 291 482 325 conciliat
518 292 573 324 60.
614 302 727 323 eorum
763 289 905 322 factioni
941 300 980 322 se

322 337 479 379 adiungit
520 334 576 368 64.
611 333 760 367 instituit
789 332 981 376 monopolia

322 382 401 415 115.
435 379 662 413 ministrorum
693 377 808 410 officia
830 377 898 411 sibi
919 388 979 410 su-

322 425 383 459 mit
405 426 459 458 88.
484 423 658 457 Aerarium
689 422 787 455 Rom.
824 421 981 455 exhaurit

321 470 378 503 53.
411 471 487 503 112.
513 479 551 500 se
585 467 627 500 ad
649 468 876 500 Barbarorum
907 478 979 499 mo-

322 525 379 547 res
398 511 569 556 componit
586 512 642 545 87.
662 511 756 554 ipsos
784 516 889 554 auget
910 510 979 544 lar-

321 558 508 611 gitionibus
539 556 593 598 53,
626 556 703 589 114.
736 555 979 588 Sacerdotibus

322 613 475 680 xpp-ense
497 601 594 676 favet
614 600 670 633 83.
698 599 918 677 {ielligafiussh
937 611 980 632 ex

371 657 441 679 rica
463 656 516 678 ma
531 657 549 678 e
572 655 696 677 revoca
819 668 828 677 .
921 655 980 676 eo-

322 691 429 725 dorae
461 688 560 723 uxori
602 688 715 721 omnia
737 688 888 732 indulget
921 688 978 722 64.

327 735 478 768 eiusdem
522 733 651 767 artibus
700 733 839 776 magicis
883 737 983 776 paret

327 782 406 815 1⁶27.
430 778 567 811 habitus
602 777 677 829 ipse
699 778 842 810 daemon
865 778 920 812 79.
947 782 983 810 et

325 836 347 858 a
369 824 531 857 daemone
543 827 680 866 gemtus
701 822 787 855 ibid.
813 822 984 855 ambulare

325 870 400 902 sine
423 868 535 912 capite
556 871 594 899 et
616 871 746 899 mutare
766 867 908 910 figuram
928 866 981 899 vi-

326 925 384 947 sus
407 915 463 947 80.
489 910 598 955 qualis
621 910 789 944 Monacho
813 921 982 955 apparue-

326 958 374 991 rit
397 959 453 992 81.
474 957 517 990 ad
541 955 652 988 omnia
674 957 904 998 perturbanda
918 967 981 987 na-

327 1006 384 1036 tus
403 1002 478 1035 107.
497 1006 616 1034 auctor
627 999 787 1033 malorum
804 1000 906 1043 Reip.
923 999 980 1033 46.

324 1046 489 1080 bellorum
510 1045 584 1078 109.
607 1056 723 1087 pacem
741 1056 813 1077 cum
830 1044 983 1077 Chosroii

326 1090 472 1135 pecunia
501 1088 640 1122 redimit
670 1090 727 1122 73.
760 1088 866 1122 iactat
888 1099 982 1121 suam

325 1135 488 1180 pietatem
515 1134 593 1167 159.
631 1138 859 1166 assentatores
890 1133 985 1165 audit

328 1179 387 1214 84.
415 1180 519 1212 rebus
551 1188 670 1210 nomen
702 1189 797 1211 suum
818 1176 907 1210 indit
927 1178 985 1212 71.

327 1223 473 1258 stolidus
489 1227 524 1255 et
539 1221 634 1255 asino
650 1221 780 1265 similis,
799 1233 898 1255 aures
910 1221 985 1264 agi-

328 1273 382 1302 tat
403 1268 460 1301 53.
482 1266 709 1299 Domitianum
742 1266 837 1300 vultu
874 1265 987 1299 reddit

328 1312 387 1346 55.
421 1312 565 1344 mendax
601 1312 658 1345 57.
700 1312 776 1345 156.
827 1311 985 1355 periurus

328 1357 387 1390 86.
414 1355 586 1390 Vitaliano
609 1355 707 1388 fidem
724 1355 890 1399 publicam
908 1355 985 1387 vio-

330 1400 380 1434 lat
400 1400 455 1435 46.
495 1400 643 1433 subditis
677 1400 813 1443 affingit
849 1399 990 1432 crimina

332 1446 410 1479 113.
434 1444 579 1478 avaritia
595 1445 714 1478 ductus
724 1444 887 1477 Consules
905 1446 988 1477 abo-

330 1489 380 1523 let
405 1490 480 1523 144.
503 1487 594 1522 tollit
615 1488 809 1533 spectacula
834 1488 908 1522 143.
920 1489 987 1522 Sa-

331 1534 486 1567 cerdotia
527 1534 648 1566 vendit
686 1534 762 1567 152.
804 1532 988 1576 vectigalia

332 1590 454 1611 severe
476 1577 584 1620 exigit
607 1577 661 1611 75.
691 1577 817 1620 templa
840 1577 987 1610 Ariano-

330 1633 405 1656 rum
429 1622 556 1666 expilat
577 1622 633 1657 74.
664 1626 700 1654 et
722 1622 906 1655 Senatores
929 1621 986 1657 77.

329 1669 387 1700 79.
414 1668 489 1701 157.
515 1677 698 1708 eorumque
719 1666 886 1719 haeredes
910 1665 985 1699 158.

330 1710 899 1798 33¹?“f46‘11‘“5..3{{'2.'{2'‘95.‘3.‘‚¹÷¹2
926 1708 989 1786 ἷῖἒὲ

330 1799 474 1832 Venetis
499 1800 596 1831 favet
615 1800 692 1832 159.
720 1799 894 1842 sanguinis
913 1797 989 1831 avi-

331 1844 395 1877 dus
418 1843 474 1877 46.
497 1843 703 1876 Vitalianum
735 1849 771 1876 et
799 1843 989 1877 Amantium

330 1892 433 1922 necat
452 1887 538 1922 ibid.
562 1893 596 1921 et
614 1888 812 1921 Rhodonem
834 1889 910 1922 151.
934 1887 988 1920 in-

329 1933 516 1975 finitosque
552 1932 704 1966 homiues
753 1933 830 1966 106.
875 1932 990 1966 Vexat

332 1977 545 2018 causidicos,
583 1978 730 2010 medicos
744 2003 753 2019 ,
803 1982 871 2010 cet.
910 1977 987 2011 142.

332 2032 502 2066 pauperes
521 2021 596 2054 145.
610 2021 809 2065 Astrologos
825 2023 880 2056 76.
891 2021 987 2053 Mer-

332 2070 468 2099 eatores
487 2065 562 2099 138.
571 2066 820 2099 Nummularios
838 2067 912 2099 140.
922 2066 988 2097 Se-

332 2109 478 2143 ricarios
510 2109 596 2143 ibid.
627 2110 756 2143 Milites
790 2111 866 2144 132.
899 2110 990 2142 Offi-

332 2153 438 2188 ciales
454 2153 708 2196 magistratuum
726 2155 802 2188 137.
812 2154 993 2188 Hebraeos

338 2199 414 2232 156.
435 2202 592 2240 aegrotat
609 2199 664 2231 30.
692 2198 748 2232 64.

289 2239 454 2275 Eiusdem
471 2252 543 2274 cum
553 2242 738 2276 Theodora
746 2241 992 2276 matrimonium

335 2287 392 2320 66.
421 2290 457 2319 et
487 2286 665 2319 consensio
687 2287 743 2320 69.
776 2287 831 2320 84.
855 2287 910 2320 93.
935 2287 991 2320 lex

333 2331 379 2363 de
403 2330 624 2373 praefecturis
647 2330 753 2373 gratis
773 2331 894 2364 dandis
914 2333 990 2364 120.

334 2374 482 2408 Decreta
517 2375 554 2407 in
575 2375 800 2417 Haeredeos,
836 2375 992 2409 Gentiles

337 2424 375 2452 et
396 2419 582 2452 Samarites
604 2420 661 2454 73.
683 2420 739 2454 74.
764 2419 800 2452 in
823 2419 990 2454 masculo·

334 2474 409 2497 rum
434 2467 650 2507 corruptores
667 2464 722 2498 76.
746 2463 803 2497 lex
819 2464 861 2497 de
879 2465 990 2498 Sena—

335 2513 447 2541 torum
465 2508 666 2541 haeredibus
683 2507 759 2541 158.
780 2508 908 2542 iudicia
931 2510 987 2543 88.

335 2551 511 2585 simulatae
541 2552 777 2585 altercationes
818 2554 874 2586 69.
909 2552 987 2590 151.

333 2596 481 2629 avaritia
503 2597 632 2630 somnio
650 2596 819 2630 declarata
838 2598 913 2631 112.
930 2608 988 2630 ra-

331 2640 489 2685 pinarum
521 2646 611 2674 artes
643 2643 699 2676 77.
729 2641 764 2675 in
797 2640 988 2684 litigatores

334 2685 392 2718 70.
415 2685 663 2729 Eleemosynae
698 2697 741 2719 ex
770 2685 900 2731 rapinis
931 2687 987 2719 83.

335 2728 451 2772 pieta»
471 2729 582 2774 qualis
609 2731 667 2765 84.
689 2729 812 2771 levitas
841 2729 927 2766 ibid.
955 2734 991 2766 et

753 140 932 184 INDEX
956 139 1015 183 IN
1041 138 1251 182 LIBRUM

1069 243 1146 278 127.
1171 243 1290 278 lenitas
1306 244 1466 281 affectata
1487 246 1542 281 83.
1564 246 1619 280 ira
1635 245 1720 283 ibid.

1069 299 1162 322 amor
1194 293 1229 322 et
1265 289 1378 324 odium
1414 293 1469 326 85.
1516 292 1722 325 abstinentia

1068 332 1137 366 cibi
1170 339 1205 366 et
1227 333 1365 376 vigiliae
1393 335 1449 370 81.
1472 336 1624 379 corporis
1646 337 1720 368 sor-

1068 388 1121 410 ma
1145 377 1200 411 55.
1225 378 1315 411 dicta
1349 379 1404 414 78.
1431 380 1506 413 117.
1536 380 1611 414 159.
1641 381 1719 414 162.

1068 421 1176 454 oratio
1200 423 1344 456 barbara
1370 423 1424 456 88.
1449 424 1560 457 studia
1587 423 1719 457 theolo-

1068 466 1146 508 gica
1172 468 1246 500 110.
1287 467 1428 500 insanae
1452 469 1721 503 substructiones

1067 511 1125 544 54.
1141 510 1230 543 illius
1254 511 1356 545 animi
1378 522 1487 545 mores
1510 511 1592 544 nihil
1615 511 1719 558 Reip.

1068 555 1271 597 profuerunt
1294 557 1349 590 87.

1022 598 1171 632 Iustinus
1196 600 1332 643 senior,
1362 611 1427 644 quo
1450 612 1577 644 genere
1598 604 1632 635 et
1648 610 1722 645 'qua

1069 655 1112 677 ex
1142 644 1254 686 patria
1276 644 1333 679 43.
1358 644 1452 678 miles
1481 645 1722 679 Praetorianus

1069 694 1210 722 mortem
1225 688 1341 722 evadit
1353 689 1515 723 divinitus
1531 689 1723 723 ibid.Prae-

1070 732 1213 766 torianis
1239 734 1443 778 praefectus,
1467 735 1507 767 fit
1528 735 1723 780 imperator,

1070 777 1223 821 quamvis
1261 777 1502 822 analphabetus
1523 779 1579 813 44.
1617 778 1724 822 lQem

1070 821 1344 855 matrimonialem
1390 824 1534 866 abrogat
1577 824 1633 857 66.
1688 829 1726 856 ut

1070 866 1222 900 scribere
1244 866 1363 900 solitus
1396 879 1517 901 nomen
1539 877 1634 901 suum
1666 867 1725 901 44.

1069 910 1211 944 stolidus
1242 911 1327 944 ibid.
1361 915 1397 944 et
1427 911 1483 945 66.
1515 912 1726 957 principatus

1071 955 1150 988 anni
1166 957 1222 990 67.
1246 955 1387 988 moritur
1409 956 1496 990 ibid.

1026 999 1172 1033 Lazica:
1194 1001 1271 1032 vide
1287 999 1435 1034 Colchis.
1515 1039 1517 1041 ,

1026 1045 1099 1077 Leo
1123 1043 1214 1077 Cilix
1239 1045 1505 1079 Referendarius
1519 1038 1577 1079 90.
1603 1044 1680 1078 159.

1026 1088 1190 1121 Leontius
1218 1089 1482 1123 Referendarius
1507 1089 1585 1125 104.

1030 1133 1217 1175 Leuathae,
1239 1133 1353 1166 Mauri
1375 1135 1431 1168 41.
1458 1135 1516 1168 42.

1030 1177 1236 1211 Liberalium
1258 1177 1380 1211 artium
1399 1178 1602 1222 profligator
1623 1176 1727 1212 Iusti-

1076 1220 1195 1255 nianus
1235 1221 1310 1256 143.

1030 1266 1189 1300 Liberius
1210 1266 1379 1300 Patricius
1402 1267 1572 1300 Romanus
1585 1265 1661 1300 151.
1685 1265 1730 1297 de

1074 1311 1297 1344 Praefectura
1327 1322 1402 1345 cum
1424 1312 1552 1345 Ioanne
1589 1314 1728 1344 couten-

1078 1355 1129 1388 dit
1154 1356 1228 1389 157.

1031 1400 1214 1433 Limitanei
1239 1400 1362 1434 milites
1386 1399 1463 1434 135.

1031 1444 1243 1487 Logothetae
1257 1470 1267 1487 ‚
1303 1445 1362 1488 qui
1387 1445 1462 1479 133.
1486 1443 1523 1478 ἰιι
1542 1441 1672 1476 Italiam
1695 1443 1731 1475 et

1077 1489 1225 1522 Africam
1249 1489 1343 1522 missi
1368 1491 1444 1522 108.

1030 1532 1206 1586 Longinus
1230 1533 1340 1566 Prisci
1363 1532 1492 1567 falsarii
1514 1531 1652 1567 fraudes
1667 1530 1730 1564 de-

1030 1577 1268 1664 Βιῖιῗίἕιὲυὶῗίὅιιί
1290 1621 1415 1655 sublati
1441 1622 1518 1655 143.

1031 1665 1200 1709 Lupicina
1222 1665 1346 1699 lustini
1370 1676 1455 1699 uxor
1476 1665 1535 1700 45.
1557 1663 1634 1698 vide
1656 1663 1730 1696 Eu-

1075 1710 1223 1753 phemia.

1031 1754 1229 1798 Lychnidus
1248 1753 1284 1787 in
1295 1754 1404 1800 Epiro
1426 1758 1541 1788 terrae
1551 1756 1642 1788 motu
1653 1763 1730 1786 cor-

1078 1798 1148 1832 ruit
1174 1800 1250 1834 112.

1033 1842 1236 1876 Macedonia
1259 1842 1382 1877 famula
1397 1842 1598 1877 Antoninam
1621 1841 1734 1875 defert

1081 1889 1135 1923 15.
1160 1888 1202 1920 ab
1218 1887 1294 1931 ipsa
1317 1888 1483 1922 occiditur
1501 1888 1556 1922 16.

1032 1931 1236 1966 Macedonia
1254 1932 1415 1966 meretrix
1423 1931 1629 1966 'theodorae
1648 1927 1734 1964 ami-

1079 1988 1117 2010 ca
1141 1978 1198 2011 82.

1031 2020 1254 2063 Magistratus
1277 2020 1476 2054 conductitii
1500 2021 1576 2055 121.

1032 2065 1222 2098 Malthanes
1246 2064 1336 2097 Cilix
1362 2067 1438 2099 160.

1032 2109 1253 2142 Mammianus
1296 2109 1484 2143 Ecclesiam
1530 2109 1733 2143 Emesenam

1079 2154 1258 2187 haeredem
1280 2153 1432 2188 instituit
1453 2153 1531 2188 154.
1619 2152 1631 2165 ”

1034 2197 1282 2232 Mammilianus
1307 2198 1383 2232 158.

1034 2242 1228 2276 Manichaei
1252 2241 1308 2276 75.
1689 2283 1691 2285 Ι

1035 2286 1202 2320 Martinus
1221 2285 1387 2320 Belisario
1418 2284 1587 2320 sufficim-
1602 2285 1665 2320 81.

1035 2332 1252 2366 Matrimonia
1291 2330 1452 2364 nobilium
1490 2334 1588 2364 curat
1606 2326 1731 2364 -Tbe-

1081 2376 1186 2409 odora
1210 2375 1286 2409 104.
1631 2372 1638 2382 “

1035 2421 1231 2454 Maurorum
1255 2419 1364 2452 clades
1383 2419 1458 2453 107.

1034 2465 1188 2498 Medicos
1211 2467 1314 2497 vexat
1335 2462 1543 2496 Iustinianus
1565 2462 1643 2499 143.

1032 2510 1260 2543 Mercatorum
1278 2509 1397 2541 damna
1420 2508 1496 2544 139.

1031 2553 1209 2586 Michasslis
1233 2552 1403 2596 Archang.
1434 2551 1591 2597 templum
1611 2551 1668 2586 99.

1031 2597 1177 2631 Militum
1199 2597 1328 2631 diversi
1351 2595 1487 2631 ordines
1518 2596 1595 2632 132.
1619 2600 1656 2630 et
1675 2605 1731 2639 sq.

1077 2642 1163 2676 male
1186 2641 1294 2675 habiti
1318 2641 1397 2676 133.
1676 2658 1681 2667 .

1031 2686 1202 2722 Ministris
1230 2686 1420 2730 intercepta
1455 2684 1628 2730 stipendi,
1654 2683 1731 2721 125.

1081 2742 1198 2769 eorum
1219 2731 1338 2767 damna
1362 2731 1439 2769 137.
1510 2770 1512 2774 y
1546 2747 1556 2763 ι
