1858 3126
372 136 468 182 274
952 136 1216 181 PROCOPII

369 248 508 301 ἄνομα,
541 245 596 297 ὥς
612 247 656 290 τὸ
674 247 774 296 dub«,-
782 277 795 297 ,
830 245 958 303 ἀφῆκε
975 250 1026 302 τῇ
1043 245 1166 290 πόλει.
1229 248 1289 290 ἐπὶ
1308 248 1438 302 με’ντοι
1452 247 1648 303 Ἐχιναίου
1663 266 1705 293 τε
1722 253 1789 294 καὶ

372 316 519 369 Θηβῶν
538 317 602 356 καὶ
624 312 840 369 Φαρσάλου
861 315 927 354 καὶ
945 312 1075 355 ἄλλων
1090 318 1168 356 τῶν
1187 315 1248 356 ε’πὶ
1272 316 1492 366 Θεσσαλίας
1513 315 1662 359 πόλεων
1681 316 1788 360 ἅπα-

367 386 460 433 σιῦν,
485 382 525 422 ἓν
545 378 609 430 αἷς
625 377 860 434 Δημητριάς
877 379 921 421 τέ
936 381 1018 423 ἔστι
1035 383 1103 422 καὶ
1121 379 1381 437 Μητρόπολις
1399 382 1523 436 ὄνομα
1542 386 1608 425 καὶ
1628 386 1668 424 Γ
1665 383 1788 440 όμφοι

369 451 431 490 καὶ
452 446 707 504 Τρικάττους,
743 443 975 500 περιβόλους
996 446 1325 500 ἀνανεωσάμενος,
1354 449 1394 490 ἓν
1410 454 1466 505 τῷ
1483 450 1659 506 ἀσφαλεῖ
1668 452 1787 507 ἔκρα-

366 514 506 556 τύνατο
515 545 528 564 ,
558 512 689 569 χρόνῳ
709 529 750 554 τε
772 512 1138 568 καταπεπονηκότας
1155 518 1321 572 μακρῷ,
1356 515 1522 565 εὐπετῶς
1541 518 1585 559 δὲ
1610 515 1817 567 ἁλωτοῧςό

366 580 504 631 ὄντας,
533 580 573 621 εἷ’
586 596 645 628 τις
664 580 834 635 προσίοι.

491 646 598 688 Ἀλλ’
622 647 701 686 ἐπεὶ
728 646 768 694 ἒς
792 646 1014 688 Θεσσαλίαν
1037 644 1267 702 ἀφίγμεθα,
1302 645 1397 702 φέρε
1419 646 1492 700 δὴ,
1522 652 1579 705 τῷ
1599 645 1702 705 λόγῳ
1724 648 1791 690 {nl

364 730 405 755 τε
434 713 478 754 τὸ
509 712 602 768 ὄρος
629 712 674 754 τὸ
693 711 847 766 Πήλιον
872 714 938 754 καὶ
963 713 1136 766 Πηνειὸν
1166 712 1342 765 ποταμὸν
1370 713 1500 766 ἴωμεν.
1565 713 1628 770 ῥεῖ’
1649 715 1720 768 μὲν
1744 716 1787 764 ἐξ

363 779 481 834 ὅρους
499 784 569 821 τοῦ
588 780 742 833 Πηλίου
770 777 883 837 πρᾴῳ
902 784 957 837 τῷ
980 779 1128 836 ῥείθρῳ
1151 778 1172 821 ὅ
1193 779 1388 832 Πηνειὸς,
1422 777 1611 835 ὧράὶσται
1641 782 1684 822 δὲ
1712 781 1786 821 αὖ-

362 850 420 902 ‘trgi
443 846 718 902 περιρρεομένη
745 844 856 895 πόλις
883 844 908 899 ἦ
938 845 1154 902 Λάρισσα,
1189 850 1259 899 τῆς
1287 847 1423 894 Φθίας
1455 848 1629 888 ἐνταῦθα
1659 846 1784 888 οὐκέτι
1797 855 1840 890 10

315 923 345 957 Β
369 912 511 966 οὔσης,
545 916 659 955 τοῦτο
681 913 730 965 δὴ
760 916 831 953 τοῦ
859 917 1015 969 μακροῦ
1029 912 1176 968 χρόνου
1196 913 1240 954 τὸ
1265 910 1501 966 ὃιαπόνημα.
1567 913 1726 969 φέρεται
1745 914 1788 954 δὲ

360 977 382 1020 ὃ
401 979 575 1032 ποταμὸς
598 973 712 1028 οὗτος
735 973 777 1020 εὗ
802 977 913 1032 μάλα
932 985 1137 1035 προσηνῶς
1154 979 1246 1035 ἄχρι
1268 981 1307 1028 ἒς
1323 977 1550 1021 θάλασσαν.
1618 978 1787 1036 εἷίφορός

359 1062 399 1087 τε
429 1041 498 1087 οὖν
519 1047 622 1087 ἐστιν
646 1044 672 1098 ἦ
696 1044 812 1100 χώρα
837 1050 998 1100 καρπῶν
1018 1048 1278 1088 παντοδαπῶν
1296 1047 1360 1086 καὶ
1381 1047 1558 1099 ποτίμοις
1575 1044 1694 1087 ὕδασι
1712 1062 1787 1087 κα-

227 1120 255 1154 V
275 1120 342 1156 442
361 1113 530 1165 τακορὴς
551 1111 671 1165 ἄγαν,
707 1106 832 1165 ὧνπερ
854 1111 1061 1152 ὀνίνασθαι
1084 1110 1137 1160 ὥς
1158 1110 1299 1164 ἣκιστα
1325 1110 1426 1165 εἶχον
1448 1114 1657 1168 περίφοβοι
1680 1111 1786 1161 ὅντες
1812 1126 1814 1130 ’

360 1178 397 1218 οἱ
423 1180 514 1233 τῇδε
547 1177 756 1233 ᾠκημένοι,
791 1178 1101 1232 καραδοκοῦντες
1130 1177 1188 1218 ἀεὶ
1216 1178 1309 1226 τοὺς
1328 1177 1560 1234 βαρβάρους
1586 1180 1784 1233 ἐγκεῖσθαι
1796 1186 1838 1222 15

359 1245 513 1300 σφίσιν·
548 1245 627 1285 ἐπεὶ
650 1243 806 1296 οὐδαμῆ
833 1248 911 1285 τῶν
930 1242 1052 1299 ταύτῃ
1069 1245 1227 1300 χωρίων
1243 1242 1432 1299 ὀχύρωμα
1449 1239 1519 1296 ἦν,
1552 1243 1629 1297 ὅπη
1650 1244 1697 1287 ἂν
1718 1246 1786 1286 καὶ

359 1308 648 1366 καταφυγόντες
666 1309 931 1363 σωθήσονται.
999 1310 1101 1351 ἀλλὰ
1122 1311 1187 1351 καὶ
1204 1309 1421 1366 Λάρισσαν
1440 1313 1504 1352 καὶ
1525 1309 1784 1367 Καισάρειαν,

357 1376 629 1431 πεπονηκότων
653 1378 786 1432 σφίσιν
815 1376 915 1431 ἄγαν
943 1381 1021 1418 τῶν
1046 1376 1272 1432 ἐρυμάτων,
1307 1376 1446 1429 σχεδόν
1477 1394 1516 1418 τι
1545 1377 1787 1430 ἀτειχίστους

358 1442 454 1485 εἶναι
485 1444 699 1496 συνέβαινε.
762 1443 948 1497 βασιλεὺς
975 1444 1017 1485 δὲ
1042 1443 1311 1492 Ἰουστινιανὸς
1339 1442 1463 1500 ἄμφω
1490 1444 1595 1498 τείχη
1622 1443 1784 1500 ἰσχυρό-

298 1521 329 1554 C
358 1528 458 1552 τατα
483 1510 744 1564 ποιησάμενος
769 1511 908 1567 γνησία
932 1509 1002 1563 τὴν
1026 1509 1163 1566 χώραν
1198 1510 1422 1568 εὐδαιμονίᾳ
1449 1509 1669 1566 ξυνῴκισεν.
1735 1510 1838 1554 οὗ20

356 1581 488 1633 πολλῷ
508 1578 550 1618 δὲ
569 1577 721 1618 ἄποθεν
742 1575 813 1631 ὅρη
834 1577 957 1629 ἀνέχει
976 1576 1224 1632 ἀπόκρημνα,
1245 1575 1550 1632 οὖρανομήκεσιν
1567 1577 1783 1632 ἀμφιλαφῆ

355 1644 550 1698 ὁένὸροις·
586 1645 708 1684 οἰκεῖα
745 1645 787 1684 δὲ
813 1642 1052 1698 Κενταύροις
1081 1645 1131 1685 τὰ
1162 1643 1248 1698 ὄρη.
1316 1645 1380 1683 καὶ
1411 1643 1539 1697 γέγονε
1567 1643 1784 1692 Λαπίθαις

354 1711 394 1751 ἓν
413 1711 505 1764 τῇδε
531 1714 580 1764 τῇ
601 1709 716 1767 χώρα
736 1710 835 1764 πρὸς
853 1710 897 1750 τὸ
924 1709 1161 1764 Κενταύρων
1183 1710 1290 1763 γένος
1311 1707 1337 1761 ἦ
1359 1708 1493 1762 μάχη,
1526 1707 1580 1759 ὥς
1600 1710 1637 1751 οἱ
1654 1713 1782 1763 μῦθοι

353 1774 447 1829 ἡμῖν
470 1777 512 1816 ἔκ
532 1779 702 1816 παλαιοῦ
728 1778 1006 1830 ἰσχυρίζονται,
1036 1775 1316 1828 νεανιευόμενοι
1338 1776 1531 1830 γεγονέναι
1556 1775 1781 1832 ἀνθρώπων

353 1843 462 1897 γένος
484 1842 525 1883 ἐν
550 1848 632 1891 τοῖς
656 1842 737 1883 ἄνω
763 1841 923 1899 χρόνοις
952 1841 1163 1884 ἀλλόκοτον
1190 1844 1256 1883 καὶ
1281 1840 1388 1900 ζῴων
1413 1840 1532 1899 φύσιν
1558 1843 1645 1884 τινὰ
1674 1844 1833 1887 δυεΐνὲὅ

352 1968 385 2001 in
401 1968 506 2001 insula
523 1967 686 2009 condidit,
708 1978 852 2012 suoque,
877 1971 914 2001 ut
937 1978 998 2012 par
1013 1971 1103 2008 erat,
1128 1967 1262 2001 donavit
1276 1967 1416 2002 nomine.
1462 1968 1623 2002 Echinaei
1635 1979 1778 2013 quoque,

351 2012 544 2046 Thebarum
557 2040 568 2054 ‚
590 2013 762 2052 Pharsali,
786 2018 1055 2055 caeterarumque
1080 2013 1220 2045 omnium
1235 2013 1429 2045 Thessaliae
1445 2013 1571 2045 urbium
1582 2037 1592 2053 ‚
1613 2013 1646 2046 in
1661 2014 1780 2057 quibus

351 2061 404 2090 est
419 2057 622 2099 Demetrias,
645 2060 679 2089 et
695 2056 745 2090 cui
763 2067 878 2088 nomen
892 2056 1109 2099 Metropolis,
1135 2056 1280 2100 Gomphi
1301 2057 1378 2089 item
1397 2067 1437 2089 ac
1452 2056 1647 2100 vicanus,
1669 2067 1779 2090 muros

350 2111 434 2133 aevo
459 2101 626 2142 labentes,
649 2111 710 2141 ac,
733 2100 760 2133 si
786 2101 859 2144 quis
886 2100 1090 2142 adoriretur,
1112 2100 1199 2132 nullo
1225 2101 1359 2144 negotio
1385 2101 1637 2145 expugnabiles,
1658 2101 1779 2135 refecit

351 2145 540 2189 optimeque
556 2145 756 2178 communiit.

439 2191 514 2232 Age
528 2200 608 2222 vero
620 2215 630 2231 ,
653 2188 915 2232 quandoquidem
931 2189 1137 2233 pervenimus
1162 2189 1195 2222 in
1210 2189 1416 2224 Thessaliam
1427 2215 1437 2231 ,
1459 2189 1608 2223 oratione
1623 2188 1665 2222 ad
1685 2201 1778 2223 mon-

349 2237 415 2267 tem
441 2233 558 2266 Pelion
584 2233 770 2277 flumenque
793 2235 937 2267 Peneum
960 2235 1187 2277 provehamur.
1239 2234 1394 2267 Effundit
1417 2245 1509 2268 mons
1531 2234 1643 2268 Pelius
1667 2234 1776 2268 tacitis

349 2278 454 2311 lenem
479 2278 573 2322 aquis
594 2279 761 2321 Peneum,
785 2289 850 2322 quo
874 2278 1063 2311 circumfluo
1082 2283 1217 2311 ornatur
1240 2279 1319 2312 urbs
1336 2278 1487 2319 Larissa,
1509 2278 1556 2312 ibi
1573 2278 1694 2312 Phthia
1710 2279 1775 2312 iam

349 2334 414 2355 non
439 2327 596 2364 extante3
618 2323 741 2367 quippe
756 2334 854 2366 quam
878 2328 1026 2356 vetustas
1049 2323 1182 2356 delevit.
1227 2323 1453 2358 Placidissime
1468 2322 1571 2357 amnis
1585 2322 1639 2356 hic
1653 2323 1775 2356 labitur

349 2367 393 2400 ad
417 2378 508 2400 mare
530 2378 654 2411 usque:
678 2367 769 2410 regio
790 2367 945 2411 cuiusque
961 2368 1091 2410 generis
1106 2367 1268 2402 fructibus
1284 2368 1497 2412 dulcibusque
1511 2366 1604 2411 aquis
1619 2367 1775 2402 abundat.

348 2412 474 2445 Verum
497 2412 622 2445 incolae
647 2412 697 2445 his
721 2413 895 2445 commodis
920 2413 984 2445 frui
1009 2413 1266 2457 prohibebantur
1290 2418 1396 2451 metu,
1419 2423 1484 2455 quo
1499 2422 1630 2455 semper
1644 2411 1775 2456 trepidi,

348 2456 566 2489 barbarorum
583 2456 646 2489 vim
670 2462 860 2501 expectant,
885 2468 957 2490 curn
973 2468 1128 2500 nusquam
1151 2457 1346 2501 praesidium
1363 2460 1470 2500 esset,
1493 2467 1554 2488 nec
1568 2456 1681 2489 salutis
1695 2467 1774 2501 per-

347 2500 484 2543 fugium.
535 2500 668 2533 Larissa
691 2506 782 2534 certe
800 2506 834 2534 et
851 2501 1036 2541 Caesarea,
1059 2502 1211 2545 collapsis
1235 2500 1350 2544 grandi
1371 2500 1466 2533 ruina
1490 2500 1681 2542 moenibus,
1703 2501 1774 2534 fere

349 2545 492 2589 undique
515 2545 620 2578 nudae
645 2549 750 2578 erant.
794 2545 991 2578 Iustinianus
1012 2557 1092 2579 vero
1107 2549 1192 2588 Aug.
1207 2545 1378 2588 utriusque
1397 2545 1496 2578 muris
1519 2544 1704 2578 firmissima
1719 2545 1772 2578 fa·
1829 2547 1831 2549 '

348 2589 439 2623 brica
466 2589 647 2631 restitutis,
675 2589 843 2632 regionem
864 2590 954 2623 illam
976 2601 1058 2623 vere
1082 2591 1203 2624 beavit.
1256 2590 1334 2622 Non
1359 2590 1475 2633 procul
1501 2589 1621 2622 eminet
1643 2592 1770 2623 montes

346 2633 557 2679 praecipites,
580 2633 881 2678 procerissimisque
897 2635 1068 2667 arboribus
1084 2634 1270 2667 convestiti.
1317 2634 1393 2667 Hae
1409 2634 1647 2668 Centaurorum
1660 2633 1767 2676 sedes,

347 2678 404 2711 ubi
419 2689 490 2711 cum
504 2679 652 2724 Lapithis
667 2678 916 2723 depugnarunt,
940 2683 976 2712 ut
990 2679 1178 2712 fabulantur
1190 2684 1333 2722 veteres,
1380 2678 1518 2712 uoddam
1532 2677 1694 2712 iactantes
1708 2687 1768 2710 ex-

345 2723 454 2758 titisse
469 2723 545 2758 olim
559 2723 719 2758 hominum
735 2734 838 2767 genus
854 2727 1069 2758 monstrosum
1092 2735 1131 2758 ac
1150 2723 1304 2761 biforme.
1386 2723 1551 2758 onnuuum
1573 2722 1695 2758 retinet
1713 2722 1766 2755 fa-
