1754 3132
554 193 804 237 ALEMANN
804 194 821 236 1
846 191 1190 239 DISSERTATIO.
1525 207 1610 236 xxx

142 307 335 351 admodum
364 315 485 358 erant,
525 323 676 364 prorsus
708 314 908 350 aversatur.
965 306 1121 349 Demum
1157 306 1195 349 in
1221 305 1324 349 libris
1356 305 1604 348 aedificiorum

138 376 325 417 Iustiniani
353 385 483 432 aperte
513 376 801 418 Christianorum
822 376 931 418 fidem
959 391 1033 418 non
1066 375 1181 417 semel
1209 375 1409 431 profitetur.
1468 374 1602 425 Quam-

139 443 269 484 obrem
298 443 346 484 ad
365 457 431 484 eos
457 458 501 484 se
531 446 778 500 composuisse
810 443 974 492 videtur,
1012 458 1103 500 quos
1129 443 1361 485 Pomrxcos
1397 441 1602 498 appellant;

139 511 207 552 sed
225 511 342 568 longe
359 511 481 553 verius
510 511 717 554 haeresium
746 512 902 554 omnium
925 513 1096 561 sentinas,
1124 526 1344 568 prorsusque
1372 511 1515 553 Atheos
1537 524 1602 565 ap·

138 577 339 633 pellerent;
377 579 437 634 qui
458 579 544 620 licet
576 579 612 621 in
631 580 794 636 speciem
824 579 1005 621 Catholici
1032 580 1243 630 videantur,
1284 579 1444 635 nullique
1470 586 1597 620 sectae
1618 583 1653 620 V
1674 584 1744 621 273

137 645 348 686 nominatim
380 647 513 688 addicti
541 648 632 698 sint,
675 646 827 704 privatis
858 656 980 690 tamen
1017 648 1235 698 rationibus,
1271 647 1334 690 vel
1358 645 1600 702 Reipublicae

136 713 335 757 commodis
357 714 599 757 Christianam
618 716 859 773 religionem,
900 716 1145 772 pietatemque
1165 717 1376 765 metiuntur,
1405 727 1526 770 neque
1549 712 1599 754 do

134 781 218 822 Deo
239 781 325 838 quid
345 783 503 834 sentias,
535 784 667 840 quidve
687 785 844 835 doceas,
875 785 905 827 si
928 800 989 827 res
1009 785 1060 825 ita
1082 784 1196 834 ferat,
1233 784 1474 825 vehementer
1493 779 1597 820 labo-

133 857 232 898 rant;
270 850 487 893 Haereticos
505 859 626 893 autem
647 861 684 894 et
701 849 943 910 AstrologoS‚
978 851 1142 908 aliasque
1173 840 1351 893 eiusmodi
1381 848 1600 891 Catholicae

132 915 221 957 fidei
244 926 389 972 pesteS,
420 928 527 974 prout
547 934 569 961 e
588 934 653 969 re,
697 935 742 961 ae
769 919 1026 976 tranquillitate
1053 919 1200 975 publica
1226 932 1311 960 esse
1339 917 1412 958 illis
1438 916 1594 964 videtur,

133 984 183 1025 ita
198 984 398 1039 recipiunt,
434 994 470 1027 et
490 986 720 1029 insectantur.
780 988 889 1040 Quod
917 988 965 1029 de
984 987 1189 1028 Haereticis
1211 994 1248 1027 et
1267 983 1478 1041 Astrologis
1498 982 1596 1030 dico,

130 1051 249 1093 habes
275 1052 338 1094 hie
363 1052 401 1094 in
416 1050 678 1104 Ἀνεκδότοις.
736 1057 796 1098 De
817 1057 900 1098 Deo
922 1063 1041 1097 autem
1071 1054 1166 1095 libro
1196 1053 1447 1096 Gotthicorum
1464 1050 1596 1106 primo,

81 1132 85 1135 ’
129 1119 226 1161 haee
244 1128 298 1161 est
314 1121 486 1177 Procopii
505 1123 704 1173 sententia,
740 1124 802 1180 qui
832 1123 961 1180 cuique
987 1137 1056 1179 pro
1085 1122 1236 1163 libidine
1258 1122 1304 1162 de
1332 1120 1418 1162 Deo
1437 1117 1596 1160 credere

126 1188 406 1243 permittendum
428 1189 549 1244 potius
579 1192 783 1240 existimat,
821 1207 928 1248 quam
956 1190 1194 1246 Reipublicae
1233 1189 1418 1244 procellas
1449 1186 1593 1235 videre,

126 1254 254 1309 quibus
286 1263 359 1297 tum
392 1257 591 1299 Romanum
629 1259 822 1315 Imperium
861 1259 910 1300 ob
940 1258 1129 1299 nonnullas
1158 1258 1205 1298 de
1233 1257 1330 1299 Fide
1361 1253 1596 1311 quaestiones

126 1322 341 1365 iactabatur.
401 1325 598 1380 Πρέσβεις
636 1326 680 1369 ἐκ
718 1329 939 1376 Βυζαντίου
986 1325 1096 1380 napo>
1137 1324 1206 1367 τὸν
1232 1321 1382 1376 Ῥώμης
1412 1319 1596 1376 ἀρχιερέα

125 1386 254 1443 ἧκον,
293 1389 318 1433 ὅ
339 1407 380 1433 τε
399 1396 472 1445 τῆς
497 1390 669 1446 Ἐφέσου
707 1393 837 1447 ἱερεύς
865 1391 1051 1442 ΓΥποῖιτιος
1075 1393 1144 1434 καὶ
1176 1389 1409 1445 Δημήτριος
1440 1393 1522 1431 τῶν
1554 1389 1600 1430 ἐν

126 1456 337 1501 Μακεδόσι
362 1463 576 1503 Φιλίππων
602 1460 723 1515 δόξης
755 1462 901 1516 ἕνεκεν,
929 1460 983 1516 ἣν
1012 1459 1245 1515 Χριστιανοὶ
1273 1460 1317 1501 ἐν
1347 1459 1488 1510 σφίσιν
1522 1453 1599 1498 αὖ·

125 1532 208 1576 τοῖς
229 1525 499 1582 ἀντιλέγουσιν
517 1524 851 1584 ἅμφιγνοοῦντες.
912 1528 969 1571 Τὰ
990 1529 1032 1572 δὲ
1053 1524 1334 1583 ἐπιλεγόμενα
1356 1523 1431 1581 ἐγώ
1457 1525 1596 1575 ἐξεπι-

125 1592 317 1648 στάμενος
349 1594 404 1644 ὥς
430 1594 573 1650 ἥκιστα
608 1594 978 1651 ἐπιμνησθήσομαι.
1029 1595 1226 1646 α’πονοίας
1261 1593 1336 1650 γὰρ
1379 1590 1598 1648 μανιώόοις
1660 1587 1664 1589 ‚

124 1661 233 1712 τινός
270 1662 446 1719 ἡγοῦμαι
481 1661 584 1705 εἶναι
622 1666 906 1718 διερευνᾶσθαι
944 1664 1019 1719 τήν
1057 1669 1132 1707 τοῦ
1160 1668 1266 1707 Θεοῦ
1303 1659 1434 1716 φύσιν
1474 1661 1596 1704 ὁποία

125 1730 222 1772 ποτέ
249 1730 369 1772 ἔστιν.
428 1727 656 1789 Ἀνθρώπῳ
692 1732 767 1788 γάρ
802 1731 896 1776 ου’δὲ
929 1732 979 1776 τοὶ
1001 1730 1239 1787 ἀνθρώπεια
1270 1733 1326 1781 εἷς
1357 1730 1402 1774 vd
1432 1727 1596 1784 ἀκριβὲς

128 1796 240 1853 οἶμαι
267 1798 517 1852 καταληπτά,
557 1797 614 1854 μή
635 1803 672 1842 τί
690 1818 733 1856 γε
754 1801 805 1856 δή
825 1801 875 1844 zoi
904 1803 961 1852 εἰς
989 1805 1096 1844 Θεοῦ
1117 1797 1245 1853 φύσιν
1265 1798 1429 1854 ἥκοντα.
1482 1795 1597 1852 Ἐμοὶ

127 1865 202 1920 μὲν
220 1869 346 1908 ταῦτα
371 1863 597 1919 ἀκινδύνως
619 1867 889 1923 σεσιωπήσθω
908 1868 1020 1925 μόνῳ
1045 1872 1103 1926 τῷ
1121 1867 1176 1923 μὴ
1201 1866 1422 1921 ἐπιστῆσαι
1443 1882 1597 1920 τετιμη-

128 1934 239 1988 μένα.
294 1930 393 1989 Ἐγῶ
413 1933 488 1990 γάρ
516 1933 567 1985 ἄν
597 1934 718 1979 ου’δὲν
748 1939 841 1981 ἄλλο
866 1938 956 1992 περὶ
979 1940 1085 1978 Θεοῦ
1104 1935 1243 1978 ὁτιοῦν
1271 1937 1445 1988 εἴποιμι,
1478 1931 1507 1987 ἦ
1532 1932 1597 1976 ὅτι

127 1998 286 2056 ἀγαθός
303 2017 344 2043 τε
365 2003 620 2046 παντάπασιν
642 2007 724 2059 εἴη,
752 2007 820 2048 καὶ
850 2004 1062 2059 σύμπαντα
1083 2004 1127 2045 ἐν
1147 2008 1198 2060 τῇ
1216 2005 1378 2060 ἐξουσίᾳ
1396 2006 1449 2059 τῇ
1470 1999 1598 2044 αὐτοῦ

127 2070 217 2123 ἔχει.
244 2069 385 2126 λεγέτω
407 2070 451 2112 δὲ
481 2069 536 2122 ὥς
558 2090 614 2131 πῃ
647 2074 811 2124 ἕκαστος
838 2070 1050 2130 γινώσκειν
1077 2069 1180 2124 ’ὑπὲρ
1214 2067 1350 2112 αὐτῶν
1372 2072 1499 2113 οἷέται
1523 2069 1595 2112 καὶ

126 2137 256 2192 ἶερεύς
281 2137 350 2180 καὶ
383 2136 556 2193 ἰδιώτης.
613 2142 753 2194 Legati
765 2143 815 2182 ad
834 2143 1036 2182 Romanum
1056 2141 1262 2193 Pontificem
1281 2141 1466 2193 Byzantio
1483 2153 1589 2178 vene-
1613 2145 1644 2181 P
1667 2144 1736 2182 XV

125 2212 210 2247 runt
226 2209 415 2261 Hypatius
428 2210 663 2262 Ephesiorum
684 2211 874 2262 Antistes,
906 2225 951 2250 ac
969 2211 1168 2249 Demetrius
1198 2207 1499 2261 Philippensium,
1530 2209 1595 2259 qui

126 2281 207 2315 sunt
227 2279 265 2315 in
283 2276 523 2324 Macedom·a;
558 2282 724 2319 m'mirum
750 2280 793 2319 de
819 2293 861 2319 ea
894 2281 1094 2331 quaestione
1127 2280 1269 2326 acturi,
1307 2279 1347 2315 in
1367 2290 1440 2328 qua
1473 2276 1593 2315 dubiis

125 2347 304 2384 sententiis
325 2347 417 2384 inter
442 2359 479 2384 se
500 2347 700 2388 Christiani
716 2349 939 2390 dissentiunt.
995 2346 1095 2387 Eam
1113 2347 1390 2386 controversiam
1408 2346 1476 2383 etsi
1486 2344 1593 2396 probe

123 2416 199 2465 ipso
222 2416 378 2464 teneam,
424 2416 561 2453 minime
586 2419 704 2454 tamen
728 2415 1012 2461 cmnmemorabo,·
1050 2413 1142 2466 quod
1175 2426 1344 2452 vesanam
1372 2427 1444 2452 esse
1469 2417 1590 2465 putem

123 2485 322 2531 insaniam,
355 2482 428 2522 Dei
462 2496 552 2534 quae
584 2486 632 2522 sit
663 2488 798 2523 natura
827 2485 1043 2536 disquirere.-
1077 2494 1161 2521 nam
1195 2481 1352 2521 humana
1387 2483 1474 2521 haee
1498 2484 1590 2532 ipsa,

123 2552 249 2591 nedum
271 2552 341 2590 Dea·
356 2556 545 2601 naturam,
584 2553 742 2605 perfecte
767 2556 911 2604 assequi
929 2550 1093 2590 mortales
1112 2549 1392 2602 haudquaquam
1412 2551 1588 2588 existimo.

126 2621 250 2663 Quare
267 2621 380 2658 tutius
399 2620 485 2658 haec
502 2633 566 2670 ego
589 2622 728 2660 silentio
738 2620 952 2672 praeteribo,
987 2620 1065 2657 sola
1086 2622 1226 2656 tantum
1254 2618 1464 2656 credulitate
1487 2630 1588 2654 vene-

127 2690 238 2725 ratus.
297 2687 481 2738 Siquidem
504 2689 548 2726 de
574 2689 650 2727 Deo
675 2689 767 2728 nihil
792 2691 868 2741 ipse
885 2691 1068 2740 praeterea
1096 2686 1371 2738 affirmaverim,
1405 2687 1478 2723 nisi
1496 2683 1588 2735 quod

126 2756 236 2792 bonus
269 2757 361 2792 omni
384 2768 430 2793 ex
451 2761 559 2807 parte
585 2760 655 2806 eit,
688 2770 810 2808 resque
837 2759 1020 2795 universas
1049 2768 1117 2793 sua
1138 2756 1299 2806 potentia
1326 2753 1589 2804 complectatur.

126 2822 183 2860 De
201 2821 295 2860 hisce
310 2833 391 2860 vero
407 2828 649 2865 controversiis
681 2828 739 2866 ita
769 2827 913 2878 quisque
936 2824 993 2863 vel
1011 2823 1195 2872 sacerdos,
1224 2822 1279 2860 vel
1300 2823 1464 2872 privatus
1482 2821 1582 2860 homo
1602 2830 1633 2866 Α
1658 2831 1704 2866 12
