1800 3126
451 160 511 203 IN
538 157 742 201 LIBROS
770 155 890 200 VIII.
961 153 1037 198 DE
1067 153 1275 196 BELLIS.

177 270 267 318 apud
283 269 359 304 illos
378 265 563 302 Arsacidae
580 265 608 308 I,
626 265 703 308 163,
719 265 764 299 9.
779 262 845 297 tri-

178 316 269 352 butis
281 325 302 348 a
318 313 480 349 Romanis
497 311 663 357 oppressi,
686 309 845 344 Acacium

179 363 223 397 de
238 361 347 396 medio
364 359 485 393 tollunt
499 358 527 400 Ι,
547 358 624 401 159,
639 357 694 391 15.
719 362 754 389 et
770 356 845 389 Sit—

177 412 248 443 tam
265 407 389 450 13161,
409 407 461 441 18.
487 404 528 438 ad
543 404 670 437 Persas
685 401 846 435 deficiunt

177 453 207 496 Ι,
226 453 302 494 163,
318 453 352 487 7.
394 451 538 484 redeunt
552 449 586 482 in
602 449 703 482 fidem
721 448 845 481 Roma-

178 509 298 533 norum
315 498 344 540 1,
362 496 439 538 249,
459 499 488 531 1.
509 495 589 536 513,
606 495 639 529 9.
684 493 766 539 ipsis
782 492 845 526 mi—

175 544 279 579 litant
298 543 330 577 in
349 543 480 576 oriente
502 541 563 574 sub
580 539 701 574 Adolio
723 539 749 577 Ι,
765 539 845 580 243,

181 590 236 626 14.
277 594 313 623 et
327 589 388 622 sub
406 588 554 622 Narsete
568 585 675 619 Aratii
691 585 800 618 fratre
816 583 845 626 Ι,

178 637 258 676 261,
278 635 330 670 15.
373 634 407 667 in
422 633 537 667 Africa
553 632 614 665 sub
630 631 802 665 Artabane
818 629 845 671 Ι,

179 681 259 722 513,
279 681 313 715 9.
369 679 403 713 in
426 679 527 712 Italia
549 678 610 711 sub
634 677 785 710 Narsete
811 680 846 708 et

179 726 300 762 Aratio
322 725 368 767 ΙΙ,
387 726 466 766 257,
484 725 538 759 18.
585 731 621 757 et
644 723 706 757 sub
732 722 846 756 Phaza

179 772 225 814 ΙΙ,
242 773 321 813 302,
340 771 394 805 18.

135 818 299 853 Arrianus
314 817 438 850 citatur
457 814 502 855 11,
519 814 597 858 535,
617 814 671 848 18.

134 865 304 904 Arsaces,
330 873 374 895 ex
397 871 463 906 quo
486 860 555 893 orti
579 858 758 893 Arsacidae
779 859 845 892 Ar—

181 908 312 944 meniae
327 907 509 953 principes,
527 905 728 939 Parthorum
747 915 846 948 reges

184 953 438 1000 propinquitate
453 951 594 995 contigit
608 951 634 992 1,
654 951 730 991 163,
747 951 780 984 9.

135 1001 284 1037 Arsaces
310 998 487 1033 Armeniae
509 1009 587 1040 rex,
612 996 733 1030 bellum
758 994 847 1039 gerit

182 1057 258 1082 cum
277 1055 358 1089 rege
372 1044 551 1078 Persarum
570 1042 716 1076 Pacurio
745 1042 773 1083 Ι,
790 1041 845 1082 26,

184 1093 239 1128 11.
285 1101 369 1137 pace
391 1089 596 1134 composita,
622 1089 698 1122 dolo
715 1087 847 1131 capitur

181 1138 211 1179 I,
226 1138 282 1179 27,
301 1137 355 1171 16.
386 1147 425 1170 se
442 1136 516 1180 ipse
531 1139 684 1177 accusat,
709 1133 846 1166 adactus

181 1183 319 1227 Magiae
336 1181 369 1215 vi
395 1181 423 1223 1,
438 1183 496 1222 28,
515 1182 567 1215 10.
613 1181 648 1213 in
673 1179 847 1213 castellum

184 1227 362 1263 oblivionis
388 1228 575 1269 coniectus,
599 1236 697 1260 manu
723 1236 783 1259 sua
811 1236 849 1259 se

184 1274 336 1308 confodit
353 1273 382 1316 Ι,
398 1274 455 1314 29,
473 1273 505 1307 9.

138 1321 284 1356 Arsaces
301 1326 489 1364 postremus
497 1317 673 1351 Armeniae
688 1328 759 1357 rex,
776 1315 850 1360 qui-

185 1367 248 1400 bus
263 1364 510 1398 conditionibus
519 1363 706 1397 Armeniam
719 1361 851 1396 dederit

185 1410 380 1445 Theodosio
397 1409 521 1443 iuniori
535 1410 563 1451 Ι,
581 1409 657 1449 163,
679 1410 731 1443 19.

139 1459 284 1494 Arsaces
315 1460 497 1497 Armenus,
538 1454 697 1500 praesidii
728 1453 851 1488 Sureni

166 1523 170 1527 -
186 1503 267 1544 dux,
288 1501 491 1536 interficitur
506 1500 534 1542 Ι,
552 1502 628 1544 172,
649 1503 702 1534 11.

139 1549 287 1583 Arsaces
312 1559 332 1581 a
352 1547 536 1580 lustiniano
561 1556 670 1590 poena
694 1546 852 1586 affectus,

187 1594 222 1628 in
238 1594 310 1627 eius
325 1594 429 1627 vitam
447 1592 618 1637 conspirat
634 1593 660 1631 Ι,
678 1592 755 1634 403,
774 1592 806 1625 9.

140 1639 325 1676 Arsacidae
342 1639 375 1672 in
392 1638 548 1672 Armenia
564 1639 698 1683 quinam
715 1637 796 1670 dicti
823 1636 852 1678 Ι,

190 1686 267 1726 163,
283 1686 318 1720 9.
367 1695 481 1718 eorum
497 1683 571 1717 iura
586 1684 613 1726 Ι,
634 1684 709 1724 163,
726 1685 782 1717 22.

143 1731 282 1767 Arsinos
298 1730 551 1764 Persarmeniae
576 1729 612 1765 fl.
635 1729 670 1762 in
694 1728 853 1774 Euphra-

189 1781 256 1810 tem
272 1775 384 1810 influit
400 1776 426 1815 Ι,
442 1776 499 1815 84,
515 1776 569 1809 21.

144 1823 337 1858 Artabanes
374 1820 508 1855 loannis
542 1820 632 1853 filius
666 1819 853 1860 Arsacides,

188 1868 312 1902 Sittan·
334 1878 410 1911 mag
435 1865 504 1900 mil.
523 1866 746 1909 Acaciumque
774 1875 854 1909 pro-

176 1913 360 1955 consulem
377 1924 396 1945 e
419 1912 527 1946 medio
544 1911 634 1944 tollit
658 1912 685 1952 Ι,
705 1912 779 1946 161.
799 1911 853 1945 18.

189 1959 269 1998 525,
284 1959 318 1992 4.
353 1969 427 1991 cum
443 1957 601 1991 Romanis
617 1956 853 1990 reconciliatus

189 2003 225 2039 in
250 2003 395 2039 Africam
422 2003 648 2048 proficiscitur
675 2002 703 2043 I,
721 2003 797 2044 513,
818 2003 852 2036 9.

191 2055 262 2084 stat
276 2054 392 2084 contra
407 2054 588 2092 tyrannum
607 2048 800 2081 Gontbarin
823 2047 852 2089 Ι,

190 2095 270 2134 519.
291 2095 344 2130 14.
391 2095 523 2138 aufugit
547 2094 575 2136 Ι,
602 2095 679 2135 521,
704 2095 736 2128 6.
784 2093 853 2126 fide

190 2140 326 2188 publica
354 2147 553 2183 revocatus,
579 2139 621 2172 de
653 2151 735 2172 nece
766 2138 854 2172 illius

191 2192 329 2266 335¹.ssss
347 2187 472 2266 {affl}
487 2188 503 2220 ¹
507 2187 567 2265 ⁹122
585 2186 855 2276 “g’offi’ggsffin‘gg

191 2278 351 2312 remissus
369 2278 461 2322 gerit
481 2279 504 2317 Ι,
522 2277 600 2316 525,
620 2278 673 2312 18.
707 2277 855 2310 Cartba-

192 2323 304 2368 ginem
323 2335 480 2357 reversus
495 2334 567 2357 cum
584 2334 624 2356 eo
646 2322 801 2368 epulatur
829 2323 854 2364 Ι,

193 2370 276 2412 527,
291 2369 345 2405 14.
392 2369 528 2403 caedem
554 2373 652 2414 parat
677 2369 705 2410 Ι,
723 2370 803 2410 528,
820 2368 855 2402 2.

195 2419 232 2449 et
246 2414 379 2460 peragit
393 2416 419 2456 1,
437 2415 516 2457 531,
533 2416 564 2449 6.
613 2414 774 2457 magister
790 2414 856 2447 mil.

194 2460 330 2494 Africae
344 2462 454 2494 factus
465 2489 474 2501 ,
498 2460 643 2494 reditum
659 2460 858 2504 Byzantium

192 2505 351 2550 impetrat
368 2507 394 2544 Ι,
411 2507 490 2548 533,
502 2509 535 2542 1.
579 2506 757 2540 Preiectae
777 2517 860 2550 pro-

194 2561 256 2586 cus
278 2551 324 2594 ΙΙ,
344 2552 424 2606 405,
448 2554 501 2587 16.
548 2552 708 2596 magister
735 2551 800 2585 mil.
826 2551 859 2585 in

194 2597 682 2688 ἓὲἰίῗῖἓῆοὲἑὲἴῧξοᾶὃὲῗ
695 2597 860 2679 ιὲῗῖκὲἷ

197 2699 268 2722 rem
292 2694 430 2723 coactus
455 2690 610 2735 recipere
632 2690 678 2730 ll,
702 2689 781 2729 407,
805 2689 874 2723 12.Δ

198 2733 232 2767 in
247 2733 464 2768 lastinianum
481 2736 652 2781 conspirat
665 2735 797 2778 Il‚408,
808 2735 860 2769 19.

199 2783 420 2814 exautoratur
446 2781 490 2825 ΙΙ,
514 2781 594 2824 416,
617 2782 651 2815 9.
697 2780 860 2824 magister

198 2825 308 2859 factus
324 2824 392 2860 mil.
401 2825 580 2870 Thraciae,
597 2827 759 2862 adversus
769 2826 860 2860 Got-

1498 150 1597 196 477

934 261 1011 295 thos
1035 260 1179 295 mittitur
1202 259 1247 301 ΙΙ,
1269 258 1348 302 445,
1368 259 1421 292 19.
1468 262 1600 302 tempe-

935 312 1025 342 state
1039 307 1184 341 iactatur
1201 306 1246 347 ΙΙ,
1258 304 1339 346 452,
1352 306 1385 339 6.
1432 303 1466 337 in
1481 304 1600 338 Sicilia

935 364 1005 387 rem
1022 353 1108 387 bene
1122 352 1210 396 gerit
1228 352 1272 392 ΙΙ,
1289 351 1367 389 585,
1384 351 1416 384 5.

890 400 1079 434 Artabanes
1099 396 1350 432 Persarmenius
1370 395 1412 429 ad
1430 395 1600 429 Romanos

936 446 1110 489 transfuga
1138 444 1183 488 ΙΙ,
1200 444 1278 486 494,
1298 443 1332 476 4.
1378 442 1514 476 fortiter
1537 453 1602 486 pu-

935 497 1018 535 gnat
1033 491 1078 531 ΙΙ,
1093 490 1172 531 495,
1192 493 1223 524 1.

891 537 1079 571 Artabazes
1087 535 1271 577 Armenius,
1285 533 1338 567 vir
1351 532 1451 567 fortis
1463 533 1508 567 ΙΙ,
1521 533 1600 575 291,

939 582 991 617 15.
1011 583 1088 621 293,
1106 583 1139 616 9.
1174 581 1246 615 eius
1261 580 1370 613 oratio
1387 579 1431 619 ΙΙ,
1446 579 1525 622 293,
1546 579 1600 613 19.

937 628 1105 671 singulare
1121 638 1194 660 cum
1210 627 1341 660 Gottho
1359 631 1527 659 certamen
1557 625 1602 667 ΙΙ,

936 674 1015 714 297,
1032 674 1054 708 3
1089 673 1207 706 infelix
1226 672 1336 705 obitus
1354 671 1396 707 ll.
1413 672 1492 714 297,
1514 671 1565 705 19.

890 720 1016 753 Artace
1033 718 1229 752 suburbium
1247 716 1366 761 Cyzici
1383 717 1409 758 Ι,
1429 717 1504 760 135,
1522 718 1554 751 5.

890 765 1064 800 Artasines
1095 764 1203 797 Persa
1231 763 1264 796 in
1296 763 1446 796 Gotthos
1476 765 1603 808 pugnat

937 811 1066 844 Romae
1084 810 1128 851 ΙΙ,
1148 810 1224 850 150,
1243 810 1296 843 19.

891 856 1064 891 Artasires
1080 856 1198 898 Persa,
1215 855 1301 888 idem
1317 856 1407 888 sorte
1420 865 1491 888 cum
1503 857 1603 888 Arta-

936 902 1021 945 sine,
1046 901 1196 935 Belisarii
1218 907 1390 946 protector
1411 902 1453 943 ll,
1473 901 1550 941 324,
1568 900 1602 935 5.

937 948 1000 982 sub
1028 947 1200 981 moenibus
1227 947 1357 980 Romae
1383 946 1519 980 dimicat
1556 947 1603 990 11,

938 995 1018 1036 327,
1042 995 1098 1029 17.

893 1039 1063 1075 Artasires
1073 1037 1251 1072 Artabanis
1266 1038 1402 1071 satelles
1418 1037 1445 1079 l,
1456 1037 1535 1078 53¹3,
1544 1039 1601 1073 22.

938 1086 978 1119 ad
997 1085 1214 1118 Gontbaridis
1230 1085 1365 1117 caedem
1381 1084 1557 1117 instruitur
1578 1086 1603 1126 Ι,

939 1132 1017 1172 528,
1034 1133 1065 1164 2.
1095 1130 1263 1163 consilium
1282 1129 1416 1174 peragit
1434 1131 1457 1171 Ι,
1474 1131 1552 1171 531,
1570 1132 1603 1165 6.

894 1178 1021 1211 Arufus
1040 1177 1220 1210 Erulorum
1236 1176 1303 1209 dux
1321 1175 1364 1218 ΙΙ,
1382 1176 1458 1211 390.
1478 1177 1531 1209 15.

894 1223 1041 1258 ΑτιιιΙιυε
1058 1222 1236 1255 Erulorum
1253 1222 1339 1263 dux,
1363 1221 1516 1254 Maur-itii
1541 1233 1606 1266 ge-

941 1280 1021 1307 ner,
1047 1268 1187 1301 Narseti
1207 1268 1240 1301 in
1258 1267 1406 1301 Gotthos
1423 1267 1544 1301 militat.
1559 1268 1573 1301 1
1580 1268 1607 1311 Ι,

940 1315 1018 1356 599,
1035 1315 1067 1349 8.
1385 1320 1389 1323 '

895 1373 1082 1406 Arzamena
1097 1370 1155 1404 ubi
1168 1371 1232 1404 sita
1260 1370 1287 1412 Ι,
1303 1372 1360 1413 41,
1378 1370 1411 1405 3.
1459 1368 1608 1404 scribere

941 1416 1049 1451 malim
1069 1422 1107 1450 ut
1125 1417 1285 1461 sequitur.

897 1465 1073 1498 Arzanena
1090 1469 1185 1496 trans
1205 1463 1326 1496 flumen
1342 1461 1552 1507 Nymphium
1578 1461 1609 1504 Ι,

943 1510 1001 1550 42,
1019 1510 1072 1545 17.
1096 1510 1175 1550 217,
1195 1511 1245 1543 10.

898 1555 1071 1596 Asbades,
1109 1555 1317 1588 Candidatus
1330 1580 1340 1595 ,
1379 1565 1400 1587 a
1430 1553 1610 1587 Sclavenis

945 1601 1149 1634 comburitur
1170 1601 1212 1641 ΙΙ,
1229 1602 1308 1638 441,
1329 1600 1379 1633 14.

898 1646 1055 1681 Asbadus
1074 1647 1213 1691 Gepaes
1230 1647 1272 1686 ll,
1290 1647 1367 1686 599,
1385 1647 1422 1679 6.
1459 1644 1611 1678 Totilam

944 1703 1058 1736 regem
1083 1692 1266 1735 fugientem
1287 1691 1456 1725 lethaliter
1481 1690 1614 1724 sauciat

944 1739 990 1780 Il,
1005 1740 1084 1778 624,
1099 1740 1157 1772 21.

898 1784 1084 1823 Asbestus‚
1109 1783 1277 1817 recentius
1300 1794 1419 1816 nomen
1442 1782 1541 1816 calcis
1566 1782 1612 1824 ΙΙ,

898 1857 1230 1917 Ascan'massageta
1258 1874 1292 1914 Ι,
1321 1875 1377 1913 63,
1403 1875 1436 1908 8.
1473 1875 1528 1911 72.
1556 1874 1611 1908 16.

944 1921 1080 1954 fortiter
1097 1921 1236 1953 moritur
1251 1920 1285 1952 in
1303 1920 1374 1952 acie
1393 1921 1416 1961 Ι,
1433 1922 1488 1959 95,
1509 1921 1559 1954 18.

899 1966 1116 2011 Asclepiades
1143 1966 1354 1998 palaestinus
1386 1966 1418 2006 l,
1445 1967 1523 2008 490,
1551 1967 1608 1999 21.

946 2011 1119 2046 Maximini
1142 2011 1402 2045 coniurationem
1426 2011 1555 2045 indicat
1581 2012 1610 2053 Ι,

944 2059 1023 2100 490,
1042 2059 1098 2092 23.

901 2114 1159 2160 Asclepiodotus
1182 2114 1428 2158 Neapolitanus
1452 2112 1612 2147 Causidi-

946 2172 1005 2195 cus
1030 2161 1230 2194 dehortatur
1250 2161 1343 2193 cives
1367 2172 1409 2193 ne
1427 2171 1464 2193 se
1483 2159 1612 2193 Belisa-

946 2207 997 2240 rio
1014 2207 1138 2240 dedant
1155 2207 1198 2247 ΙΙ,
1217 2207 1272 2246 41,
1289 2208 1341 2241 22.
1367 2207 1424 2247 42,
1442 2207 1498 2239 20.
1528 2207 1614 2238 urbe

946 2253 1298 2334 ffpgg'lssscerpimr
1322 2263 1342 2285 a
1364 2253 1498 2286 furente
1515 2251 1615 2297 plebe

902 2355 1058 2390 Asculum
1075 2355 1198 2389 Gotthi
1216 2354 1375 2389 obsident
1390 2355 1435 2399 ΙΙ,
1454 2354 1534 2397 324,
1558 2355 1614 2389 11.

949 2407 983 2436 et
999 2402 1135 2446 capiunt
1149 2402 1194 2443 ΙΙ,
1209 2402 1288 2446 326,
1306 2403 1339 2435 6.

903 2459 985 2494 Asia
1001 2471 1121 2492 nomen
1136 2460 1241 2493 habet
1257 2470 1277 2492 a
1294 2459 1418 2492 femina
1434 2457 1479 2499 ΙΙ,
1493 2455 1571 2498 484,
1583 2456 1616 2491 5.

950 2516 1031 2550 pars
1049 2506 1140 2538 orbis
1156 2506 1277 2547 altera,
1302 2506 1445 2538 Africam
1463 2514 1619 2547 compre-

951 2551 1122 2584 hendebat
1139 2552 1164 2589 Ι.
1181 2552 1258 2587 309.
1280 2552 1331 2585 19.
1366 2551 1408 2583 ab
1425 2549 1540 2582 Africa
1558 2560 1619 2581 vo-

953 2597 1074 2630 cabulo
1098 2597 1206 2631 divisa
1233 2597 1277 2638 11,
1296 2598 1349 2635 62,
1370 2596 1402 2628 4.
1452 2600 1486 2627 et
1513 2594 1617 2628 fluvio

950 2642 1033 2676 Nilo
1058 2643 1106 2685 ΙΙ,
1121 2644 1200 2682 482,
1221 2643 1250 2677 5.
1276 2641 1426 2682 484,13.
1475 2640 1518 2672 ab
1546 2641 1620 2673 Eu-

951 2687 1396 2768 agadgffffffltgaeffi
1416 2686 1465 2764 1¹1¹,
1476 2686 1561 2766 ἐξῇ

952 2791 1050 2860 εἰῧψῃ.
1074 2780 1189 2815 Hunni
1207 2779 1317 2815 Asiam
1333 2782 1471 2812 vastant
1492 2777 1521 2821 1,
1542 2777 1617 2817 168,
