1858 3126
251 161 346 207 168
773 162 1166 207 ARGUMENTUM.

249 280 399 304 somnum
421 269 546 313 species
569 268 712 314 aggeris
734 269 922 313 opponendi
938 269 1066 313 fluvio,
1088 269 1146 312 qui
1170 269 1298 303 Duram
1319 268 1480 303 interluit.
1525 270 1620 305 Idem
1640 269 1678 305 in

249 320 392 349 mentem
421 316 513 348 venit
544 315 728 347 Iustiniana
761 316 926 358 Augusto.
992 315 1135 347 Caetera
1158 314 1260 356 ipsius
1283 315 1399 348 eadem
1421 315 1456 348 in
1479 316 1557 349 urbe
1581 316 1678 349 aedi·

241 361 340 403 ficia.
390 359 542 392 Firmata
565 360 654 391 urbis
679 359 821 391 Amidae
844 358 984 392 moenia.
1017 358 1088 401 (3.)
1134 359 1282 392 Rhabdii
1302 360 1398 393 situs.
1446 360 1569 393 Locum
1591 361 1678 394 hunc

251 404 459 438 lastinianus
483 405 648 436 moenibus
674 404 878 443 circumdat,
911 409 943 437 et
967 405 1106 439 castella
1130 404 1260 436 Daram
1282 404 1369 436 inter
1391 409 1424 438 et
1449 405 1603 438 Amidam
1625 406 1677 438 vel

251 450 425 483 instaurat
447 454 584 488 vetera,
618 450 671 481 vel
704 459 793 481 nova
824 449 947 482 condit.
972 447 1040 491 (4.)
1088 448 1278 482 Instaurati
1298 449 1384 482 muri
1410 449 1679 492 Theodosiopolis

251 495 300 528 ad
318 496 447 536 flumen
471 493 658 526 Aborrham
680 494 779 525 sitae.
827 493 915 533 Quid
938 498 1049 526 actum
1064 493 1314 526 Constantinae.
1337 493 1408 536 (5.)
1455 493 1633 527 Circesium
1655 504 1680 527 a

250 539 465 572 Diocletiano
490 538 669 577 conditum,
695 549 717 570 a
741 537 925 571 Iustiniano
948 539 1111 572 munitum
1134 542 1235 581 atque
1256 543 1421 571 ornatum.
1466 539 1623 572 Annucas
1645 542 1681 572 et

250 583 465 616 circumiecta
484 582 739 624 Theodosiopoli
755 584 895 616 castella
913 585 1120 618 instaurata.
1143 581 1212 624 (6.)
1258 582 1406 616 Edessae
1424 583 1593 625 provisum
1615 580 1681 617 atl-¹

248 638 366 660 versus
394 627 498 670 fluvii
530 627 633 659 Scirti
661 627 909 662 inundationes.
967 629 1127 661 Eiusdem
1161 627 1269 669 urbis,
1302 627 1446 670 itemque
1470 627 1626 661 Callinici
1647 631 1682 662 ct

252 673 440 709 Carrarum
470 671 602 703 moenia
632 677 809 714 reparata.
833 673 902 715 (7.)
957 673 996 706 In
1024 673 1273 716 Euphratesiae
1303 672 1484 706 solitudine
1511 673 1682 706 castellum

249 716 400 750 Mambri
425 716 600 758 urbemque
630 717 808 750 Zenobiam
839 718 1043 751 lastinianus
1071 717 1196 760 optime
1226 717 1414 750 communit.
1451 716 1520 759 (8.)
1579 717 1682 756 Sura,

251 760 474 804 Sergiopolis,
485 762 625 793 castella
635 762 811 804 quaedam,
823 762 976 805 inprimis
987 762 1198 796 Hemerium=
1212 761 1291 795 item
1302 761 1508 805 Hierapolis,
1517 761 1684 805 Zeugma,

251 805 501 840 Neocaesarea.
525 805 660 848 aliaque
681 807 809 848 oppida
826 807 1070 850 Euphratesiae
1087 807 1290 842 muniuntur.
1314 806 1383 848 (9.)
1427 798 1641 839 Antiochiam
1660 816 1685 838 a

253 850 403 882 Chosroe‘
426 850 569 882 excisam
593 851 783 892 instaurat,
807 853 931 891 munit,
956 858 1116 895 ornatque
1133 852 1211 894 imp.
1238 851 1454 885 lastinianus.
1480 850 1571 892 (10.)
1615 851 1683 884 Re·

249 895 373 938 parati
390 894 561 928 Chalcidis
577 896 680 928 muri.-
715 897 910 932 instaurata
927 897 1049 941 Cyrus.-
1076 896 1233 940 Palmyra
1251 897 1465 930 communita.
1480 894 1572 939 (11.)

924 985 1021 1041 ΙΙΙ.

345 1068 434 1110 Quos
457 1070 617 1103 Armenia
638 1082 736 1115 reges
758 1071 920 1107 habuerit.
967 1071 1080 1116 Regni
1104 1070 1205 1105 divisi
1224 1070 1336 1114 portio
1361 1069 1536 1103 Romanae
1563 1068 1687 1103 ditioni

254 1113 431 1146 adiuncta.
479 1114 517 1147 In
541 1126 583 1147 ea
607 1117 733 1155 Comes,
757 1128 798 1149 ac
822 1117 943 1149 deinde
967 1117 1024 1148 sub
1042 1117 1228 1150 Iustiniana
1244 1116 1409 1159 magister
1427 1114 1581 1148 militum.
1621 1115 1687 1147 Ar-

252 1159 386 1191 meniae
402 1158 564 1191 Romanis
582 1161 734 1193 subditae
753 1165 888 1204 partem
915 1165 1077 1204 satrapae
1102 1162 1331 1194 moderantur.
1376 1160 1501 1192 Eorum
1523 1159 1687 1203 insignia.

251 1203 482 1235 Exauctorati
504 1204 642 1246 quidam
664 1209 827 1246 satrapae
851 1216 873 1237 a
898 1206 1030 1238 Zenone
1045 1207 1134 1250 Aug.
1157 1205 1282 1238 sublati
1302 1215 1413 1237 omnes
1434 1215 1456 1236 a
1481 1204 1689 1242 Iustiniano3

255 1253 355 1290 atque
374 1247 409 1279 in
433 1257 545 1279 eorum
568 1249 674 1281 locum
697 1250 832 1292 suffecti
848 1250 958 1282 duces.
981 1250 1085 1293 (Cap.
1111 1249 1162 1292 1.)
1211 1250 1329 1292 Capta*
1345 1260 1367 1281 a
1394 1249 1530 1281 Cabade
1554 1249 1689 1291 Marty-

253 1292 402 1334 ropolis,
429 1293 604 1325 Anastasii
624 1294 837 1337 principatu:
868 1295 988 1327 deinde
1011 1306 1034 1326 a
1060 1294 1246 1327 Iustiniana
1275 1293 1415 1338 egregie
1445 1293 1586 1327 munita.
1619 1292 1688 1335 (2.)

252 1336 461 1369 Iustinianus
482 1337 518 1368 in
542 1338 740 1380 Sophanene
767 1339 917 1371 Clisuras
937 1339 1066 1377 munit‚·
1093 1339 1130 1371 in
1152 1338 1358 1372 Asthianene
1381 1338 1553 1371 castellum
1576 1337 1690 1370 condit

253 1381 302 1414 ad
328 1381 561 1419 Cithariznm5
595 1383 631 1414 in
658 1383 833 1416 Chorzane
863 1384 1043 1415 Artaleson
1072 1383 1240 1415 moenibus
1274 1383 1470 1415 circumdat.
1497 1381 1564 1423 (3.)
1610 1382 1690 1414 Fir-

254 1425 343 1458 mati
366 1426 509 1458 Satalae
531 1428 618 1459 muri
626 1439 636 1459 .-
659 1433 825 1469 reparata
851 1427 1014 1461 Colonia:
1049 1428 1270 1461 Castellorum
1293 1428 1346 1460 vel
1369 1427 1564 1468 aedificatio
1585 1437 1689 1467 nova,

253 1471 308 1502 vel
332 1470 557 1504 instauratio.-
587 1473 863 1505 monasteriorum
885 1472 964 1504 item
989 1483 1029 1504 ac
1051 1482 1225 1505 sacrarum
1250 1471 1394 1504 aedium.
1445 1471 1600 1511 Perfecta
1616 1471 1691 1503 Me-

255 1515 375 1547 litenes
397 1516 539 1548 moenia.
571 1516 637 1559 (4.)
699 1518 856 1549 Firmata
893 1517 1182 1560 Theodosiopolis.-
1216 1516 1354 1549 condita
1390 1515 1588 1550 Iustiniana.
1618 1516 1690 1557 (5.)

257 1559 451 1592 Tzanorum
473 1571 598 1599 mores,
622 1562 737 1600 sedes,
762 1566 795 1594 et
818 1561 863 1593 ad
890 1561 1059 1594 Christum
1083 1561 1263 1594 conversio.
1309 1562 1477 1594 Estrucm
1499 1561 1591 1603 apud
1613 1561 1691 1594 illos

253 1604 426 1646 aedificia.
452 1605 524 1647 (6.)
571 1605 753 1639 Iustiniani
782 1606 942 1648 aedificia
976 1617 999 1640 a
1025 1607 1240 1650 Trapezunte
1271 1606 1318 1640 ad
1348 1605 1460 1640 urbem
1484 1605 1692 1650 Bosporum.-

255 1648 400 1692 indeque
423 1649 471 1682 ad
493 1650 606 1684 urbem
630 1651 842 1685 Anchialum.
868 1651 939 1694 (7.)

925 1739 1022 1796 IV.

346 1822 537 1866 Praefatio.
595 1824 791 1876 Taurcsium
807 1827 990 1862 Iustiniani
1013 1828 1106 1873 Aug.
1127 1826 1260 1871 patria.
1307 1825 1498 1861 Iustiniana
1519 1827 1632 1871 prima
1651 1837 1692 1860 ac

252 1870 410 1902 secunda.
457 1870 682 1914 Iustinopolis.
729 1872 917 1906 Multarum
940 1873 1068 1916 Illyrici
1090 1873 1220 1906 urbium
1242 1873 1361 1914 refecti
1382 1873 1480 1906 muri.
1529 1873 1692 1905 Esar-ueta

249 1914 381 1958 passim
403 1916 555 1948 castella.
602 1916 879 1960 Iustinianopolis
901 1918 937 1950 in
960 1918 1079 1961 Epiro.
1127 1919 1273 1950 Euroea.
1301 1917 1407 1960 (Gap.
1434 1917 1482 1960 1.)
1533 1918 1691 1950 Thermo·

251 1959 1341 2050 '53322225253‘5fflffljtffaff'f}²>“'⁶z.⁷?;‘2';''‘“²·02320110‘3352?
1359 1967 1471 2039 ‘²⁶:22‘
1485 1961 1693 2040 52353252'3:

250 2049 305 2080 vel
329 2048 493 2086 condidit,
516 2050 568 2081 vel
590 2052 767 2084 renovavit
789 2053 825 2084 in
846 2056 989 2095 utraque
1005 2018 1123 2094 Εξίῗο,
1148 2030 1361 2094 Macedonici,
1375 2019 1575 2090 qffbessalia,
1600 2052 1690 2082 Dar-

252 2092 372 2132 dania,
398 2093 609 2136 omnibusque
632 2095 760 2137 Illyrici
780 2097 934 2139 partibus
956 2096 1221 2129 mediterraneis.
1247 2096 1316 2138 (4.)
1365 2096 1416 2128 Ad
1433 2107 1528 2128 oram
1544 2094 1692 2127 Danubii

249 2137 370 2180 quales
401 2137 482 2169 olim
512 2139 723 2172 munitiones.
773 2142 884 2173 Dacia
912 2141 1078 2184 Ripensis.
1124 2141 1311 2184 Singedon.
1361 2141 1535 2174 Octavum.
1586 2139 1690 2172 Vimi-

251 2182 398 2214 nacium.
424 2181 492 2223 (5.)
540 2183 676 2216 Munita
709 2196 731 2218 a
763 2185 951 2218 Iustiniana
982 2186 1062 2228 ripa
1085 2186 1233 2218 Danubii
1265 2185 1306 2218 ab
1329 2186 1409 2218 urbe
1438 2184 1623 2217 Viminaeio
1644 2184 1692 2216 ad

255 2226 438 2259 Thraciam
466 2237 576 2269 usque.
602 2227 684 2270 (6.)
742 2231 888 2263 Caetera
919 2230 1099 2263 Iustiaiani
1123 2229 1281 2273 aedilicia
1311 2230 1358 2263 ad
1391 2230 1593 2262 Danubium.
1616 2228 1691 2271 (7.)

258 2271 324 2303 Via
356 2282 378 2303 a
407 2271 591 2315 Strongylo
625 2279 709 2308 cast.
741 2275 788 2308 ad
822 2275 990 2319 Rhegium
1017 2275 1158 2309 munita.
1210 2274 1295 2307 Pons
1326 2275 1372 2308 ad
1397 2275 1604 2318 Myrmecem.
1652 2273 1692 2306 In

251 2316 344 2368 urbe·
363 2315 496 2358 Athyr-a
524 2317 698 2352 cisternae.
750 2321 934 2353 Castellum
967 2319 1014 2353 ad
1038 2320 1231 2363 Episcopia.
1266 2318 1335 2362 (8.)
1385 2319 1556 2352 Provisum
1579 2318 1694 2362 longis

254 2370 359 2392 muris
382 2365 415 2393 et
439 2361 638 2394 Heracleae.
690 2364 773 2397 Urbs
796 2364 935 2398 condita
957 2366 1004 2398 ad
1028 2365 1268 2398 Rhaedestum.
1293 2364 1366 2406 (9.)
1425 2365 1462 2397 In
1488 2363 1694 2397 Cherroneso

254 2405 343 2438 muri
374 2405 471 2449 longi
500 2407 631 2446 refecti.
682 2409 784 2442 Urbes
813 2409 1056 2451 Aphrodisias,
1098 2409 1224 2443 Ciberis
1253 2413 1286 2443 et
1321 2409 1496 2451 Callipolis
1526 2408 1695 2441 moenibus

257 2450 402 2483 cinctae.
451 2450 602 2483 Castella
633 2454 782 2488 condita.
814 2455 906 2496 (10.)
967 2456 1077 2487 Aenus
1099 2454 1257 2487 munitur.
1305 2454 1357 2486 Ex
1380 2454 1514 2486 Belluro
1536 2463 1630 2497 pago
1644 2453 1695 2494 fit

192 2507 193 2510 ¹
256 2495 343 2526 urbs.
394 2494 486 2526 Cura
511 2495 666 2530 adhibita
692 2499 934 2543 Traianopoli,
965 2499 1245 2542 Maximianopoli
1274 2499 1414 2542 aliisque
1436 2498 1579 2532 urbibus.
1627 2498 1695 2531 Ca-

257 2539 430 2572 stellorum
453 2539 645 2585 catalogus.
670 2542 764 2586 (11.)

943 2630 1014 2685 V.

348 2714 493 2757 Ephesi,
518 2715 678 2758 ternplum
712 2714 750 2748 S.
782 2713 919 2750 Ioannis
951 2718 1207 2762 Evangelistac.
1253 2718 1292 2751 In
1316 2717 1426 2751 insula
1451 2715 1585 2750 Tenedo
1614 2715 1693 2748 hor·

259 2769 332 2793 rea.
354 2761 457 2805 (Gap.
482 2759 532 2803 1.)
578 2759 778 2805 Helenopoli
801 2765 834 2797 et
857 2763 905 2797 ad
924 2763 1065 2805 fluvium
1089 2764 1276 2798 Draconem
1299 2768 1391 2798 acta.
1415 2763 1486 2807 (2.)
1533 2760 1622 2803 Quid
1642 2770 1693 2792 re-
