<?xml version="1.0" encoding="UTF-8"?>
<!DOCTYPE html PUBLIC "-//W3C//DTD XHTML 1.0 Transitional//EN"
    "http://www.w3.org/TR/xhtml1/DTD/xhtml1-transitional.dtd">
<html xmlns="http://www.w3.org/1999/xhtml" xml:lang="en" lang="en">
 <head>
  <title>
</title>
<meta http-equiv="Content-Type" content="text/html;charset=utf-8" />
  <meta name='ocr-system' content='tesseract 3.04.00' />
  <meta name='ocr-capabilities' content='ocr_page ocr_carea ocr_par ocr_line ocrx_word'/>
</head>
<body>
  <div class='ocr_page' id='page_1' title='image "./corpusscriptorum45niebuoft_0227.png"; bbox 0 0 1858 3126; ppageno 0'>
   <div class='ocr_carea' id='block_1_1' title="bbox 543 133 1555 186">
    <p class='ocr_par' dir='ltr' id='par_1_1' title="bbox 543 133 1555 186">
     <span class='ocr_line' id='line_1_1' title="bbox 543 133 1555 186; baseline -0.001 -3"><span class='ocrx_word' id='word_1_1' title='bbox 543 139 618 186; x_wconf 93' lang='lat' dir='ltr'><strong><em>DE</em></strong></span> <span class='ocrx_word' id='word_1_2' title='bbox 653 135 941 184; x_wconf 89' lang='lat' dir='ltr'>AEDIFICIIS</span> <span class='ocrx_word' id='word_1_3' title='bbox 972 135 1008 182; x_wconf 87' lang='lat'><strong><em>1.</em></strong></span> <span class='ocrx_word' id='word_1_4' title='bbox 1074 133 1122 184; x_wconf 90' lang='grc'><strong><em>4.</em></strong></span> <span class='ocrx_word' id='word_1_5' title='bbox 1460 135 1555 183; x_wconf 90' lang='grc'><strong><em>187</em></strong></span> 
     </span>
    </p>
   </div>
   <div class='ocr_carea' id='block_1_2' title="bbox 43 248 1692 1870">
    <p class='ocr_par' dir='ltr' id='par_1_2' title="bbox 99 248 1554 516">
     <span class='ocr_line' id='line_1_2' title="bbox 103 248 1553 310; baseline -0.008 -7"><span class='ocrx_word' id='word_1_6' title='bbox 103 256 264 308; x_wconf 77' lang='grc' dir='ltr'><strong><em>οῧδενός</em></strong></span> <span class='ocrx_word' id='word_1_7' title='bbox 287 258 527 299; x_wconf 79' lang='grc' dir='ltr'><strong><em>πλεονεκτῶν</em></strong></span> <span class='ocrx_word' id='word_1_8' title='bbox 556 253 583 310; x_wconf 82' lang='grc' dir='ltr'>ἢ</span> <span class='ocrx_word' id='word_1_9' title='bbox 615 252 905 309; x_wconf 71' lang='grc' dir='ltr'><strong><em>ἐλασσούμενος</em></strong></span> <span class='ocrx_word' id='word_1_10' title='bbox 935 252 1145 296; x_wconf 82' lang='grc' dir='ltr'><strong><em>δείκνυται.</em></strong></span> <span class='ocrx_word' id='word_1_11' title='bbox 1212 248 1359 306; x_wconf 76' lang='grc' dir='ltr'><strong><em>ὅμοίως</em></strong></span> <span class='ocrx_word' id='word_1_12' title='bbox 1380 249 1453 305; x_wconf 82' lang='grc' dir='ltr'><strong><em>,ιιέν</em></strong></span> <span class='ocrx_word' id='word_1_13' title='bbox 1473 252 1553 309; x_wconf 71' lang='grc' dir='ltr'><strong><em>γὰρ</em></strong></span> 
     </span>
     <span class='ocr_line' id='line_1_3' title="bbox 102 318 1554 382; baseline -0.006 -11"><span class='ocrx_word' id='word_1_14' title='bbox 102 325 286 382; x_wconf 70' lang='grc' dir='ltr'><strong><em>ἑκάτερος</em></strong></span> <span class='ocrx_word' id='word_1_15' title='bbox 314 329 364 381; x_wconf 83' lang='grc' dir='ltr'><strong><em>τῇ</em></strong></span> <span class='ocrx_word' id='word_1_16' title='bbox 396 324 513 380; x_wconf 65' lang='grc' dir='ltr'><strong><em>αἴγλῃ</em></strong></span> <span class='ocrx_word' id='word_1_17' title='bbox 540 327 621 366; x_wconf 89' lang='grc' dir='ltr'><strong><em>τῶν</em></strong></span> <span class='ocrx_word' id='word_1_18' title='bbox 649 326 776 367; x_wconf 86' lang='grc' dir='ltr'><strong><em>λίθων</em></strong></span> <span class='ocrx_word' id='word_1_19' title='bbox 806 320 1126 380; x_wconf 80' lang='grc' dir='ltr'><strong><em>ὖπεραστράπτει</em></strong></span> <span class='ocrx_word' id='word_1_20' title='bbox 1154 319 1225 363; x_wconf 83' lang='grc' dir='ltr'><strong><em>τὸν</em></strong></span> <span class='ocrx_word' id='word_1_21' title='bbox 1243 320 1370 375; x_wconf 77' lang='grc' dir='ltr'><strong><em>ἥλιον,</em></strong></span> <span class='ocrx_word' id='word_1_22' title='bbox 1406 318 1554 374; x_wconf 84' lang='grc' dir='ltr'><strong><em>ὁμοίως</em></strong></span> 
     </span>
     <span class='ocr_line' id='line_1_4' title="bbox 101 390 1554 452; baseline -0.006 -14"><span class='ocrx_word' id='word_1_23' title='bbox 101 395 151 440; x_wconf 65' lang='grc' dir='ltr'><strong><em>δὲ</em></strong></span> <span class='ocrx_word' id='word_1_24' title='bbox 162 397 314 450; x_wconf 77' lang='grc' dir='ltr'><strong><em>χρυσοῦ</em></strong></span> <span class='ocrx_word' id='word_1_25' title='bbox 333 394 541 452; x_wconf 66' lang='grc' dir='ltr'><strong><em>περιουσία</em></strong></span> <span class='ocrx_word' id='word_1_26' title='bbox 563 390 791 446; x_wconf 76' lang='grc' dir='ltr'><em>πανταχόθι</em></span> <span class='ocrx_word' id='word_1_27' title='bbox 809 390 1036 448; x_wconf 80' lang='grc' dir='ltr'><strong><em>κατακορής</em></strong></span> <span class='ocrx_word' id='word_1_28' title='bbox 1054 391 1137 434; x_wconf 78' lang='grc' dir='ltr'><strong><em>ε’στι</em></strong></span> <span class='ocrx_word' id='word_1_29' title='bbox 1155 391 1223 432; x_wconf 85' lang='grc' dir='ltr'><strong><em>καὶ</em></strong></span> <span class='ocrx_word' id='word_1_30' title='bbox 1239 393 1449 448; x_wconf 75' lang='grc' dir='ltr'><strong><em>κατακομᾷ</em></strong></span> <span class='ocrx_word' id='word_1_31' title='bbox 1469 394 1554 438; x_wconf 78' lang='grc' dir='ltr'><strong><em>τοῖς</em></strong></span> 
     </span>
     <span class='ocr_line' id='line_1_5' title="bbox 99 457 1553 516; baseline -0.004 -12"><span class='ocrx_word' id='word_1_32' title='bbox 99 460 372 516; x_wconf 73' lang='grc' dir='ltr'><strong><em>ἅκαθήμασιν.</em></strong></span> <span class='ocrx_word' id='word_1_33' title='bbox 441 460 497 503; x_wconf 72' lang='grc' dir='ltr'><strong><em>ἑνὶ</em></strong></span> <span class='ocrx_word' id='word_1_34' title='bbox 524 462 659 514; x_wconf 80' lang='grc' dir='ltr'><strong><em>μέντοι</em></strong></span> <span class='ocrx_word' id='word_1_35' title='bbox 683 459 970 503; x_wconf 75' lang='grc' dir='ltr'><strong><em>διαλλάσσουσι</em></strong></span> <span class='ocrx_word' id='word_1_36' title='bbox 993 457 1118 516; x_wconf 83' lang='grc' dir='ltr'>μόνῳ.</span> <span class='ocrx_word' id='word_1_37' title='bbox 1184 459 1230 501; x_wconf 86' lang='grc' dir='ltr'><strong><em>τὸ</em></strong></span> <span class='ocrx_word' id='word_1_38' title='bbox 1261 459 1335 512; x_wconf 78' lang='grc' dir='ltr'><strong><em>μὲν</em></strong></span> <span class='ocrx_word' id='word_1_39' title='bbox 1362 457 1440 514; x_wconf 76' lang='grc' dir='ltr'><strong><em>γὰρ</em></strong></span> <span class='ocrx_word' id='word_1_40' title='bbox 1469 461 1553 511; x_wconf 85' lang='grc' dir='ltr'><strong><em>μῆ·-</em></strong></span> 
     </span>
    </p>

    <p class='ocr_par' dir='ltr' id='par_1_3' title="bbox 64 526 1692 859">
     <span class='ocr_line' id='line_1_6' title="bbox 64 526 1553 587; baseline -0.004 -14"><span class='ocrx_word' id='word_1_41' title='bbox 64 538 170 580; x_wconf 73' lang='grc' dir='ltr'><strong><em>ὄκος</em></strong></span> <span class='ocrx_word' id='word_1_42' title='bbox 199 530 335 572; x_wconf 81' lang='grc' dir='ltr'><strong><em>αῧτοΐν</em></strong></span> <span class='ocrx_word' id='word_1_43' title='bbox 370 534 426 587; x_wconf 75' lang='grc' dir='ltr'><strong><em>τῷ</em></strong></span> <span class='ocrx_word' id='word_1_44' title='bbox 456 531 529 583; x_wconf 79' lang='grc' dir='ltr'><strong><em>μὲν</em></strong></span> <span class='ocrx_word' id='word_1_45' title='bbox 561 529 654 571; x_wconf 74' lang='grc' dir='ltr'><strong><em>κατ’</em></strong></span> <span class='ocrx_word' id='word_1_46' title='bbox 690 528 792 572; x_wconf 74' lang='grc' dir='ltr'><strong><em>εὐθὺ</em></strong></span> <span class='ocrx_word' id='word_1_47' title='bbox 823 527 1122 582; x_wconf 75' lang='grc' dir='ltr'><strong><em>διαπεπόνηται,</em></strong></span> <span class='ocrx_word' id='word_1_48' title='bbox 1158 531 1215 585; x_wconf 76' lang='grc' dir='ltr'><strong><em>τῷ</em></strong></span> <span class='ocrx_word' id='word_1_49' title='bbox 1242 528 1285 569; x_wconf 83' lang='grc' dir='ltr'><strong><em>δὲ</em></strong></span> <span class='ocrx_word' id='word_1_50' title='bbox 1312 526 1349 569; x_wconf 80' lang='grc' dir='ltr'><strong><em>οἱ</em></strong></span> <span class='ocrx_word' id='word_1_51' title='bbox 1369 528 1495 576; x_wconf 90' lang='grc' dir='ltr'><strong><em>κίονες</em></strong></span> <span class='ocrx_word' id='word_1_52' title='bbox 1512 527 1553 567; x_wconf 73' lang='grc' dir='ltr'><strong><em>ἓν</em></strong></span> 
     </span>
     <span class='ocr_line' id='line_1_7' title="bbox 97 592 1603 655; baseline -0.001 -15"><span class='ocrx_word' id='word_1_53' title='bbox 97 595 302 655; x_wconf 73' lang='grc' dir='ltr'><strong><em>ἦμικῦκλῳ</em></strong></span> <span class='ocrx_word' id='word_1_54' title='bbox 327 598 371 639; x_wconf 75' lang='grc' dir='ltr'><strong><em>ἐκ</em></strong></span> <span class='ocrx_word' id='word_1_55' title='bbox 393 603 465 640; x_wconf 84' lang='grc' dir='ltr'><strong><em>τοῦ</em></strong></span> <span class='ocrx_word' id='word_1_56' title='bbox 496 598 742 640; x_wconf 68' lang='grc' dir='ltr'><strong><em>ε’πιπλεῖστον</em></strong></span> <span class='ocrx_word' id='word_1_57' title='bbox 771 595 942 639; x_wconf 72' lang='grc' dir='ltr'><strong><em>ἑστᾶσιν.</em></strong></span> <span class='ocrx_word' id='word_1_58' title='bbox 1011 596 1094 639; x_wconf 65' lang='grc' dir='ltr'><strong><em>ἔστι</em></strong></span> <span class='ocrx_word' id='word_1_59' title='bbox 1121 597 1163 638; x_wconf 81' lang='grc' dir='ltr'><strong><em>δὲ</em></strong></span> <span class='ocrx_word' id='word_1_60' title='bbox 1187 596 1323 646; x_wconf 74' lang='grc' dir='ltr'><strong><em>αὐτοῖς</em></strong></span> <span class='ocrx_word' id='word_1_61' title='bbox 1341 597 1414 649; x_wconf 89' lang='grc' dir='ltr'><strong><em>μιά</em></strong></span> <span class='ocrx_word' id='word_1_62' title='bbox 1436 592 1551 649; x_wconf 80' lang='grc' dir='ltr'><strong><em>μὲνῆ</em></strong></span> <span class='ocrx_word' id='word_1_63' title='bbox 1573 603 1603 638; x_wconf 88' lang='lat' dir='ltr'>C</span> 
     </span>
     <span class='ocr_line' id='line_1_8' title="bbox 98 663 1692 724; baseline 0.001 -16"><span class='ocrx_word' id='word_1_64' title='bbox 98 666 162 709; x_wconf 67' lang='grc' dir='ltr'><strong><em>ἐπὶ</em></strong></span> <span class='ocrx_word' id='word_1_65' title='bbox 179 670 260 708; x_wconf 82' lang='grc' dir='ltr'><strong><em>τῶν</em></strong></span> <span class='ocrx_word' id='word_1_66' title='bbox 279 665 500 724; x_wconf 80' lang='grc' dir='ltr'><strong><em>προθύρων</em></strong></span> <span class='ocrx_word' id='word_1_67' title='bbox 518 667 618 708; x_wconf 81' lang='grc' dir='ltr'><strong><em>στοὰ</em></strong></span> <span class='ocrx_word' id='word_1_68' title='bbox 635 667 696 708; x_wconf 73' lang='grc' dir='ltr'><strong><em>ε’πὶ</em></strong></span> <span class='ocrx_word' id='word_1_69' title='bbox 715 670 787 708; x_wconf 85' lang='grc' dir='ltr'><strong><em>τοῦ</em></strong></span> <span class='ocrx_word' id='word_1_70' title='bbox 805 663 1011 721; x_wconf 74' lang='grc' dir='ltr'><strong><em>νάρθηκος</em></strong></span> <span class='ocrx_word' id='word_1_71' title='bbox 1026 669 1084 722; x_wconf 78' lang='grc' dir='ltr'><strong><em>τῷ</em></strong></span> <span class='ocrx_word' id='word_1_72' title='bbox 1100 663 1321 722; x_wconf 79' lang='grc' dir='ltr'><strong><em>περιμήκης</em></strong></span> <span class='ocrx_word' id='word_1_73' title='bbox 1337 663 1433 706; x_wconf 76' lang='grc' dir='ltr'><strong><em>εἶναι</em></strong></span> <span class='ocrx_word' id='word_1_74' title='bbox 1451 664 1553 706; x_wconf 79' lang='grc' dir='ltr'><strong><em>ιῦνο-</em></strong></span> <span class='ocrx_word' id='word_1_75' title='bbox 1576 673 1604 709; x_wconf 92' lang='lat' dir='ltr'>V</span> <span class='ocrx_word' id='word_1_76' title='bbox 1625 674 1692 709; x_wconf 85' lang='lat'><strong><em>401</em></strong></span> 
     </span>
     <span class='ocr_line' id='line_1_9' title="bbox 96 732 1554 790; baseline -0.001 -14"><span class='ocrx_word' id='word_1_77' title='bbox 96 734 295 789; x_wconf 70' lang='grc' dir='ltr'><strong><em>μασμένη.</em></strong></span> <span class='ocrx_word' id='word_1_78' title='bbox 365 735 428 776; x_wconf 83' lang='grc' dir='ltr'><strong><em>ε’πὶ</em></strong></span> <span class='ocrx_word' id='word_1_79' title='bbox 459 739 592 788; x_wconf 79' lang='grc' dir='ltr'><strong><em>κοινῆς</em></strong></span> <span class='ocrx_word' id='word_1_80' title='bbox 620 734 663 776; x_wconf 75' lang='grc' dir='ltr'><strong><em>δὲ</em></strong></span> <span class='ocrx_word' id='word_1_81' title='bbox 693 732 921 790; x_wconf 76' lang='grc' dir='ltr'><strong><em>προπύλαια</em></strong></span> <span class='ocrx_word' id='word_1_82' title='bbox 955 732 1110 784; x_wconf 81' lang='grc' dir='ltr'><strong><em>πάντα,</em></strong></span> <span class='ocrx_word' id='word_1_83' title='bbox 1144 733 1172 787; x_wconf 78' lang='grc' dir='ltr'><em>ἣ</em></span> <span class='ocrx_word' id='word_1_84' title='bbox 1202 751 1244 775; x_wconf 82' lang='grc' dir='ltr'><strong><em>τε</em></strong></span> <span class='ocrx_word' id='word_1_85' title='bbox 1269 733 1372 787; x_wconf 71' lang='grc' dir='ltr'><strong><em>αὐλὴ</em></strong></span> <span class='ocrx_word' id='word_1_86' title='bbox 1397 735 1461 774; x_wconf 81' lang='grc' dir='ltr'><strong><em>καὶ</em></strong></span> <span class='ocrx_word' id='word_1_87' title='bbox 1480 732 1554 786; x_wconf 78' lang='grc' dir='ltr'><strong><em>με’-</em></strong></span> 
     </span>
     <span class='ocr_line' id='line_1_10' title="bbox 97 800 1553 859; baseline -0.001 -13"><span class='ocrx_word' id='word_1_88' title='bbox 97 805 240 846; x_wconf 87' lang='grc' dir='ltr'><strong><em>σαυλοι</em></strong></span> <span class='ocrx_word' id='word_1_89' title='bbox 269 800 399 859; x_wconf 78' lang='grc' dir='ltr'><strong><em>θῦραι</em></strong></span> <span class='ocrx_word' id='word_1_90' title='bbox 425 804 492 845; x_wconf 83' lang='grc' dir='ltr'><strong><em>καὶ</em></strong></span> <span class='ocrx_word' id='word_1_91' title='bbox 522 803 567 845; x_wconf 86' lang='grc' dir='ltr'><strong><em>τὸ</em></strong></span> <span class='ocrx_word' id='word_1_92' title='bbox 595 800 806 859; x_wconf 77' lang='grc' dir='ltr'><strong><em>προσήκειν</em></strong></span> <span class='ocrx_word' id='word_1_93' title='bbox 827 809 911 852; x_wconf 84' lang='grc' dir='ltr'><strong><em>τοῖς</em></strong></span> <span class='ocrx_word' id='word_1_94' title='bbox 934 803 1164 855; x_wconf 86' lang='grc' dir='ltr'><strong><em>βασιλείοις.</em></strong></span> <span class='ocrx_word' id='word_1_95' title='bbox 1234 801 1340 844; x_wconf 73' lang='grc' dir='ltr'><strong><em>οὕτω</em></strong></span> <span class='ocrx_word' id='word_1_96' title='bbox 1362 802 1406 842; x_wconf 82' lang='grc' dir='ltr'><strong><em>δὲ</em></strong></span> <span class='ocrx_word' id='word_1_97' title='bbox 1426 800 1553 858; x_wconf 77' lang='grc' dir='ltr'><strong><em>ἄμφω</em></strong></span> 
     </span>
    </p>

    <p class='ocr_par' dir='ltr' id='par_1_4' title="bbox 44 868 1554 1064">
     <span class='ocr_line' id='line_1_11' title="bbox 44 868 1554 928; baseline -0.004 -11"><span class='ocrx_word' id='word_1_98' title='bbox 44 870 256 926; x_wconf 68' lang='grc' dir='ltr'><strong><em>Ιοᾶγαστιὶ</em></strong></span> <span class='ocrx_word' id='word_1_99' title='bbox 283 871 336 913; x_wconf 81' lang='grc' dir='ltr'><strong><em>τὰ</em></strong></span> <span class='ocrx_word' id='word_1_100' title='bbox 362 871 450 928; x_wconf 74' lang='grc' dir='ltr'><strong><em>ἱερὰ</em></strong></span> <span class='ocrx_word' id='word_1_101' title='bbox 476 869 576 914; x_wconf 76' lang='grc' dir='ltr'><strong><em>τάδε</em></strong></span> <span class='ocrx_word' id='word_1_102' title='bbox 600 873 805 925; x_wconf 78' lang='grc' dir='ltr'><strong><em>ξυμβαίνει</em></strong></span> <span class='ocrx_word' id='word_1_103' title='bbox 833 869 930 913; x_wconf 78' lang='grc' dir='ltr'><strong><em>εἶναι</em></strong></span> <span class='ocrx_word' id='word_1_104' title='bbox 963 869 1064 913; x_wconf 77' lang='grc' dir='ltr'><strong><em>ὥστε</em></strong></span> <span class='ocrx_word' id='word_1_105' title='bbox 1091 873 1300 927; x_wconf 68' lang='grc' dir='ltr'><strong><em>διαφανῶς</em></strong></span> <span class='ocrx_word' id='word_1_106' title='bbox 1321 874 1394 923; x_wconf 76' lang='grc' dir='ltr'><strong><em>τῆς</em></strong></span> <span class='ocrx_word' id='word_1_107' title='bbox 1415 887 1456 911; x_wconf 88' lang='grc' dir='ltr'><strong><em>τε</em></strong></span> <span class='ocrx_word' id='word_1_108' title='bbox 1477 868 1554 911; x_wconf 89' lang='grc' dir='ltr'><strong><em>πό-</em></strong></span> 
     </span>
     <span class='ocr_line' id='line_1_12' title="bbox 97 936 1553 995; baseline -0.002 -13"><span class='ocrx_word' id='word_1_109' title='bbox 97 943 197 990; x_wconf 84' lang='grc' dir='ltr'><strong><em>λεως</em></strong></span> <span class='ocrx_word' id='word_1_110' title='bbox 226 939 322 994; x_wconf 81' lang='grc' dir='ltr'><strong><em>ὅλης</em></strong></span> <span class='ocrx_word' id='word_1_111' title='bbox 347 941 414 982; x_wconf 86' lang='grc' dir='ltr'><strong><em>καὶ</em></strong></span> <span class='ocrx_word' id='word_1_112' title='bbox 445 940 519 994; x_wconf 75' lang='grc' dir='ltr'><strong><em>οὐχ</em></strong></span> <span class='ocrx_word' id='word_1_113' title='bbox 545 938 691 995; x_wconf 81' lang='grc' dir='ltr'><strong><em>ἥκιστα</em></strong></span> <span class='ocrx_word' id='word_1_114' title='bbox 707 944 786 983; x_wconf 85' lang='grc' dir='ltr'><strong><em>τῶν</em></strong></span> <span class='ocrx_word' id='word_1_115' title='bbox 807 941 1020 994; x_wconf 85' lang='grc' dir='ltr'><strong><em>βασιλείων</em></strong></span> <span class='ocrx_word' id='word_1_116' title='bbox 1043 937 1351 995; x_wconf 75' lang='grc' dir='ltr'><strong><em>ἐγκαλλώπισμα</em></strong></span> <span class='ocrx_word' id='word_1_117' title='bbox 1370 936 1553 993; x_wconf 76' lang='grc' dir='ltr'><strong><em>τυγχάνει</em></strong></span> 
     </span>
     <span class='ocr_line' id='line_1_13' title="bbox 96 1005 205 1064; baseline -0.009 -14"><span class='ocrx_word' id='word_1_118' title='bbox 96 1005 205 1064; x_wconf 75' lang='grc' dir='ltr'><strong><em>ὄντα.</em></strong></span> 
     </span>
    </p>

    <p class='ocr_par' dir='ltr' id='par_1_5' title="bbox 43 1073 1608 1543">
     <span class='ocr_line' id='line_1_14' title="bbox 231 1073 1555 1132; baseline -0.002 -13"><span class='ocrx_word' id='word_1_119' title='bbox 231 1075 356 1120; x_wconf 63' lang='lat' dir='ltr'>Mer&amp;</span> <span class='ocrx_word' id='word_1_120' title='bbox 384 1075 428 1118; x_wconf 76' lang='grc' dir='ltr'><strong><em>δὲ</em></strong></span> <span class='ocrx_word' id='word_1_121' title='bbox 461 1077 527 1119; x_wconf 83' lang='grc' dir='ltr'><strong><em>καὶ</em></strong></span> <span class='ocrx_word' id='word_1_122' title='bbox 557 1076 651 1126; x_wconf 82' lang='grc' dir='ltr'><strong><em>τοὺς</em></strong></span> <span class='ocrx_word' id='word_1_123' title='bbox 686 1074 936 1126; x_wconf 80' lang='grc' dir='ltr'><strong><em>ἀποστόλους</em></strong></span> <span class='ocrx_word' id='word_1_124' title='bbox 974 1074 1153 1126; x_wconf 82' lang='grc' dir='ltr'><strong><em>ἅπαντας</em></strong></span> <span class='ocrx_word' id='word_1_125' title='bbox 1181 1073 1398 1132; x_wconf 72' lang='grc' dir='ltr'><strong><em>ὑπερφυῶς</em></strong></span> <span class='ocrx_word' id='word_1_126' title='bbox 1425 1075 1555 1129; x_wconf 73' lang='grc' dir='ltr'><strong><em>σέβων</em></strong></span> 
     </span>
     <span class='ocr_line' id='line_1_15' title="bbox 96 1139 1556 1202; baseline -0.001 -17"><span class='ocrx_word' id='word_1_127' title='bbox 96 1142 216 1187; x_wconf 65' lang='grc' dir='ltr'><strong><em>ἐποίει</em></strong></span> <span class='ocrx_word' id='word_1_128' title='bbox 246 1143 393 1187; x_wconf 80' lang='grc' dir='ltr'><strong><em>τοιάδε.</em></strong></span> <span class='ocrx_word' id='word_1_129' title='bbox 460 1139 510 1199; x_wconf 69' lang='grc' dir='ltr'><strong><em>ἦν</em></strong></span> <span class='ocrx_word' id='word_1_130' title='bbox 539 1162 599 1195; x_wconf 89' lang='grc' dir='ltr'><strong><em>τις</em></strong></span> <span class='ocrx_word' id='word_1_131' title='bbox 625 1147 665 1187; x_wconf 73' lang='grc' dir='ltr'><strong><em>ἓν</em></strong></span> <span class='ocrx_word' id='word_1_132' title='bbox 694 1146 901 1202; x_wconf 76' lang='grc' dir='ltr'><strong><em>Βυζαντίῳ</em></strong></span> <span class='ocrx_word' id='word_1_133' title='bbox 927 1146 969 1186; x_wconf 76' lang='grc' dir='ltr'><strong><em>ἐκ</em></strong></span> <span class='ocrx_word' id='word_1_134' title='bbox 999 1148 1174 1186; x_wconf 85' lang='grc' dir='ltr'><strong><em>παλαιοῦ</em></strong></span> <span class='ocrx_word' id='word_1_135' title='bbox 1202 1151 1286 1194; x_wconf 80' lang='grc' dir='ltr'><strong><em>τοῖς</em></strong></span> <span class='ocrx_word' id='word_1_136' title='bbox 1317 1143 1556 1192; x_wconf 84' lang='grc' dir='ltr'><strong><em>ἀποστόλοις</em></strong></span> 
     </span>
     <span class='ocr_line' id='line_1_16' title="bbox 43 1211 1608 1269; baseline -0.001 -13"><span class='ocrx_word' id='word_1_137' title='bbox 43 1219 87 1257; x_wconf 81' lang='lat'><strong><em>15</em></strong></span> <span class='ocrx_word' id='word_1_138' title='bbox 98 1212 195 1262; x_wconf 76' lang='grc' dir='ltr'><strong><em>νεὼς</em></strong></span> <span class='ocrx_word' id='word_1_139' title='bbox 216 1212 362 1255; x_wconf 83' lang='grc' dir='ltr'><strong><em>ἅπασι·</em></strong></span> <span class='ocrx_word' id='word_1_140' title='bbox 391 1211 509 1268; x_wconf 83' lang='grc' dir='ltr'><strong><em>μήκει</em></strong></span> <span class='ocrx_word' id='word_1_141' title='bbox 531 1214 574 1255; x_wconf 79' lang='grc' dir='ltr'><strong><em>δὲ</em></strong></span> <span class='ocrx_word' id='word_1_142' title='bbox 589 1211 738 1269; x_wconf 75' lang='grc' dir='ltr'><strong><em>χρόνον</em></strong></span> <span class='ocrx_word' id='word_1_143' title='bbox 762 1214 1043 1262; x_wconf 82' lang='grc' dir='ltr'><strong><em>κατασεισθεὶς</em></strong></span> <span class='ocrx_word' id='word_1_144' title='bbox 1072 1212 1149 1266; x_wconf 67' lang='grc' dir='ltr'><strong><em>ἤδη</em></strong></span> <span class='ocrx_word' id='word_1_145' title='bbox 1182 1214 1248 1253; x_wconf 82' lang='grc' dir='ltr'><strong><em>καὶ</em></strong></span> <span class='ocrx_word' id='word_1_146' title='bbox 1278 1212 1378 1267; x_wconf 80' lang='grc' dir='ltr'><strong><em>πρὸς</em></strong></span> <span class='ocrx_word' id='word_1_147' title='bbox 1402 1212 1447 1253; x_wconf 83' lang='grc' dir='ltr'><strong><em>τὸ</em></strong></span> <span class='ocrx_word' id='word_1_148' title='bbox 1473 1229 1553 1266; x_wconf 85' lang='grc' dir='ltr'><strong><em>μη·</em></strong></span> <span class='ocrx_word' id='word_1_149' title='bbox 1575 1221 1608 1255; x_wconf 93' lang='lat' dir='ltr'>D</span> 
     </span>
     <span class='ocr_line' id='line_1_17' title="bbox 98 1278 1556 1336; baseline -0.001 -14"><span class='ocrx_word' id='word_1_150' title='bbox 98 1281 181 1322; x_wconf 85' lang='grc' dir='ltr'><strong><em>κε’τι</em></strong></span> <span class='ocrx_word' id='word_1_151' title='bbox 212 1278 387 1333; x_wconf 71' lang='grc' dir='ltr'><strong><em>ἕστήξειν</em></strong></span> <span class='ocrx_word' id='word_1_152' title='bbox 415 1282 583 1336; x_wconf 78' lang='grc' dir='ltr'><strong><em>γεγονὼς</em></strong></span> <span class='ocrx_word' id='word_1_153' title='bbox 611 1280 800 1331; x_wconf 71' lang='grc' dir='ltr'><strong><em>ὕποπτος.</em></strong></span> <span class='ocrx_word' id='word_1_154' title='bbox 886 1286 1027 1323; x_wconf 77' lang='grc' dir='ltr'><strong><em>τοῦτον</em></strong></span> <span class='ocrx_word' id='word_1_155' title='bbox 1052 1281 1243 1336; x_wconf 74' lang='grc' dir='ltr'><strong><em>περιελὼν</em></strong></span> <span class='ocrx_word' id='word_1_156' title='bbox 1270 1279 1556 1329; x_wconf 81' lang='grc' dir='ltr'><strong><em>Ἰουστινιανὺς</em></strong></span> 
     </span>
     <span class='ocr_line' id='line_1_18' title="bbox 96 1348 1554 1403; baseline 0.001 -14"><span class='ocrx_word' id='word_1_157' title='bbox 96 1349 288 1402; x_wconf 80' lang='grc' dir='ltr'><strong><em>βασιλεὺς</em></strong></span> <span class='ocrx_word' id='word_1_158' title='bbox 317 1348 411 1390; x_wconf 80' lang='grc' dir='ltr'><strong><em>ὅλον</em></strong></span> <span class='ocrx_word' id='word_1_159' title='bbox 442 1349 516 1403; x_wconf 80' lang='grc' dir='ltr'><strong><em>οὐχ</em></strong></span> <span class='ocrx_word' id='word_1_160' title='bbox 543 1348 636 1390; x_wconf 80' lang='grc' dir='ltr'><strong><em>ὅσον</em></strong></span> <span class='ocrx_word' id='word_1_161' title='bbox 667 1348 975 1391; x_wconf 74' lang='grc' dir='ltr'><strong><em>ἀνανεώσασθαι</em></strong></span> <span class='ocrx_word' id='word_1_162' title='bbox 1003 1349 1071 1390; x_wconf 84' lang='grc' dir='ltr'><strong><em>διὰ</em></strong></span> <span class='ocrx_word' id='word_1_163' title='bbox 1102 1350 1279 1402; x_wconf 81' lang='grc' dir='ltr'><strong><em>σπουδῆς</em></strong></span> <span class='ocrx_word' id='word_1_164' title='bbox 1298 1348 1422 1402; x_wconf 73' lang='grc' dir='ltr'><strong><em>ἔσχεν,</em></strong></span> <span class='ocrx_word' id='word_1_165' title='bbox 1450 1348 1554 1390; x_wconf 81' lang='grc' dir='ltr'><strong><em>ἀλλὰ</em></strong></span> 
     </span>
     <span class='ocr_line' id='line_1_19' title="bbox 97 1415 1554 1473; baseline 0 -15"><span class='ocrx_word' id='word_1_166' title='bbox 97 1417 165 1458; x_wconf 75' lang='grc' dir='ltr'><strong><em>καὶ</em></strong></span> <span class='ocrx_word' id='word_1_167' title='bbox 191 1418 389 1472; x_wconf 73' lang='grc' dir='ltr'><strong><em>μεγέθους</em></strong></span> <span class='ocrx_word' id='word_1_168' title='bbox 415 1418 483 1458; x_wconf 82' lang='grc' dir='ltr'><strong><em>καὶ</em></strong></span> <span class='ocrx_word' id='word_1_169' title='bbox 511 1415 685 1466; x_wconf 82' lang='grc' dir='ltr'><strong><em>κάλλους</em></strong></span> <span class='ocrx_word' id='word_1_170' title='bbox 702 1418 792 1473; x_wconf 77' lang='grc' dir='ltr'><strong><em>πέρι</em></strong></span> <span class='ocrx_word' id='word_1_171' title='bbox 813 1415 1026 1473; x_wconf 79' lang='grc' dir='ltr'><strong><em>ἀξιώτερον</em></strong></span> <span class='ocrx_word' id='word_1_172' title='bbox 1046 1416 1396 1470; x_wconf 73' lang='grc' dir='ltr'><strong><em>καταστήσασθαι.</em></strong></span> <span class='ocrx_word' id='word_1_173' title='bbox 1464 1418 1554 1458; x_wconf 80' lang='grc' dir='ltr'><strong><em>ε’πε-</em></strong></span> 
     </span>
     <span class='ocr_line' id='line_1_20' title="bbox 96 1483 1556 1543; baseline 0.001 -18"><span class='ocrx_word' id='word_1_174' title='bbox 96 1484 227 1528; x_wconf 77' lang='grc' dir='ltr'><strong><em>τέλεσε</em></strong></span> <span class='ocrx_word' id='word_1_175' title='bbox 253 1485 296 1527; x_wconf 74' lang='grc' dir='ltr'><strong><em>δὲ</em></strong></span> <span class='ocrx_word' id='word_1_176' title='bbox 315 1484 362 1528; x_wconf 82' lang='grc' dir='ltr'><strong><em>τὸ</em></strong></span> <span class='ocrx_word' id='word_1_177' title='bbox 383 1483 628 1538; x_wconf 83' lang='grc' dir='ltr'><strong><em>σπούδασμα</em></strong></span> <span class='ocrx_word' id='word_1_178' title='bbox 649 1483 785 1542; x_wconf 80' lang='grc' dir='ltr'><strong><em>τρόπῳ</em></strong></span> <span class='ocrx_word' id='word_1_179' title='bbox 806 1487 959 1543; x_wconf 76' lang='grc' dir='ltr'><strong><em>τοιῷδε.</em></strong></span> <span class='ocrx_word' id='word_1_180' title='bbox 1008 1485 1163 1527; x_wconf 71' lang='grc' dir='ltr'><strong><em>εὐθεῖαι</em></strong></span> <span class='ocrx_word' id='word_1_181' title='bbox 1185 1487 1431 1540; x_wconf 73' lang='grc' dir='ltr'><strong><em>συνημμέναι</em></strong></span> <span class='ocrx_word' id='word_1_182' title='bbox 1451 1485 1556 1527; x_wconf 81' lang='grc' dir='ltr'><strong><em>κατὰ</em></strong></span> 
     </span>
    </p>

    <p class='ocr_par' dir='ltr' id='par_1_6' title="bbox 43 1547 1676 1870">
     <span class='ocr_line' id='line_1_21' title="bbox 43 1547 1556 1610; baseline -0.001 -13"><span class='ocrx_word' id='word_1_183' title='bbox 43 1547 232 1606; x_wconf 66' lang='grc' dir='ltr'><strong><em>ξθμέσον</em></strong></span> <span class='ocrx_word' id='word_1_184' title='bbox 248 1552 442 1608; x_wconf 81' lang='grc' dir='ltr'><strong><em>ἀλλήλαιν</em></strong></span> <span class='ocrx_word' id='word_1_185' title='bbox 471 1554 533 1594; x_wconf 74' lang='grc' dir='ltr'><strong><em>ἐπὶ</em></strong></span> <span class='ocrx_word' id='word_1_186' title='bbox 555 1558 731 1610; x_wconf 81' lang='grc' dir='ltr'><strong><em>σταυροῦ</em></strong></span> <span class='ocrx_word' id='word_1_187' title='bbox 749 1552 955 1608; x_wconf 81' lang='grc' dir='ltr'><strong><em>σχήματος</em></strong></span> <span class='ocrx_word' id='word_1_188' title='bbox 975 1555 1205 1607; x_wconf 74' lang='grc' dir='ltr'><strong><em>πεποίηνται</em></strong></span> <span class='ocrx_word' id='word_1_189' title='bbox 1228 1554 1315 1605; x_wconf 79' lang='grc' dir='ltr'><strong><em>δύο,</em></strong></span> <span class='ocrx_word' id='word_1_190' title='bbox 1349 1552 1462 1608; x_wconf 73' lang='grc' dir='ltr'><strong><em>ἡμὲν</em></strong></span> <span class='ocrx_word' id='word_1_191' title='bbox 1483 1555 1556 1610; x_wconf 67' lang='lat'><strong><em>‹39-</em></strong></span> 
     </span>
     <span class='ocr_line' id='line_1_22' title="bbox 98 1616 1556 1679; baseline 0.001 -16"><span class='ocrx_word' id='word_1_192' title='bbox 98 1621 158 1676; x_wconf 81' lang='grc' dir='ltr'><strong><em>θὴ</em></strong></span> <span class='ocrx_word' id='word_1_193' title='bbox 179 1621 280 1678; x_wconf 84' lang='grc' dir='ltr'><strong><em>πρὸς</em></strong></span> <span class='ocrx_word' id='word_1_194' title='bbox 304 1620 516 1675; x_wconf 77' lang='grc' dir='ltr'><strong><em>ἀνίσχοντά</em></strong></span> <span class='ocrx_word' id='word_1_195' title='bbox 544 1639 586 1664; x_wconf 87' lang='grc' dir='ltr'><strong><em>τε</em></strong></span> <span class='ocrx_word' id='word_1_196' title='bbox 614 1623 681 1663; x_wconf 88' lang='grc' dir='ltr'><strong><em>καὶ</em></strong></span> <span class='ocrx_word' id='word_1_197' title='bbox 712 1620 858 1664; x_wconf 80' lang='grc' dir='ltr'><strong><em>δύοντα</em></strong></span> <span class='ocrx_word' id='word_1_198' title='bbox 876 1621 945 1664; x_wconf 82' lang='grc' dir='ltr'><strong><em>τὸν</em></strong></span> <span class='ocrx_word' id='word_1_199' title='bbox 965 1622 1076 1676; x_wconf 76' lang='grc' dir='ltr'><strong><em>ἣλιον</em></strong></span> <span class='ocrx_word' id='word_1_200' title='bbox 1098 1616 1215 1673; x_wconf 74' lang='grc' dir='ltr'><strong><em>οὖσα,</em></strong></span> <span class='ocrx_word' id='word_1_201' title='bbox 1250 1624 1441 1679; x_wconf 72' lang='grc' dir='ltr'><strong><em>ἐγκαρσία</em></strong></span> <span class='ocrx_word' id='word_1_202' title='bbox 1463 1623 1506 1664; x_wconf 79' lang='grc' dir='ltr'><strong><em>δὲ</em></strong></span> <span class='ocrx_word' id='word_1_203' title='bbox 1530 1620 1556 1675; x_wconf 77' lang='grc' dir='ltr'>ἢ</span> 
     </span>
     <span class='ocr_line' id='line_1_23' title="bbox 98 1686 1558 1747; baseline 0.001 -16"><span class='ocrx_word' id='word_1_204' title='bbox 98 1686 218 1746; x_wconf 69' lang='grc' dir='ltr'><strong><em>ἑτέρα</em></strong></span> <span class='ocrx_word' id='word_1_205' title='bbox 239 1687 340 1747; x_wconf 87' lang='grc' dir='ltr'><strong><em>πρός</em></strong></span> <span class='ocrx_word' id='word_1_206' title='bbox 357 1707 398 1732; x_wconf 86' lang='grc' dir='ltr'><strong><em>τε</em></strong></span> <span class='ocrx_word' id='word_1_207' title='bbox 425 1689 571 1747; x_wconf 73' lang='grc' dir='ltr'><strong><em>ἄρκτον</em></strong></span> <span class='ocrx_word' id='word_1_208' title='bbox 588 1692 835 1746; x_wconf 75' lang='grc' dir='ltr'><strong><em>τετραμμένη</em></strong></span> <span class='ocrx_word' id='word_1_209' title='bbox 861 1692 928 1732; x_wconf 85' lang='grc' dir='ltr'><strong><em>καὶ</em></strong></span> <span class='ocrx_word' id='word_1_210' title='bbox 951 1690 1097 1744; x_wconf 77' lang='grc' dir='ltr'><strong><em>ἄνεμον</em></strong></span> <span class='ocrx_word' id='word_1_211' title='bbox 1119 1690 1246 1733; x_wconf 89' lang='grc' dir='ltr'><strong><em>νότον.</em></strong></span> <span class='ocrx_word' id='word_1_212' title='bbox 1315 1694 1463 1744; x_wconf 78' lang='grc' dir='ltr'><strong><em>τοίχοις</em></strong></span> <span class='ocrx_word' id='word_1_213' title='bbox 1485 1691 1558 1744; x_wconf 73' lang='grc' dir='ltr'><strong><em>μὲν</em></strong></span> 
     </span>
     <span class='ocr_line' id='line_1_24' title="bbox 98 1757 1676 1815; baseline 0.004 -16"><span class='ocrx_word' id='word_1_214' title='bbox 98 1757 143 1799; x_wconf 73' lang='grc' dir='ltr'><strong><em>ἐκ</em></strong></span> <span class='ocrx_word' id='word_1_215' title='bbox 165 1762 405 1815; x_wconf 80' lang='grc' dir='ltr'><strong><em>περιφεροῦς</em></strong></span> <span class='ocrx_word' id='word_1_216' title='bbox 422 1759 775 1815; x_wconf 75' lang='grc' dir='ltr'><strong><em>ἀποπεφραγμέναι</em></strong></span> <span class='ocrx_word' id='word_1_217' title='bbox 795 1759 847 1801; x_wconf 81' lang='grc' dir='ltr'><strong><em>τὰ</em></strong></span> <span class='ocrx_word' id='word_1_218' title='bbox 867 1757 1031 1810; x_wconf 70' lang='grc' dir='ltr'><strong><em>ἔξωθεν,</em></strong></span> <span class='ocrx_word' id='word_1_219' title='bbox 1066 1759 1175 1809; x_wconf 74' lang='grc' dir='ltr'><strong><em>ἐντὸς</em></strong></span> <span class='ocrx_word' id='word_1_220' title='bbox 1196 1761 1239 1801; x_wconf 78' lang='grc' dir='ltr'><strong><em>δὲ</em></strong></span> <span class='ocrx_word' id='word_1_221' title='bbox 1262 1758 1555 1815; x_wconf 86' lang='grc' dir='ltr'><strong><em>περιβαλλόμε-</em></strong></span> <span class='ocrx_word' id='word_1_222' title='bbox 1577 1770 1607 1804; x_wconf 89' lang='grc' dir='ltr'>Ρ</span> <span class='ocrx_word' id='word_1_223' title='bbox 1633 1772 1676 1805; x_wconf 82' lang='lat'><strong><em>14</em></strong></span> 
     </span>
     <span class='ocr_line' id='line_1_25' title="bbox 99 1825 1559 1870; baseline 0.002 -3"><span class='ocrx_word' id='word_1_224' title='bbox 99 1843 165 1868; x_wconf 85' lang='grc' dir='ltr'><strong><em>ναι</em></strong></span> <span class='ocrx_word' id='word_1_225' title='bbox 184 1828 310 1868; x_wconf 84' lang='grc' dir='ltr'><strong><em>κίοσιν</em></strong></span> <span class='ocrx_word' id='word_1_226' title='bbox 329 1826 411 1868; x_wconf 79' lang='grc' dir='ltr'><strong><em>ἄνω</em></strong></span> <span class='ocrx_word' id='word_1_227' title='bbox 438 1844 479 1869; x_wconf 91' lang='grc' dir='ltr'><strong><em>τε</em></strong></span> <span class='ocrx_word' id='word_1_228' title='bbox 501 1828 567 1868; x_wconf 85' lang='grc' dir='ltr'><strong><em>καὶ</em></strong></span> <span class='ocrx_word' id='word_1_229' title='bbox 591 1825 699 1869; x_wconf 80' lang='grc' dir='ltr'><strong><em>κάτω</em></strong></span> <span class='ocrx_word' id='word_1_230' title='bbox 723 1826 887 1870; x_wconf 70' lang='grc' dir='ltr'><strong><em>ἑστῶσι·</em></strong></span> <span class='ocrx_word' id='word_1_231' title='bbox 923 1828 1026 1870; x_wconf 82' lang='grc' dir='ltr'><strong><em>κατὰ</em></strong></span> <span class='ocrx_word' id='word_1_232' title='bbox 1056 1829 1099 1869; x_wconf 74' lang='grc' dir='ltr'><strong><em>δὲ</em></strong></span> <span class='ocrx_word' id='word_1_233' title='bbox 1129 1835 1217 1870; x_wconf 81' lang='grc' dir='ltr'><strong><em>ταῖν</em></strong></span> <span class='ocrx_word' id='word_1_234' title='bbox 1249 1830 1359 1870; x_wconf 75' lang='grc' dir='ltr'><strong><em>δυοῖν</em></strong></span> <span class='ocrx_word' id='word_1_235' title='bbox 1385 1829 1559 1870; x_wconf 72' lang='grc' dir='ltr'><strong><em>εὖθείαιν</em></strong></span> 
     </span>
    </p>
   </div>
   <div class='ocr_carea' id='block_1_3' title="bbox 189 1931 1559 1981">
    <p class='ocr_par' dir='ltr' id='par_1_7' title="bbox 189 1931 1559 1981">
     <span class='ocr_line' id='line_1_26' title="bbox 189 1931 1559 1981; baseline 0.002 -13"><span class='ocrx_word' id='word_1_236' title='bbox 189 1933 225 1968; x_wconf 87' lang='grc'><strong><em>8.</em></strong></span> <span class='ocrx_word' id='word_1_237' title='bbox 247 1931 435 1979; x_wconf 75' lang='grc' dir='ltr'><strong><em>μέσαυλοι]</em></strong></span> <span class='ocrx_word' id='word_1_238' title='bbox 459 1931 635 1978; x_wconf 85' lang='grc' dir='ltr'><strong><em>μέταυλοι</em></strong></span> <span class='ocrx_word' id='word_1_239' title='bbox 651 1935 772 1970; x_wconf 88' lang='lat' dir='ltr'>Tolos.</span> <span class='ocrx_word' id='word_1_240' title='bbox 917 1936 951 1970; x_wconf 88' lang='lat'><strong><em>9.</em></strong></span> <span class='ocrx_word' id='word_1_241' title='bbox 974 1934 1185 1981; x_wconf 79' lang='grc' dir='ltr'><strong><em>προσήκειν]</em></strong></span> <span class='ocrx_word' id='word_1_242' title='bbox 1207 1937 1417 1980; x_wconf 80' lang='grc' dir='ltr'><strong><em>προσοικεῖν</em></strong></span> <span class='ocrx_word' id='word_1_243' title='bbox 1437 1935 1559 1971; x_wconf 86' lang='lat' dir='ltr'>Tolos.</span> 
     </span>
    </p>
   </div>
   <div class='ocr_carea' id='block_1_4' title="bbox 72 2022 1560 2851">
    <p class='ocr_par' dir='ltr' id='par_1_8' title="bbox 72 2022 1560 2851">
     <span class='ocr_line' id='line_1_27' title="bbox 99 2022 1557 2072; baseline 0.002 -14"><span class='ocrx_word' id='word_1_244' title='bbox 99 2022 270 2069; x_wconf 70' lang='lat' dir='ltr'>mitudine,</span> <span class='ocrx_word' id='word_1_245' title='bbox 301 2025 410 2060; x_wconf 84' lang='lat' dir='ltr'>aliave</span> <span class='ocrx_word' id='word_1_246' title='bbox 433 2038 471 2060; x_wconf 90' lang='lat' dir='ltr'><strong><em>re</em></strong></span> <span class='ocrx_word' id='word_1_247' title='bbox 497 2026 650 2071; x_wconf 85' lang='lat' dir='ltr'>quapiam</span> <span class='ocrx_word' id='word_1_248' title='bbox 673 2030 823 2071; x_wconf 79' lang='lat' dir='ltr'><strong>praestat</strong></span> <span class='ocrx_word' id='word_1_249' title='bbox 847 2027 980 2061; x_wconf 79' lang='lat' dir='ltr'><strong>ceditve</strong></span> <span class='ocrx_word' id='word_1_250' title='bbox 1006 2027 1115 2060; x_wconf 77' lang='lat' dir='ltr'>alteri.</span> <span class='ocrx_word' id='word_1_251' title='bbox 1162 2027 1352 2072; x_wconf 86' lang='lat' dir='ltr'>Utrumque</span> <span class='ocrx_word' id='word_1_252' title='bbox 1381 2039 1422 2061; x_wconf 84' lang='lat' dir='ltr'><strong><em>ex</em></strong></span> <span class='ocrx_word' id='word_1_253' title='bbox 1449 2038 1557 2072; x_wconf 87' lang='lat' dir='ltr'>aequo</span> 
     </span>
     <span class='ocr_line' id='line_1_28' title="bbox 99 2069 1559 2118; baseline 0.003 -15"><span class='ocrx_word' id='word_1_254' title='bbox 99 2069 203 2104; x_wconf 83' lang='lat' dir='ltr'>solem</span> <span class='ocrx_word' id='word_1_255' title='bbox 230 2076 369 2116; x_wconf 80' lang='lat' dir='ltr'>superat</span> <span class='ocrx_word' id='word_1_256' title='bbox 392 2072 527 2116; x_wconf 81' lang='lat' dir='ltr'>fulgore</span> <span class='ocrx_word' id='word_1_257' title='bbox 552 2083 763 2112; x_wconf 83' lang='lat' dir='ltr'>marmorum,</span> <span class='ocrx_word' id='word_1_258' title='bbox 789 2079 824 2106; x_wconf 86' lang='lat' dir='ltr'><strong><em>et</em></strong></span> <span class='ocrx_word' id='word_1_259' title='bbox 847 2073 987 2118; x_wconf 89' lang='lat' dir='ltr'>plurimo</span> <span class='ocrx_word' id='word_1_260' title='bbox 1012 2072 1135 2117; x_wconf 89' lang='lat' dir='ltr'>ubique</span> <span class='ocrx_word' id='word_1_261' title='bbox 1160 2084 1243 2106; x_wconf 87' lang='lat' dir='ltr'>auro</span> <span class='ocrx_word' id='word_1_262' title='bbox 1266 2073 1394 2117; x_wconf 86' lang='lat' dir='ltr'>pariter</span> <span class='ocrx_word' id='word_1_263' title='bbox 1408 2073 1502 2107; x_wconf 85' lang='lat' dir='ltr'>litum</span> <span class='ocrx_word' id='word_1_264' title='bbox 1517 2085 1559 2107; x_wconf 91' lang='lat' dir='ltr'>ac</span> 
     </span>
     <span class='ocr_line' id='line_1_29' title="bbox 101 2115 1557 2163; baseline 0.003 -15"><span class='ocrx_word' id='word_1_265' title='bbox 101 2115 248 2150; x_wconf 76' lang='lat' dir='ltr'>donariis</span> <span class='ocrx_word' id='word_1_266' title='bbox 264 2117 426 2151; x_wconf 78' lang='lat' dir='ltr'>refertum</span> <span class='ocrx_word' id='word_1_267' title='bbox 441 2123 503 2152; x_wconf 82' lang='lat' dir='ltr'>est.</span> <span class='ocrx_word' id='word_1_268' title='bbox 549 2119 627 2152; x_wconf 88' lang='lat' dir='ltr'><strong><em>Hoc</em></strong></span> <span class='ocrx_word' id='word_1_269' title='bbox 642 2130 708 2152; x_wconf 92' lang='lat' dir='ltr'>uno</span> <span class='ocrx_word' id='word_1_270' title='bbox 727 2119 908 2161; x_wconf 85' lang='lat' dir='ltr'>differunt,</span> <span class='ocrx_word' id='word_1_271' title='bbox 930 2119 1020 2163; x_wconf 89' lang='lat' dir='ltr'>quod</span> <span class='ocrx_word' id='word_1_272' title='bbox 1042 2119 1140 2152; x_wconf 85' lang='lat' dir='ltr'>huius</span> <span class='ocrx_word' id='word_1_273' title='bbox 1156 2119 1287 2152; x_wconf 86' lang='lat' dir='ltr'>directa</span> <span class='ocrx_word' id='word_1_274' title='bbox 1302 2125 1354 2152; x_wconf 84' lang='lat' dir='ltr'><strong><em>est</em></strong></span> <span class='ocrx_word' id='word_1_275' title='bbox 1369 2119 1557 2163; x_wconf 84' lang='lat' dir='ltr'><strong>longitudo,</strong></span> 
     </span>
     <span class='ocr_line' id='line_1_30' title="bbox 99 2160 1558 2209; baseline 0.002 -15"><span class='ocrx_word' id='word_1_276' title='bbox 99 2160 189 2195; x_wconf 78' lang='lat' dir='ltr'>illius</span> <span class='ocrx_word' id='word_1_277' title='bbox 212 2173 294 2196; x_wconf 84' lang='lat' dir='ltr'>vero</span> <span class='ocrx_word' id='word_1_278' title='bbox 319 2163 491 2197; x_wconf 84' lang='lat' dir='ltr'><strong>columnae</strong></span> <span class='ocrx_word' id='word_1_279' title='bbox 512 2164 546 2198; x_wconf 93' lang='lat' dir='ltr'><strong><em>in</em></strong></span> <span class='ocrx_word' id='word_1_280' title='bbox 561 2163 802 2198; x_wconf 81' lang='lat' dir='ltr'>semicirculum</span> <span class='ocrx_word' id='word_1_281' title='bbox 818 2165 1003 2209; x_wconf 80' lang='lat' dir='ltr'>dispositae</span> <span class='ocrx_word' id='word_1_282' title='bbox 1016 2170 1093 2198; x_wconf 83' lang='lat' dir='ltr'>sunt</span> <span class='ocrx_word' id='word_1_283' title='bbox 1108 2166 1180 2198; x_wconf 85' lang='lat' dir='ltr'>fere</span> <span class='ocrx_word' id='word_1_284' title='bbox 1197 2176 1322 2199; x_wconf 88' lang='lat' dir='ltr'>omnes.</span> <span class='ocrx_word' id='word_1_285' title='bbox 1369 2165 1479 2198; x_wconf 89' lang='lat' dir='ltr'>Unam</span> <span class='ocrx_word' id='word_1_286' title='bbox 1496 2165 1558 2198; x_wconf 86' lang='lat' dir='ltr'>ha-</span> 
     </span>
     <span class='ocr_line' id='line_1_31' title="bbox 101 2205 1557 2254; baseline 0.003 -14"><span class='ocrx_word' id='word_1_287' title='bbox 101 2205 186 2240; x_wconf 78' lang='lat' dir='ltr'>bent</span> <span class='ocrx_word' id='word_1_288' title='bbox 206 2206 241 2240; x_wconf 88' lang='lat' dir='ltr'><strong><em>in</em></strong></span> <span class='ocrx_word' id='word_1_289' title='bbox 266 2208 432 2243; x_wconf 79' lang='lat' dir='ltr'>vestibulo</span> <span class='ocrx_word' id='word_1_290' title='bbox 456 2210 642 2254; x_wconf 86' lang='lat' dir='ltr'>porticum,</span> <span class='ocrx_word' id='word_1_291' title='bbox 664 2222 782 2244; x_wconf 91' lang='lat' dir='ltr'>nomen</span> <span class='ocrx_word' id='word_1_292' title='bbox 810 2222 852 2244; x_wconf 87' lang='lat' dir='ltr'><strong><em>ex</em></strong></span> <span class='ocrx_word' id='word_1_293' title='bbox 873 2211 1032 2244; x_wconf 69' lang='lat' dir='ltr'>nan-thece</span> <span class='ocrx_word' id='word_1_294' title='bbox 1055 2221 1113 2244; x_wconf 89' lang='lat' dir='ltr'><strong><em>seu</em></strong></span> <span class='ocrx_word' id='word_1_295' title='bbox 1139 2211 1248 2244; x_wconf 83' lang='lat' dir='ltr'>ferula</span> <span class='ocrx_word' id='word_1_296' title='bbox 1270 2210 1395 2244; x_wconf 90' lang='lat' dir='ltr'>idcirco</span> <span class='ocrx_word' id='word_1_297' title='bbox 1413 2216 1557 2253; x_wconf 85' lang='lat' dir='ltr'>nactam,</span> 
     </span>
     <span class='ocr_line' id='line_1_32' title="bbox 125 2251 1555 2301; baseline 0.003 -15"><span class='ocrx_word' id='word_1_298' title='bbox 125 2251 195 2286; x_wconf 83' lang='lat' dir='ltr'><strong><em>uod</em></strong></span> <span class='ocrx_word' id='word_1_299' title='bbox 213 2252 404 2298; x_wconf 79' lang='lat' dir='ltr'>longissime</span> <span class='ocrx_word' id='word_1_300' title='bbox 426 2256 627 2300; x_wconf 79' lang='lat' dir='ltr'>porrigatur.</span> <span class='ocrx_word' id='word_1_301' title='bbox 681 2257 876 2290; x_wconf 84' lang='lat' dir='ltr'>Communia</span> <span class='ocrx_word' id='word_1_302' title='bbox 891 2261 970 2290; x_wconf 83' lang='lat' dir='ltr'>sunt</span> <span class='ocrx_word' id='word_1_303' title='bbox 984 2256 1092 2290; x_wconf 85' lang='lat' dir='ltr'>omnia</span> <span class='ocrx_word' id='word_1_304' title='bbox 1107 2257 1292 2301; x_wconf 81' lang='lat' dir='ltr'>propylaea</span> <span class='ocrx_word' id='word_1_305' title='bbox 1303 2281 1313 2298; x_wconf 91' lang='lat'><strong>,</strong></span> <span class='ocrx_word' id='word_1_306' title='bbox 1333 2257 1465 2298; x_wconf 87' lang='lat' dir='ltr'>atrium,</span> <span class='ocrx_word' id='word_1_307' title='bbox 1487 2268 1555 2291; x_wconf 87' lang='lat' dir='ltr'><strong><em>me-</em></strong></span> 
     </span>
     <span class='ocr_line' id='line_1_33' title="bbox 127 2297 1556 2348; baseline 0.003 -16"><span class='ocrx_word' id='word_1_308' title='bbox 127 2297 220 2332; x_wconf 71' lang='lat' dir='ltr'>&#39;unae</span> <span class='ocrx_word' id='word_1_309' title='bbox 233 2298 362 2342; x_wconf 83' lang='lat' dir='ltr'>ianuae,</span> <span class='ocrx_word' id='word_1_310' title='bbox 379 2305 414 2334; x_wconf 86' lang='lat' dir='ltr'><strong><em>et</em></strong></span> <span class='ocrx_word' id='word_1_311' title='bbox 429 2301 473 2335; x_wconf 87' lang='lat' dir='ltr'>ad</span> <span class='ocrx_word' id='word_1_312' title='bbox 490 2302 614 2346; x_wconf 82' lang='lat' dir='ltr'>regiam</span> <span class='ocrx_word' id='word_1_313' title='bbox 630 2301 808 2336; x_wconf 83' lang='lat' dir='ltr'>adiunctio.</span> <span class='ocrx_word' id='word_1_314' title='bbox 855 2302 909 2336; x_wconf 87' lang='lat' dir='ltr'>Ea</span> <span class='ocrx_word' id='word_1_315' title='bbox 924 2303 1054 2336; x_wconf 90' lang='lat' dir='ltr'>demum</span> <span class='ocrx_word' id='word_1_316' title='bbox 1070 2309 1122 2336; x_wconf 83' lang='lat' dir='ltr'><strong><em>est</em></strong></span> <span class='ocrx_word' id='word_1_317' title='bbox 1139 2303 1312 2347; x_wconf 87' lang='lat' dir='ltr'>utriusque</span> <span class='ocrx_word' id='word_1_318' title='bbox 1326 2303 1442 2348; x_wconf 86' lang='lat' dir='ltr'>templi</span> <span class='ocrx_word' id='word_1_319' title='bbox 1460 2313 1556 2348; x_wconf 81' lang='lat' dir='ltr'>mag-</span> 
     </span>
     <span class='ocr_line' id='line_1_34' title="bbox 103 2341 1460 2401; baseline 0.002 -22"><span class='ocrx_word' id='word_1_320' title='bbox 103 2341 284 2388; x_wconf 70' lang='lat' dir='ltr'>affluentia,</span> <span class='ocrx_word' id='word_1_321' title='bbox 307 2350 346 2379; x_wconf 89' lang='lat' dir='ltr'><strong><em>ut</em></strong></span> <span class='ocrx_word' id='word_1_322' title='bbox 358 2347 422 2381; x_wconf 89' lang='lat' dir='ltr'>toti</span> <span class='ocrx_word' id='word_1_323' title='bbox 435 2347 512 2380; x_wconf 86' lang='lat' dir='ltr'>hinc</span> <span class='ocrx_word' id='word_1_324' title='bbox 529 2347 657 2381; x_wconf 78' lang='lat' dir='ltr'>civitati</span> <span class='ocrx_word' id='word_1_325' title='bbox 671 2348 803 2401; x_wconf 76' lang='lat' dir='ltr'>ipsique</span> <span class='ocrx_word' id='word_1_326' title='bbox 819 2348 952 2383; x_wconf 84' lang='lat' dir='ltr'>Palatio</span> <span class='ocrx_word' id='word_1_327' title='bbox 968 2348 1176 2382; x_wconf 81' lang='lat' dir='ltr'>manifestum</span> <span class='ocrx_word' id='word_1_328' title='bbox 1192 2348 1295 2382; x_wconf 86' lang='lat' dir='ltr'>decus</span> <span class='ocrx_word' id='word_1_329' title='bbox 1311 2349 1460 2382; x_wconf 76' lang='lat' dir='ltr'>accedat.</span> 
     </span>
     <span class='ocr_line' id='line_1_35' title="bbox 194 2389 1558 2439; baseline 0.003 -15"><span class='ocrx_word' id='word_1_330' title='bbox 194 2389 323 2425; x_wconf 81' lang='lat' dir='ltr'>Deinde</span> <span class='ocrx_word' id='word_1_331' title='bbox 348 2393 411 2426; x_wconf 85' lang='lat' dir='ltr'><strong><em>hoc</em></strong></span> <span class='ocrx_word' id='word_1_332' title='bbox 439 2393 538 2427; x_wconf 83' lang='lat' dir='ltr'>etiam</span> <span class='ocrx_word' id='word_1_333' title='bbox 565 2394 754 2439; x_wconf 77' lang='lat' dir='ltr'>praestitit,</span> <span class='ocrx_word' id='word_1_334' title='bbox 776 2405 901 2428; x_wconf 87' lang='lat' dir='ltr'>summa</span> <span class='ocrx_word' id='word_1_335' title='bbox 926 2406 1008 2438; x_wconf 84' lang='lat' dir='ltr'>erga</span> <span class='ocrx_word' id='word_1_336' title='bbox 1028 2405 1142 2428; x_wconf 87' lang='lat' dir='ltr'>omnes</span> <span class='ocrx_word' id='word_1_337' title='bbox 1157 2394 1332 2437; x_wconf 81' lang='lat' dir='ltr'>apostolos</span> <span class='ocrx_word' id='word_1_338' title='bbox 1347 2394 1477 2439; x_wconf 87' lang='lat' dir='ltr'>pietate</span> <span class='ocrx_word' id='word_1_339' title='bbox 1497 2394 1558 2428; x_wconf 86' lang='lat' dir='ltr'><strong><em>im-</em></strong></span> 
     </span>
     <span class='ocr_line' id='line_1_36' title="bbox 105 2434 1559 2485; baseline 0.003 -16"><span class='ocrx_word' id='word_1_340' title='bbox 105 2434 230 2478; x_wconf 70' lang='lat' dir='ltr'>pnlms.</span> <span class='ocrx_word' id='word_1_341' title='bbox 274 2437 362 2472; x_wconf 85' lang='lat' dir='ltr'>Erat</span> <span class='ocrx_word' id='word_1_342' title='bbox 384 2438 542 2482; x_wconf 81' lang='lat' dir='ltr'>Byzantii</span> <span class='ocrx_word' id='word_1_343' title='bbox 575 2444 712 2473; x_wconf 80' lang='lat' dir='ltr'>vetusta</span> <span class='ocrx_word' id='word_1_344' title='bbox 735 2441 896 2484; x_wconf 82' lang='lat' dir='ltr'>quaedam</span> <span class='ocrx_word' id='word_1_345' title='bbox 923 2441 1043 2483; x_wconf 81' lang='lat' dir='ltr'>aedes,</span> <span class='ocrx_word' id='word_1_346' title='bbox 1081 2439 1210 2473; x_wconf 89' lang='lat' dir='ltr'>cunctis</span> <span class='ocrx_word' id='word_1_347' title='bbox 1238 2440 1348 2473; x_wconf 82' lang='lat' dir='ltr'>dicata</span> <span class='ocrx_word' id='word_1_348' title='bbox 1376 2440 1559 2485; x_wconf 86' lang='lat' dir='ltr'>apostolis:</span> 
     </span>
     <span class='ocr_line' id='line_1_37' title="bbox 107 2482 1558 2531; baseline 0.003 -18"><span class='ocrx_word' id='word_1_349' title='bbox 107 2490 206 2523; x_wconf 78' lang='lat' dir='ltr'>quam</span> <span class='ocrx_word' id='word_1_350' title='bbox 226 2482 301 2516; x_wconf 77' lang='lat' dir='ltr'>aevi</span> <span class='ocrx_word' id='word_1_351' title='bbox 324 2483 549 2529; x_wconf 79' lang='lat' dir='ltr'>longinquitas</span> <span class='ocrx_word' id='word_1_352' title='bbox 570 2484 619 2519; x_wconf 84' lang='lat' dir='ltr'><strong><em>sic</em></strong></span> <span class='ocrx_word' id='word_1_353' title='bbox 647 2485 866 2528; x_wconf 65' lang='lat' dir='ltr'>labefecerat,</span> <span class='ocrx_word' id='word_1_354' title='bbox 889 2492 927 2520; x_wconf 85' lang='lat' dir='ltr'><strong><em>ut</em></strong></span> <span class='ocrx_word' id='word_1_355' title='bbox 950 2486 1139 2531; x_wconf 86' lang='lat' dir='ltr'>collapsura</span> <span class='ocrx_word' id='word_1_356' title='bbox 1160 2486 1356 2531; x_wconf 84' lang='lat' dir='ltr'>propediem</span> <span class='ocrx_word' id='word_1_357' title='bbox 1376 2486 1558 2520; x_wconf 85' lang='lat' dir='ltr'>videretur.</span> 
     </span>
     <span class='ocr_line' id='line_1_38' title="bbox 72 2524 1558 2576; baseline 0.004 -18"><span class='ocrx_word' id='word_1_358' title='bbox 72 2526 83 2536; x_wconf 63' lang='lat'>⁸</span> <span class='ocrx_word' id='word_1_359' title='bbox 105 2524 203 2561; x_wconf 73' lang='lat' dir='ltr'>Bane</span> <span class='ocrx_word' id='word_1_360' title='bbox 215 2525 414 2564; x_wconf 65' lang='lat' dir='ltr'>lastinianus</span> <span class='ocrx_word' id='word_1_361' title='bbox 427 2530 612 2576; x_wconf 82' lang='lat' dir='ltr'>imperator</span> <span class='ocrx_word' id='word_1_362' title='bbox 625 2531 776 2565; x_wconf 82' lang='lat' dir='ltr'>funditus</span> <span class='ocrx_word' id='word_1_363' title='bbox 792 2532 981 2574; x_wconf 79' lang='lat' dir='ltr'>demolitus,</span> <span class='ocrx_word' id='word_1_364' title='bbox 1004 2543 1071 2565; x_wconf 92' lang='lat' dir='ltr'><strong><em>non</em></strong></span> <span class='ocrx_word' id='word_1_365' title='bbox 1087 2532 1194 2565; x_wconf 87' lang='lat' dir='ltr'>solum</span> <span class='ocrx_word' id='word_1_366' title='bbox 1210 2532 1400 2565; x_wconf 85' lang='lat' dir='ltr'>instaurare</span> <span class='ocrx_word' id='word_1_367' title='bbox 1421 2531 1558 2572; x_wconf 83' lang='lat' dir='ltr'>studuit,</span> 
     </span>
     <span class='ocr_line' id='line_1_39' title="bbox 106 2569 1560 2624; baseline 0.005 -21"><span class='ocrx_word' id='word_1_368' title='bbox 106 2569 167 2623; x_wconf 71' lang='lat' dir='ltr'><strong><em>sed</em></strong></span> <span class='ocrx_word' id='word_1_369' title='bbox 191 2571 342 2624; x_wconf 61' lang='lat' dir='ltr'>maiorem</span> <span class='ocrx_word' id='word_1_370' title='bbox 368 2575 467 2609; x_wconf 82' lang='lat' dir='ltr'>etiam</span> <span class='ocrx_word' id='word_1_371' title='bbox 489 2577 606 2611; x_wconf 83' lang='lat' dir='ltr'>facere</span> <span class='ocrx_word' id='word_1_372' title='bbox 629 2581 664 2610; x_wconf 80' lang='lat' dir='ltr'><strong><em>et</em></strong></span> <span class='ocrx_word' id='word_1_373' title='bbox 683 2578 900 2622; x_wconf 80' lang='lat' dir='ltr'>pulcriorem:</span> <span class='ocrx_word' id='word_1_374' title='bbox 932 2589 1034 2623; x_wconf 86' lang='lat' dir='ltr'>porro</span> <span class='ocrx_word' id='word_1_375' title='bbox 1059 2578 1231 2611; x_wconf 88' lang='lat' dir='ltr'>consilium</span> <span class='ocrx_word' id='word_1_376' title='bbox 1256 2578 1319 2611; x_wconf 86' lang='lat' dir='ltr'>hac</span> <span class='ocrx_word' id='word_1_377' title='bbox 1341 2578 1474 2611; x_wconf 87' lang='lat' dir='ltr'>ratione</span> <span class='ocrx_word' id='word_1_378' title='bbox 1498 2588 1560 2610; x_wconf 85' lang='lat' dir='ltr'><strong><em>ex-</em></strong></span> 
     </span>
     <span class='ocr_line' id='line_1_40' title="bbox 107 2615 1558 2668; baseline 0.004 -20"><span class='ocrx_word' id='word_1_379' title='bbox 107 2615 239 2660; x_wconf 72' lang='lat' dir='ltr'>phou-t.</span> <span class='ocrx_word' id='word_1_380' title='bbox 291 2619 420 2655; x_wconf 80' lang='lat' dir='ltr'>Rectae</span> <span class='ocrx_word' id='word_1_381' title='bbox 451 2621 561 2656; x_wconf 82' lang='lat' dir='ltr'>lineae</span> <span class='ocrx_word' id='word_1_382' title='bbox 594 2622 792 2667; x_wconf 71' lang='lat' dir='ltr'>designatae</span> <span class='ocrx_word' id='word_1_383' title='bbox 823 2629 902 2658; x_wconf 85' lang='lat' dir='ltr'>sunt</span> <span class='ocrx_word' id='word_1_384' title='bbox 925 2624 1033 2666; x_wconf 89' lang='lat' dir='ltr'>duae,</span> <span class='ocrx_word' id='word_1_385' title='bbox 1066 2635 1156 2668; x_wconf 90' lang='lat' dir='ltr'>quae</span> <span class='ocrx_word' id='word_1_386' title='bbox 1187 2635 1226 2657; x_wconf 77' lang='lat' dir='ltr'><strong><em>se</em></strong></span> <span class='ocrx_word' id='word_1_387' title='bbox 1261 2623 1388 2656; x_wconf 87' lang='lat' dir='ltr'>medias</span> <span class='ocrx_word' id='word_1_388' title='bbox 1417 2622 1558 2656; x_wconf 83' lang='lat' dir='ltr'>invicem</span> 
     </span>
     <span class='ocr_line' id='line_1_41' title="bbox 106 2665 1557 2713; baseline 0 -14"><span class='ocrx_word' id='word_1_389' title='bbox 106 2665 243 2706; x_wconf 57' lang='lat' dir='ltr'>meunt,</span> <span class='ocrx_word' id='word_1_390' title='bbox 270 2665 462 2700; x_wconf 73' lang='lat' dir='ltr'>commissae</span> <span class='ocrx_word' id='word_1_391' title='bbox 484 2667 523 2701; x_wconf 71' lang='lat' dir='ltr'><strong><em>in&#39;</em></strong></span> <span class='ocrx_word' id='word_1_392' title='bbox 541 2669 678 2702; x_wconf 80' lang='lat' dir='ltr'>formam</span> <span class='ocrx_word' id='word_1_393' title='bbox 705 2670 831 2713; x_wconf 77' lang='lat' dir='ltr'>crucis3</span> <span class='ocrx_word' id='word_1_394' title='bbox 863 2670 973 2704; x_wconf 83' lang='lat' dir='ltr'>altera</span> <span class='ocrx_word' id='word_1_395' title='bbox 998 2671 1042 2704; x_wconf 88' lang='lat' dir='ltr'>ab</span> <span class='ocrx_word' id='word_1_396' title='bbox 1069 2680 1190 2703; x_wconf 85' lang='lat' dir='ltr'>occasu</span> <span class='ocrx_word' id='word_1_397' title='bbox 1214 2669 1258 2702; x_wconf 83' lang='lat' dir='ltr'>ad</span> <span class='ocrx_word' id='word_1_398' title='bbox 1284 2674 1392 2702; x_wconf 82' lang='lat' dir='ltr'>ortum</span> <span class='ocrx_word' id='word_1_399' title='bbox 1415 2668 1557 2708; x_wconf 76' lang='lat' dir='ltr'>directa,</span> 
     </span>
     <span class='ocr_line' id='line_1_42' title="bbox 107 2706 1558 2760; baseline 0.004 -21"><span class='ocrx_word' id='word_1_400' title='bbox 107 2706 217 2740; x_wconf 75' lang='lat' dir='ltr'>altera</span> <span class='ocrx_word' id='word_1_401' title='bbox 237 2707 278 2741; x_wconf 83' lang='lat' dir='ltr'>ad</span> <span class='ocrx_word' id='word_1_402' title='bbox 301 2710 464 2746; x_wconf 83' lang='lat' dir='ltr'>meridiem</span> <span class='ocrx_word' id='word_1_403' title='bbox 487 2718 684 2748; x_wconf 78' lang='lat' dir='ltr'>transversa</span> <span class='ocrx_word' id='word_1_404' title='bbox 707 2727 728 2750; x_wconf 82' lang='lat' dir='ltr'>a</span> <span class='ocrx_word' id='word_1_405' title='bbox 750 2717 990 2760; x_wconf 83' lang='lat' dir='ltr'>septentrione.</span> <span class='ocrx_word' id='word_1_406' title='bbox 1045 2716 1190 2748; x_wconf 82' lang='lat' dir='ltr'>Praeter</span> <span class='ocrx_word' id='word_1_407' title='bbox 1223 2714 1422 2748; x_wconf 86' lang='lat' dir='ltr'>exteriorem</span> <span class='ocrx_word' id='word_1_408' title='bbox 1445 2714 1558 2757; x_wconf 79' lang='lat' dir='ltr'>parie-</span> 
     </span>
     <span class='ocr_line' id='line_1_43' title="bbox 111 2753 1559 2804; baseline 0.004 -20"><span class='ocrx_word' id='word_1_409' title='bbox 111 2756 181 2784; x_wconf 82' lang='lat' dir='ltr'><strong><em>tum</em></strong></span> <span class='ocrx_word' id='word_1_410' title='bbox 208 2753 384 2798; x_wconf 81' lang='lat' dir='ltr'>ambitum,</span> <span class='ocrx_word' id='word_1_411' title='bbox 410 2756 621 2793; x_wconf 81' lang='lat' dir='ltr'>interioribus</span> <span class='ocrx_word' id='word_1_412' title='bbox 646 2760 869 2795; x_wconf 83' lang='lat' dir='ltr'>columnarum</span> <span class='ocrx_word' id='word_1_413' title='bbox 900 2761 1071 2795; x_wconf 87' lang='lat' dir='ltr'>ordinibus</span> <span class='ocrx_word' id='word_1_414' title='bbox 1094 2772 1192 2804; x_wconf 83' lang='lat' dir='ltr'>supra</span> <span class='ocrx_word' id='word_1_415' title='bbox 1213 2765 1293 2793; x_wconf 89' lang='lat' dir='ltr'>sunt</span> <span class='ocrx_word' id='word_1_416' title='bbox 1314 2759 1468 2802; x_wconf 84' lang='lat' dir='ltr'>infraque</span> <span class='ocrx_word' id='word_1_417' title='bbox 1492 2757 1559 2790; x_wconf 87' lang='lat' dir='ltr'>cir-</span> 
     </span>
     <span class='ocr_line' id='line_1_44' title="bbox 109 2797 1559 2851; baseline 0.003 -20"><span class='ocrx_word' id='word_1_418' title='bbox 109 2797 285 2834; x_wconf 81' lang='lat' dir='ltr'>cundatae.</span> <span class='ocrx_word' id='word_1_419' title='bbox 342 2801 382 2836; x_wconf 87' lang='lat' dir='ltr'>In</span> <span class='ocrx_word' id='word_1_420' title='bbox 406 2803 619 2839; x_wconf 70' lang='lat' dir='ltr'>commissura</span> <span class='ocrx_word' id='word_1_421' title='bbox 643 2805 758 2841; x_wconf 85' lang='lat' dir='ltr'>harum</span> <span class='ocrx_word' id='word_1_422' title='bbox 781 2807 965 2851; x_wconf 83' lang='lat' dir='ltr'>linearum,</span> <span class='ocrx_word' id='word_1_423' title='bbox 1000 2807 1176 2851; x_wconf 83' lang='lat' dir='ltr'>utriusque</span> <span class='ocrx_word' id='word_1_424' title='bbox 1207 2806 1280 2839; x_wconf 81' lang='lat' dir='ltr'>fere</span> <span class='ocrx_word' id='word_1_425' title='bbox 1306 2804 1448 2839; x_wconf 88' lang='lat' dir='ltr'>medium</span> <span class='ocrx_word' id='word_1_426' title='bbox 1469 2802 1559 2837; x_wconf 87' lang='lat' dir='ltr'>obti-</span> 
     </span>
    </p>
   </div>
  </div>
 </body>
</html>
