1858 3126
375 132 474 177 286
960 137 1219 182 PROGOPII

371 242 417 284 τὸ
442 244 608 286 παλαιὸν
628 243 914 302 αὐτοκράτορες
932 253 1014 296 τοΐς
1036 248 1208 291 ἐπέκεινα
1234 249 1445 308 ᾠκημένοις
1469 248 1692 309 βαρβάροις
1715 253 1788 308 τὴν

371 314 443 352 τοῦ
467 311 694 365 Λανουβίου
720 311 903 364 διάβασιν
930 313 1227 364 ἀναστέλλοντες
1255 317 1484 373 ὃχυρώμασί
1503 336 1544 361 τε
1572 321 1788 374 κατέλαβον

370 375 510 419 τούτου
538 380 588 431 δὴ
607 382 678 419 τοῦ
697 383 877 431 ποταμοῦ
898 380 968 434 τὴν
990 381 1111 435 ἀκτὴν
1133 379 1360 435 ξύμπασαν,
1395 385 1440 427 οὗ
1462 386 1510 439 δὴ
1532 387 1573 427 ἓν
1592 389 1699 445 δεξιᾷ
1717 391 1788 428 τοῦ

370 449 549 497 ποταμοῦ
569 443 710 497 μόνον,
749 445 850 486 ἀλλὰ
872 449 939 488 καὶ
965 448 1086 490 αὐτοῦ
1105 449 1235 503 ἐνιαχῆ
1255 451 1317 491 ἐπὶ
1333 449 1487 507 θάτερα
1507 453 1730 506 πολίσματά
1747 470 1790 495 τε

370 512 435 551 καὶ
456 510 627 566 φρούρια
648 513 739 566 τῇδε
764 512 1002 566 δειμάμενοι.
1065 519 1190 557 ταῦτα
1212 517 1254 558 δὲ
1277 516 1328 558 τὰ
1353 517 1590 573 ὀχυρώματα
1616 517 1822 575 ἐξειργά-5

370 593 489 618 σαντο
513 578 583 618 οὐκ
606 576 791 630 ἀμήχανα
809 585 1063 635 προσελθεῖν,
1099 583 1139 624 εἷ’
1153 599 1212 631 τις
1232 584 1406 639 προσίοι,
1443 585 1530 626 ἀλλ’
1554 585 1645 628 ὅσον
1662 587 1711 639 δὴ
1732 586 1791 639 μὴ

322 653 352 686 C
375 644 527 699 ἀνδρῶν
554 644 697 698 ἔρημον
724 645 796 698 τὴν
817 651 889 688 τοῦ
906 653 1087 700 ποταμοῦ
1112 648 1226 703 ἠιόνα
1249 654 1473 706 λελεῖφθαι·
1510 653 1589 694 ἐπεὶ
1608 669 1792 706 τειχομα-·

367 717 451 762 χεῖν
470 717 551 758 τοῖς
570 713 690 766 ἐκείνῃ
708 713 931 770 βαρβάροις
951 716 1108 770 οὐδαμῆ
1135 715 1315 770 ἔγνωστο.
1380 717 1431 758 τὰ
1454 718 1581 759 πολλὰ
1602 723 1680 760 τῶν
1702 720 1792 775 ἔρυ-

370 775 506 828 μάτων
538 777 670 827 αὐτοῖς
697 779 830 831 ἀμέλει
855 782 1080 837 ἀπεκέκριτο
1107 783 1147 831 ἐς
1173 782 1320 838 πύργον
1346 783 1434 833 ἕνα,
1466 783 1710 840 μονοπῦργιά
1737 802 1792 836 τε,

372 841 425 892 ὡς
451 844 495 884 τὸ
530 845 650 894 εἰκὸς,
685 846 903 889 ἐπεκαλεῖτο
917 879 931 898 ,
967 848 1175 904 ἄνθρωποί
1199 867 1239 891 τε
1271 850 1391 904 ὀλίγοι
1424 853 1567 906 κομιδῇ
1595 853 1636 892 ἓν
1661 852 1846 900 αὖτοΐςῙθ

366 911 541 965 ἵδρυντο.
608 913 672 952 καὶ
698 917 813 954 τοῦτο
843 915 1024 968 τηνικάδε
1056 916 1205 971 ἀπέχρη
1234 916 1283 957 τιὶ
1310 921 1388 958 τῶν
1416 916 1634 973 βαρβάρων
1664 919 1794 959 δεδίσ-

371 980 517 1018 σεσθαι
556 978 666 1031 γένη,
705 978 803 1022 ὥστε
840 981 888 1036 δὴ
923 981 1168 1023 ἀναδύεσθαι
1194 983 1264 1036 τὴν
1297 984 1337 1032 ἐς
1360 982 1795 1036 Ῥωμαιόυςρἒπίθεσιν.

368 1042 499 1098 χρόνῳ
534 1045 576 1084 δὲ
609 1045 770 1099 ’ὕστερον
796 1047 974 1097 Ἀττίλας
999 1054 1155 1105 στρατῷ
1185 1047 1342 1106 μεγάλῳ
1373 1050 1641 1104 ἐσβεβληκὼς,
1675 1050 1724 1092 τά
1751 1068 1794 1092 τε

370 1108 611 1163 ὀχυρώματα
641 1110 746 1167 πόνῳ
776 1114 903 1154 οὐδενὶ
935 1115 975 1163 ἐς
1003 1114 1151 1170 ἔδαφος
1179 1120 1362 1166 καθεῖλε,
1395 1118 1461 1157 καὶ
1494 1112 1814 1171 γῆνέῬωμαίων

370 1174 672 1226 ὗπαντιάζοντός
690 1178 726 1219 οἶ
747 1179 903 1229 οὐδενὸς
927 1182 1107 1234 ἒληίσατο
1129 1181 1200 1234 τὴν
1220 1181 1380 1235 πολλήν.
1446 1183 1547 1224 ἀλλὰ
1565 1184 1793 1225 Ἰουστινια-
1805 1185 1849 1221 15

321 1252 353 1286 1)
375 1243 443 1291 νὸς
472 1243 658 1295 βασιλεὺς
688 1244 1020 1300 ἀνῳκοδομήσατό
1047 1264 1089 1289 τε
1124 1247 1175 1288 τὰ
1202 1249 1483 1304 καθῃρημένα,
1519 1249 1591 1302 οὐχ
1619 1243 1718 1305 ᾗπερ
1745 1249 1796 1291 τὰ

372 1308 545 1365 πρότερα
566 1305 635 1363 ἦν,
673 1311 764 1352 ἀλλ’
789 1314 828 1362 ἒς
852 1318 923 1355 τοῦ
944 1312 1200 1369 ὀχυρώματος
1220 1314 1264 1356 τὸ
1292 1314 1586 1371 καρτερώτατον
1608 1314 1797 1369 μάλιστα,

372 1379 439 1418 καὶ
475 1381 638 1419 πλεῖστα
676 1377 731 1419 ἔτι
769 1379 1047 1436 ἕπετεχνήσατο
1084 1380 1370 1437 καινουργῆσας
1404 1380 1532 1431 αὐτός.
1571 1380 1721 1438 ,ταύτῃ
1754 1399 1798 1424 τε

371 1443 619 1485 παντάπασιν
642 1443 862 1488 ἀνεσώσατο
884 1447 1133 1488 ἀπολωλυῖαν
1158 1447 1235 1502 ἤδη
1261 1449 1334 1502 τὴν
1366 1448 1586 1505 ἀσφάλειαν
1608 1453 1679 1502 τῆς
1699 1448 1797 1490 Ῥω-

371 1512 500 1562 μαίων
542 1511 680 1566 ἀρχῆς.
748 1511 846 1568 ἅπερ
889 1512 1046 1556 ἅπαντα
1087 1512 1218 1556 ὅντινα
1264 1513 1409 1571 τρόπον
1446 1515 1643 1571 γεγένηται
1661 1546 1676 1566 ,
1719 1515 1788 1570 ἑγιέ
1805 1518 1851 1553 20

374 1575 552 1630 δηλώσω.

506 1641 669 1684 Κάτεισι
691 1644 762 1695 μὲν
785 1645 826 1694 ἐξ
849 1644 971 1700 ὀρέων
998 1650 1076 1688 τῶν
1105 1646 1144 1687 ἒν
1167 1648 1331 1696 Κελτοῖς
1357 1647 1534 1701 ποταμὸς
1551 1646 1724 1704 Ἴστρος,
1759 1647 1804 1690 οἳ

374 1713 493 1750 τανῦν
511 1709 658 1750 Γάλλοι
679 1711 972 1752 ἐπικαλοῦνται·
1001 1711 1139 1767 χώραν
1160 1713 1203 1754 δὲ
1223 1711 1447 1769 περιβάλλει
1467 1714 1628 1768 πολλὴν,
1663 1715 1706 1755 ἔκ
1726 1715 1799 1767 μὲν

374 1779 446 1816 τοῦ
472 1777 712 1818 ε’πιπλεῖστον
741 1782 939 1828 παντελῶς
962 1778 1128 1834 ἔρημον,
1163 1781 1297 1836 ἐνιαχῇ
1319 1781 1360 1821 δὲ
1383 1779 1615 1838 βαρβάρους
1641 1780 1799 1835 οἰκήτο-

343 1839 346 1842 ’
376 1859 448 1898 ρας
479 1842 667 1895 ἔχουσαν,
699 1842 884 1900 θηριώδη
912 1845 956 1887 τέ
978 1862 1066 1888 τινα
1094 1847 1246 1889 δίαιταν
1274 1846 1434 1900 ἔχοντας
1460 1849 1526 1890 καὶ
1552 1847 1852 1902 ἀνεπίμικτον25

372 2015 564 2066 penatores,
585 2016 624 2047 ut
647 2014 772 2058 positos
795 2019 888 2058 trans
902 2015 1088 2051 Danubium
1105 2017 1265 2052 barbaros
1279 2017 1423 2051 traiectu
1437 2017 1668 2063 prohiberent,
1694 2018 1797 2053 amnis

371 2058 458 2091 illius
474 2069 564 2091 oram
580 2059 710 2103 oppidis
726 2064 759 2093 et
774 2061 915 2093 castellis
931 2065 1200 2105 praetexuerant,
1223 2062 1342 2106 passim
1361 2073 1381 2095 a
1394 2062 1545 2105 dextera,
1567 2063 1686 2097 alicubi
1700 2064 1798 2097 etiam

374 2113 396 2135 a
420 2102 515 2134 laeva
536 2104 707 2137 extructis.
753 2105 849 2138 Haec
874 2110 981 2139 autem
1005 2117 1070 2140 non
1092 2106 1138 2140 sic
1154 2107 1428 2147 aedificaverant,
1449 2112 1486 2140 ut
1500 2107 1670 2142 inaccessa
1687 2112 1799 2142 essent

373 2146 493 2180 adoriri
524 2148 735 2190 parantibus,
765 2149 825 2181 sed
852 2154 981 2182 tantum
1011 2162 1052 2184 ne
1083 2150 1223 2184 fluminis
1253 2151 1326 2195 ripa
1355 2162 1376 2185 a
1405 2151 1636 2187 defensoribus
1663 2157 1799 2186 vacaret

373 2191 524 2231 omnin03
548 2192 709 2236 siquidem
732 2193 901 2236 regionum
926 2194 1052 2228 illarum
1075 2195 1210 2230 barbari
1231 2196 1273 2229 ab
1298 2197 1524 2240 oppugnandis
1547 2197 1716 2231 moenibus
1736 2197 1799 2231 ab-

374 2236 565 2270 horrebunt.
612 2236 721 2269 Multa
744 2242 834 2271 certe
859 2239 1058 2273 munimenta
1081 2251 1145 2273 una
1171 2240 1342 2274 admodum
1367 2241 1449 2274 turri
1474 2243 1688 2283 constabant3
1710 2242 1798 2275 unde

373 2280 492 2313 merito
524 2282 741 2324 monopyrgia
771 2282 988 2316 dicebantur:
1022 2296 1082 2318 nec
1111 2285 1173 2317 nisi
1205 2285 1378 2330 perpaucis
1408 2286 1608 2319 stationariis
1637 2286 1799 2320 instructa.

374 2330 488 2364 erant3
513 2324 611 2368 idque
626 2334 705 2359 tunc
720 2326 761 2358 ad
779 2326 1000 2361 incutiendum
1016 2329 1164 2363 barbaris
1181 2334 1339 2364 terrorem
1350 2354 1360 2372 ‚
1384 2340 1447 2374 quo
1469 2331 1661 2375 refugerent
1673 2331 1799 2364 Roma-

374 2380 434 2402 nos
459 2370 616 2412 aggredi,
639 2371 839 2406 sufficiebat.
884 2372 1094 2407 Postmodum
1110 2385 1189 2407 vero
1204 2374 1325 2408 Attilas
1343 2385 1415 2408 cum
1435 2375 1560 2419 ingenti
1583 2375 1728 2408 exercitu
1751 2375 1797 2408 ir-

372 2425 548 2458 rumpens,
570 2416 764 2449 munitiones
785 2416 860 2449 illas
879 2417 968 2451 nullo
984 2419 1116 2462 negotio
1138 2419 1357 2460 disturbavit,
1380 2419 1503 2453 aelate
1518 2420 1612 2454 Rom.
1627 2419 1796 2465 imperium

372 2458 549 2504 populatus
572 2465 642 2500 est,
666 2461 793 2495 nemine
816 2468 1028 2506 repugnante.
1075 2464 1209 2498 Demum
1230 2463 1425 2498 lastinianus
1443 2464 1530 2507 Aug.
1556 2475 1674 2498 eversa
1697 2465 1798 2498 resti-

372 2503 448 2545 tuit,
472 2514 535 2536 non
555 2503 586 2536 in
604 2505 773 2548 pristinam
789 2507 946 2548 formam,
971 2508 1030 2541 sed
1044 2508 1076 2541 in
1093 2519 1174 2550 eam,
1199 2519 1284 2553 quae
1298 2509 1394 2551 longe
1411 2508 1608 2543 validissima
1622 2509 1686 2542 sit:
1709 2520 1798 2542 nova

377 2548 512 2592 insuper
534 2549 612 2582 fecit
638 2550 794 2593 plurima3
818 2551 931 2594 itaque
954 2552 1049 2588 Rom.
1074 2553 1212 2598 imperio
1239 2553 1337 2598 plene
1359 2553 1503 2588 reddidit
1527 2554 1679 2588 amissam
1701 2560 1796 2588 amen

377 2593 602 2627 securitatem:
625 2605 709 2637 quae
726 2595 838 2638 plane,
862 2595 910 2628 uti
926 2601 999 2629 acta
1014 2602 1109 2640 sunt,
1131 2598 1235 2631 edam.

466 2638 521 2672 Ex
537 2638 698 2672 montibus
715 2640 901 2682 Celtarum,
923 2641 980 2684 qui
995 2642 1085 2674 Galli
1101 2653 1187 2676 nunc
1207 2642 1432 2687 appellantur,
1455 2646 1552 2676 natus
1564 2642 1685 2676 fluvius
1699 2642 1795 2682 Ister,

374 2682 514 2727 amplam
539 2683 653 2716 circuit
671 2684 861 2728 regionem,
885 2685 977 2718 cuius
997 2686 1136 2721 maxima
1151 2698 1229 2733 pars
1253 2687 1392 2721 humano
1418 2688 1506 2722 cultu
1524 2687 1656 2741 penitus
1679 2691 1793 2721 vacat:

376 2728 496 2762 alicubi
518 2729 643 2763 incolas
661 2729 759 2763 habet
783 2730 944 2765 barbaros
956 2758 965 2774 ,
985 2731 1041 2776 qui
1064 2731 1155 2766 victu
1172 2732 1279 2767 ferino
1294 2732 1459 2778 gaudent,
1481 2733 1556 2768 alhs
1573 2732 1725 2778 gentibus
1743 2730 1794 2764 in-
