<?xml version="1.0" encoding="UTF-8"?>
<!DOCTYPE html PUBLIC "-//W3C//DTD XHTML 1.0 Transitional//EN"
    "http://www.w3.org/TR/xhtml1/DTD/xhtml1-transitional.dtd">
<html xmlns="http://www.w3.org/1999/xhtml" xml:lang="en" lang="en">
 <head>
  <title>
</title>
<meta http-equiv="Content-Type" content="text/html;charset=utf-8" />
  <meta name='ocr-system' content='tesseract 3.04.00' />
  <meta name='ocr-capabilities' content='ocr_page ocr_carea ocr_par ocr_line ocrx_word'/>
</head>
<body>
  <div class='ocr_page' id='page_1' title='image "./corpusscriptorum45niebuoft_0362.png"; bbox 0 0 1858 3126; ppageno 0'>
   <div class='ocr_carea' id='block_1_1' title="bbox 356 172 1196 217">
    <p class='ocr_par' dir='ltr' id='par_1_1' title="bbox 356 172 1196 217">
     <span class='ocr_line' id='line_1_1' title="bbox 356 172 1196 217; baseline -0.002 0"><span class='ocrx_word' id='word_1_1' title='bbox 356 173 450 217; x_wconf 78' lang='lat'><strong>322</strong></span> <span class='ocrx_word' id='word_1_2' title='bbox 937 172 1196 216; x_wconf 87' lang='lat' dir='ltr'>PROCOPII</span> 
     </span>
    </p>
   </div>
   <div class='ocr_carea' id='block_1_2' title="bbox 220 279 1854 1939">
    <p class='ocr_par' dir='ltr' id='par_1_2' title="bbox 220 279 1854 1939">
     <span class='ocr_line' id='line_1_2' title="bbox 356 279 1766 342; baseline -0.001 -17"><span class='ocrx_word' id='word_1_3' title='bbox 356 282 463 342; x_wconf 75' lang='grc' dir='ltr'><em>ι’ἰλλῳ</em></span> <span class='ocrx_word' id='word_1_4' title='bbox 490 287 561 326; x_wconf 79' lang='grc' dir='ltr'><strong>τοῦ</strong></span> <span class='ocrx_word' id='word_1_5' title='bbox 580 283 761 338; x_wconf 85' lang='grc' dir='ltr'><em>τεμένους</em></span> <span class='ocrx_word' id='word_1_6' title='bbox 783 279 934 339; x_wconf 75' lang='grc' dir='ltr'><em>ἐδάφει.</em></span> <span class='ocrx_word' id='word_1_7' title='bbox 999 279 1122 338; x_wconf 83' lang='grc' dir='ltr'><strong>ταῦτῃ</strong></span> <span class='ocrx_word' id='word_1_8' title='bbox 1144 298 1184 324; x_wconf 81' lang='grc' dir='ltr'><strong>τε</strong></span> <span class='ocrx_word' id='word_1_9' title='bbox 1211 280 1232 323; x_wconf 84' lang='grc' dir='ltr'><strong>ὅ</strong></span> <span class='ocrx_word' id='word_1_10' title='bbox 1257 283 1352 333; x_wconf 79' lang='grc' dir='ltr'><em>νεὼς</em></span> <span class='ocrx_word' id='word_1_11' title='bbox 1370 283 1424 338; x_wconf 81' lang='grc' dir='ltr'><strong>πὴ</strong></span> <span class='ocrx_word' id='word_1_12' title='bbox 1443 283 1514 337; x_wconf 70' lang='grc' dir='ltr'><strong>μὲν</strong></span> <span class='ocrx_word' id='word_1_13' title='bbox 1542 283 1603 325; x_wconf 67' lang='grc' dir='ltr'><strong>ἐπὶ</strong></span> <span class='ocrx_word' id='word_1_14' title='bbox 1623 281 1766 339; x_wconf 82' lang='grc' dir='ltr'><em>πέτρας</em></span> 
     </span>
     <span class='ocr_line' id='line_1_3' title="bbox 357 345 1766 407; baseline -0.001 -16"><span class='ocrx_word' id='word_1_15' title='bbox 357 351 520 406; x_wconf 81' lang='grc' dir='ltr'><em>ἲσχυρᾶς</em></span> <span class='ocrx_word' id='word_1_16' title='bbox 547 354 728 407; x_wconf 68' lang='grc' dir='ltr'><em>ἰ’δρυται,</em></span> <span class='ocrx_word' id='word_1_17' title='bbox 762 349 816 403; x_wconf 83' lang='grc' dir='ltr'><strong>τιὴ</strong></span> <span class='ocrx_word' id='word_1_18' title='bbox 847 350 890 390; x_wconf 74' lang='grc' dir='ltr'><strong>δὲ</strong></span> <span class='ocrx_word' id='word_1_19' title='bbox 913 345 1115 405; x_wconf 80' lang='grc' dir='ltr'><em>ᾐιῦρηται,</em></span> <span class='ocrx_word' id='word_1_20' title='bbox 1144 352 1214 402; x_wconf 83' lang='grc' dir='ltr'><strong>τῆς</strong></span> <span class='ocrx_word' id='word_1_21' title='bbox 1250 355 1319 391; x_wconf 84' lang='grc' dir='ltr'><strong>τοῦ</strong></span> <span class='ocrx_word' id='word_1_22' title='bbox 1348 351 1540 403; x_wconf 83' lang='grc' dir='ltr'><em>βασιλέως</em></span> <span class='ocrx_word' id='word_1_23' title='bbox 1567 349 1766 403; x_wconf 76' lang='grc' dir='ltr'><em>δυνάμεως</em></span> 
     </span>
     <span class='ocr_line' id='line_1_4' title="bbox 354 413 1767 473; baseline -0.001 -14"><span class='ocrx_word' id='word_1_24' title='bbox 354 419 521 472; x_wconf 84' lang='grc' dir='ltr'><em>μέγεθος</em></span> <span class='ocrx_word' id='word_1_25' title='bbox 539 417 634 458; x_wconf 79' lang='grc' dir='ltr'><em>ἄλλο</em></span> <span class='ocrx_word' id='word_1_26' title='bbox 655 415 999 470; x_wconf 75' lang='grc' dir='ltr'><em>ἕπιτεχνησαμένης</em></span> <span class='ocrx_word' id='word_1_27' title='bbox 1017 420 1071 473; x_wconf 79' lang='grc' dir='ltr'><strong>τῷ</strong></span> <span class='ocrx_word' id='word_1_28' title='bbox 1093 413 1218 471; x_wconf 81' lang='grc' dir='ltr'><em>λόφῳ.</em></span> <span class='ocrx_word' id='word_1_29' title='bbox 1282 416 1427 470; x_wconf 78' lang='grc' dir='ltr'><strong><em>ταύτης</em></strong></span> <span class='ocrx_word' id='word_1_30' title='bbox 1443 418 1484 458; x_wconf 77' lang='grc' dir='ltr'><strong>δὲ</strong></span> <span class='ocrx_word' id='word_1_31' title='bbox 1505 417 1555 471; x_wconf 79' lang='grc' dir='ltr'><strong>δὴ</strong></span> <span class='ocrx_word' id='word_1_32' title='bbox 1574 421 1644 471; x_wconf 82' lang='grc' dir='ltr'><strong>τῆς</strong></span> <span class='ocrx_word' id='word_1_33' title='bbox 1661 419 1767 458; x_wconf 78' lang='grc' dir='ltr'><em>οἶκο-</em></span> 
     </span>
     <span class='ocr_line' id='line_1_5' title="bbox 220 481 1768 538; baseline -0.002 -12"><span class='ocrx_word' id='word_1_34' title='bbox 220 494 249 528; x_wconf 88' lang='grc' dir='ltr'>Ρ</span> <span class='ocrx_word' id='word_1_35' title='bbox 272 495 335 530; x_wconf 88' lang='grc'><strong>103</strong></span> <span class='ocrx_word' id='word_1_36' title='bbox 359 487 497 537; x_wconf 82' lang='grc' dir='ltr'><em>δομιάς</em></span> <span class='ocrx_word' id='word_1_37' title='bbox 525 485 561 524; x_wconf 76' lang='grc' dir='ltr'><strong>οἳ</strong></span> <span class='ocrx_word' id='word_1_38' title='bbox 595 486 702 524; x_wconf 81' lang='grc' dir='ltr'><em>λίθοι</em></span> <span class='ocrx_word' id='word_1_39' title='bbox 731 482 776 524; x_wconf 82' lang='grc' dir='ltr'><strong>οὗ</strong></span> <span class='ocrx_word' id='word_1_40' title='bbox 809 483 953 523; x_wconf 77' lang='grc' dir='ltr'><em>τοιοΐὸέ</em></span> <span class='ocrx_word' id='word_1_41' title='bbox 980 484 1052 524; x_wconf 78' lang='grc' dir='ltr'><em>εἶσι</em></span> <span class='ocrx_word' id='word_1_42' title='bbox 1078 483 1265 536; x_wconf 83' lang='grc' dir='ltr'><em>μέγεθος,</em></span> <span class='ocrx_word' id='word_1_43' title='bbox 1294 481 1450 532; x_wconf 78' lang='grc' dir='ltr'><strong><em>ὁποίους</em></strong></span> <span class='ocrx_word' id='word_1_44' title='bbox 1480 484 1603 536; x_wconf 75' lang='grc' dir='ltr'><em>ἴσμεν.</em></span> <span class='ocrx_word' id='word_1_45' title='bbox 1670 483 1768 538; x_wconf 85' lang='grc' dir='ltr'><em>πρὸς</em></span> 
     </span>
     <span class='ocr_line' id='line_1_6' title="bbox 356 547 1799 606; baseline -0.001 -16"><span class='ocrx_word' id='word_1_46' title='bbox 356 552 431 606; x_wconf 85' lang='grc' dir='ltr'><em>γὰρ</em></span> <span class='ocrx_word' id='word_1_47' title='bbox 452 555 522 592; x_wconf 83' lang='grc' dir='ltr'><strong>τοῦ</strong></span> <span class='ocrx_word' id='word_1_48' title='bbox 542 551 689 603; x_wconf 82' lang='grc' dir='ltr'><em>χωρίου</em></span> <span class='ocrx_word' id='word_1_49' title='bbox 710 549 781 602; x_wconf 81' lang='grc' dir='ltr'><strong>τὴν</strong></span> <span class='ocrx_word' id='word_1_50' title='bbox 807 547 925 604; x_wconf 75' lang='grc' dir='ltr'><em>φύσιν</em></span> <span class='ocrx_word' id='word_1_51' title='bbox 947 549 984 590; x_wconf 74' lang='grc' dir='ltr'><strong>οἱ</strong></span> <span class='ocrx_word' id='word_1_52' title='bbox 1012 550 1303 604; x_wconf 74' lang='grc' dir='ltr'><em>ἔπιδημιουργοὶ</em></span> <span class='ocrx_word' id='word_1_53' title='bbox 1323 553 1393 590; x_wconf 82' lang='grc' dir='ltr'><strong>τοῦ</strong></span> <span class='ocrx_word' id='word_1_54' title='bbox 1411 549 1522 604; x_wconf 71' lang='grc' dir='ltr'><em>ἔργον</em></span> <span class='ocrx_word' id='word_1_55' title='bbox 1543 551 1656 591; x_wconf 77' lang='grc' dir='ltr'><em>τοῦδε</em></span> <span class='ocrx_word' id='word_1_56' title='bbox 1679 551 1766 590; x_wconf 81' lang='grc' dir='ltr'><em>δια-</em></span> <span class='ocrx_word' id='word_1_57' title='bbox 1779 558 1799 593; x_wconf 89' lang='lat'><strong>5</strong></span> 
     </span>
     <span class='ocr_line' id='line_1_7' title="bbox 319 608 1767 672; baseline -0.003 -13"><span class='ocrx_word' id='word_1_58' title='bbox 319 608 329 618; x_wconf 55' lang='lat'><strong><em>⁴</em></strong></span> <span class='ocrx_word' id='word_1_59' title='bbox 357 615 571 672; x_wconf 82' lang='grc' dir='ltr'><em>μαχόμενοι</em></span> <span class='ocrx_word' id='word_1_60' title='bbox 606 616 712 668; x_wconf 69' lang='grc' dir='ltr'><em>ὕψος</em></span> <span class='ocrx_word' id='word_1_61' title='bbox 743 632 783 657; x_wconf 86' lang='grc' dir='ltr'><strong>τε</strong></span> <span class='ocrx_word' id='word_1_62' title='bbox 817 616 1132 670; x_wconf 83' lang='grc' dir='ltr'><em>ἀντιτεταγμένον</em></span> <span class='ocrx_word' id='word_1_63' title='bbox 1165 619 1221 671; x_wconf 73' lang='grc' dir='ltr'><strong>τῷ</strong></span> <span class='ocrx_word' id='word_1_64' title='bbox 1251 616 1426 672; x_wconf 80' lang='grc' dir='ltr'><em>σκοπέλῳ</em></span> <span class='ocrx_word' id='word_1_65' title='bbox 1464 615 1767 669; x_wconf 82' lang='grc' dir='ltr'><em>διαπονούμενοι,</em></span> 
     </span>
     <span class='ocr_line' id='line_1_8' title="bbox 357 681 1768 738; baseline -0.003 -12"><span class='ocrx_word' id='word_1_66' title='bbox 357 688 435 726; x_wconf 83' lang='grc' dir='ltr'><strong>τῶν</strong></span> <span class='ocrx_word' id='word_1_67' title='bbox 461 683 761 736; x_wconf 73' lang='grc' dir='ltr'><em>ξυνειθισμένων</em></span> <span class='ocrx_word' id='word_1_68' title='bbox 787 681 1075 738; x_wconf 82' lang='grc' dir='ltr'><em>ὠλιγωρηκότες</em></span> <span class='ocrx_word' id='word_1_69' title='bbox 1104 681 1284 723; x_wconf 77' lang='grc' dir='ltr'><em>ἁπάντων</em></span> <span class='ocrx_word' id='word_1_70' title='bbox 1310 683 1372 724; x_wconf 75' lang='grc' dir='ltr'><strong>ἐπὶ</strong></span> <span class='ocrx_word' id='word_1_71' title='bbox 1399 681 1448 723; x_wconf 79' lang='grc' dir='ltr'><strong>τὰ</strong></span> <span class='ocrx_word' id='word_1_72' title='bbox 1474 681 1679 737; x_wconf 78' lang='grc' dir='ltr'><em>παράδοξα</em></span> <span class='ocrx_word' id='word_1_73' title='bbox 1704 683 1768 723; x_wconf 81' lang='grc' dir='ltr'><em>καὶ</em></span> 
     </span>
     <span class='ocr_line' id='line_1_9' title="bbox 357 743 1770 804; baseline -0.002 -13"><span class='ocrx_word' id='word_1_74' title='bbox 357 749 459 798; x_wconf 82' lang='grc' dir='ltr'><em>ὅλως</em></span> <span class='ocrx_word' id='word_1_75' title='bbox 481 750 634 804; x_wconf 81' lang='grc' dir='ltr'><em>ἀγνῶτα</em></span> <span class='ocrx_word' id='word_1_76' title='bbox 663 754 741 790; x_wconf 80' lang='grc' dir='ltr'><strong>τῶν</strong></span> <span class='ocrx_word' id='word_1_77' title='bbox 765 749 1080 803; x_wconf 74' lang='grc' dir='ltr'><em>ἐπιτηδευμάτων</em></span> <span class='ocrx_word' id='word_1_78' title='bbox 1104 747 1289 804; x_wconf 62' lang='grc' dir='ltr'><em>ἐχώρουν.</em></span> <span class='ocrx_word' id='word_1_79' title='bbox 1352 748 1496 804; x_wconf 85' lang='grc' dir='ltr'><em>πέτρας</em></span> <span class='ocrx_word' id='word_1_80' title='bbox 1515 743 1582 790; x_wconf 74' lang='grc' dir='ltr'><strong>οὖν</strong></span> <span class='ocrx_word' id='word_1_81' title='bbox 1602 746 1770 803; x_wconf 75' lang='grc' dir='ltr'><em>ὕπερμε-</em></span> 
     </span>
     <span class='ocr_line' id='line_1_10' title="bbox 356 813 1771 871; baseline -0.004 -13"><span class='ocrx_word' id='word_1_82' title='bbox 356 817 488 871; x_wconf 83' lang='grc' dir='ltr'><em>γε’θεις</em></span> <span class='ocrx_word' id='word_1_83' title='bbox 507 819 548 858; x_wconf 75' lang='grc' dir='ltr'><strong>ἐκ</strong></span> <span class='ocrx_word' id='word_1_84' title='bbox 575 821 653 858; x_wconf 79' lang='grc' dir='ltr'><strong>τῶν</strong></span> <span class='ocrx_word' id='word_1_85' title='bbox 673 816 774 871; x_wconf 81' lang='grc' dir='ltr'><em>ὀρῶν</em></span> <span class='ocrx_word' id='word_1_86' title='bbox 793 814 1114 870; x_wconf 75' lang='grc' dir='ltr'><em>ὖποτεμνόμενοι,</em></span> <span class='ocrx_word' id='word_1_87' title='bbox 1147 815 1247 870; x_wconf 78' lang='grc' dir='ltr'><em>ἅπερ</em></span> <span class='ocrx_word' id='word_1_88' title='bbox 1270 813 1519 870; x_wconf 79' lang='grc' dir='ltr'><em>οὐρανομήκη</em></span> <span class='ocrx_word' id='word_1_89' title='bbox 1541 814 1581 856; x_wconf 77' lang='grc' dir='ltr'><em>ἓν</em></span> <span class='ocrx_word' id='word_1_90' title='bbox 1598 821 1678 864; x_wconf 83' lang='grc' dir='ltr'><em>τοῖς</em></span> <span class='ocrx_word' id='word_1_91' title='bbox 1695 813 1771 869; x_wconf 81' lang='grc' dir='ltr'><em>πρὸ</em></span> 
     </span>
     <span class='ocr_line' id='line_1_11' title="bbox 356 881 1825 938; baseline -0.002 -13"><span class='ocrx_word' id='word_1_92' title='bbox 356 888 427 935; x_wconf 77' lang='grc' dir='ltr'><strong>τῆς</strong></span> <span class='ocrx_word' id='word_1_93' title='bbox 449 881 596 932; x_wconf 82' lang='grc' dir='ltr'><em>πόλεως</em></span> <span class='ocrx_word' id='word_1_94' title='bbox 610 884 770 938; x_wconf 83' lang='grc' dir='ltr'><em>χωρίοις</em></span> <span class='ocrx_word' id='word_1_95' title='bbox 792 883 939 935; x_wconf 84' lang='grc' dir='ltr'><em>ἀνέχει,</em></span> <span class='ocrx_word' id='word_1_96' title='bbox 973 883 1158 933; x_wconf 80' lang='grc' dir='ltr'><em>ξύσαντές</em></span> <span class='ocrx_word' id='word_1_97' title='bbox 1176 899 1217 924; x_wconf 85' lang='grc' dir='ltr'><strong>τε</strong></span> <span class='ocrx_word' id='word_1_98' title='bbox 1245 881 1367 931; x_wconf 72' lang='grc' dir='ltr'><em>αὐτὰς</em></span> <span class='ocrx_word' id='word_1_99' title='bbox 1393 882 1677 934; x_wconf 74' lang='grc' dir='ltr'><em>ἐπισταμένως,</em></span> <span class='ocrx_word' id='word_1_100' title='bbox 1709 881 1771 921; x_wconf 76' lang='grc' dir='ltr'><em>ἐν·-</em></span> <span class='ocrx_word' id='word_1_101' title='bbox 1783 889 1825 922; x_wconf 86' lang='grc'><strong>10</strong></span> 
     </span>
     <span class='ocr_line' id='line_1_12' title="bbox 356 945 1775 1007; baseline -0.003 -16"><span class='ocrx_word' id='word_1_102' title='bbox 356 954 492 992; x_wconf 82' lang='grc' dir='ltr'><strong>ταῦθα</strong></span> <span class='ocrx_word' id='word_1_103' title='bbox 520 945 614 1004; x_wconf 78' lang='grc' dir='ltr'><em>ἦγον</em></span> <span class='ocrx_word' id='word_1_104' title='bbox 644 948 776 1006; x_wconf 83' lang='grc' dir='ltr'><em>τρόπῳ</em></span> <span class='ocrx_word' id='word_1_105' title='bbox 806 951 958 1007; x_wconf 76' lang='grc' dir='ltr'><em>τοιῷδε.</em></span> <span class='ocrx_word' id='word_1_106' title='bbox 1032 948 1187 1003; x_wconf 77' lang='grc' dir='ltr'><em>ἁμάξας</em></span> <span class='ocrx_word' id='word_1_107' title='bbox 1216 949 1287 1002; x_wconf 74' lang='grc' dir='ltr'><strong>μὲν</strong></span> <span class='ocrx_word' id='word_1_108' title='bbox 1310 955 1397 998; x_wconf 83' lang='grc' dir='ltr'><em>ταῖς</em></span> <span class='ocrx_word' id='word_1_109' title='bbox 1423 949 1583 1004; x_wconf 85' lang='grc' dir='ltr'><em>πέτραις</em></span> <span class='ocrx_word' id='word_1_110' title='bbox 1607 949 1775 989; x_wconf 74' lang='grc' dir='ltr'><em>ἐτεκταί-</em></span> 
     </span>
     <span class='ocr_line' id='line_1_13' title="bbox 357 1011 1774 1070; baseline -0.002 -12"><span class='ocrx_word' id='word_1_111' title='bbox 357 1033 469 1058; x_wconf 86' lang='grc' dir='ltr'><em>νοντο</em></span> <span class='ocrx_word' id='word_1_112' title='bbox 509 1018 667 1070; x_wconf 75' lang='grc' dir='ltr'><em>μεγέθει</em></span> <span class='ocrx_word' id='word_1_113' title='bbox 710 1016 817 1066; x_wconf 80' lang='grc' dir='ltr'><em>ἴσας,</em></span> <span class='ocrx_word' id='word_1_114' title='bbox 859 1017 926 1058; x_wconf 70' lang='grc' dir='ltr'><strong>ἵνα</strong></span> <span class='ocrx_word' id='word_1_115' title='bbox 969 1017 1012 1057; x_wconf 76' lang='grc' dir='ltr'><strong>δὲ</strong></span> <span class='ocrx_word' id='word_1_116' title='bbox 1044 1018 1161 1057; x_wconf 86' lang='grc' dir='ltr'><em>λίθον</em></span> <span class='ocrx_word' id='word_1_117' title='bbox 1201 1017 1414 1057; x_wconf 76' lang='grc' dir='ltr'><em>ε’νετίθεντο</em></span> <span class='ocrx_word' id='word_1_118' title='bbox 1447 1013 1581 1070; x_wconf 75' lang='grc' dir='ltr'><em>ἁμάξῃ</em></span> <span class='ocrx_word' id='word_1_119' title='bbox 1618 1011 1774 1069; x_wconf 75' lang='grc' dir='ltr'><em>ἓκάστῃ,</em></span> 
     </span>
     <span class='ocr_line' id='line_1_14' title="bbox 357 1079 1808 1137; baseline -0.002 -14"><span class='ocrx_word' id='word_1_120' title='bbox 357 1083 448 1136; x_wconf 82' lang='grc' dir='ltr'><em>βόες</em></span> <span class='ocrx_word' id='word_1_121' title='bbox 469 1099 510 1124; x_wconf 85' lang='grc' dir='ltr'><strong>τε</strong></span> <span class='ocrx_word' id='word_1_122' title='bbox 534 1083 757 1137; x_wconf 73' lang='grc' dir='ltr'><em>ἀριστίνδην</em></span> <span class='ocrx_word' id='word_1_123' title='bbox 779 1082 878 1135; x_wconf 86' lang='grc' dir='ltr'><em>πρὸς</em></span> <span class='ocrx_word' id='word_1_124' title='bbox 888 1081 1082 1134; x_wconf 81' lang='grc' dir='ltr'><em>βασιλέως</em></span> <span class='ocrx_word' id='word_1_125' title='bbox 1094 1083 1340 1136; x_wconf 73' lang='grc' dir='ltr'><em>ἐξειλεγμένοι</em></span> <span class='ocrx_word' id='word_1_126' title='bbox 1365 1082 1464 1123; x_wconf 82' lang='grc' dir='ltr'><em>κατὰ</em></span> <span class='ocrx_word' id='word_1_127' title='bbox 1485 1079 1776 1136; x_wconf 79' lang='grc' dir='ltr'><em>τεσσαράκοντα</em></span> <span class='ocrx_word' id='word_1_128' title='bbox 1805 1126 1808 1130; x_wconf 17' lang='grc' dir='ltr'><strong>Δ</strong></span> 
     </span>
     <span class='ocr_line' id='line_1_15' title="bbox 305 1146 1776 1203; baseline -0.003 -12"><span class='ocrx_word' id='word_1_129' title='bbox 305 1161 335 1195; x_wconf 88' lang='grc' dir='ltr'>Β</span> <span class='ocrx_word' id='word_1_130' title='bbox 359 1150 430 1191; x_wconf 82' lang='grc' dir='ltr'><em>σὺν</em></span> <span class='ocrx_word' id='word_1_131' title='bbox 451 1153 499 1203; x_wconf 84' lang='grc' dir='ltr'><em>τῇ</em></span> <span class='ocrx_word' id='word_1_132' title='bbox 525 1146 658 1203; x_wconf 74' lang='grc' dir='ltr'><em>ἀμάξῃ</em></span> <span class='ocrx_word' id='word_1_133' title='bbox 687 1148 753 1189; x_wconf 83' lang='grc' dir='ltr'><strong>τὸν</strong></span> <span class='ocrx_word' id='word_1_134' title='bbox 781 1149 896 1189; x_wconf 81' lang='grc' dir='ltr'><em>λίθον</em></span> <span class='ocrx_word' id='word_1_135' title='bbox 921 1149 1113 1203; x_wconf 77' lang='grc' dir='ltr'><em>ἒφεῖλκον.</em></span> <span class='ocrx_word' id='word_1_136' title='bbox 1179 1149 1272 1189; x_wconf 69' lang='grc' dir='ltr'><em>ἀλλ’</em></span> <span class='ocrx_word' id='word_1_137' title='bbox 1299 1149 1377 1190; x_wconf 70' lang='grc' dir='ltr'><strong>ἐπεὶ</strong></span> <span class='ocrx_word' id='word_1_138' title='bbox 1400 1149 1471 1198; x_wconf 80' lang='grc' dir='ltr'><strong>τὰς</strong></span> <span class='ocrx_word' id='word_1_139' title='bbox 1502 1150 1541 1197; x_wconf 81' lang='grc' dir='ltr'><em>ἔς</em></span> <span class='ocrx_word' id='word_1_140' title='bbox 1566 1148 1636 1200; x_wconf 84' lang='grc' dir='ltr'><strong>τὴν</strong></span> <span class='ocrx_word' id='word_1_141' title='bbox 1664 1146 1776 1188; x_wconf 84' lang='grc' dir='ltr'><em>πόλιν</em></span> 
     </span>
     <span class='ocr_line' id='line_1_16' title="bbox 359 1208 1829 1272; baseline -0.001 -16"><span class='ocrx_word' id='word_1_142' title='bbox 359 1213 558 1272; x_wconf 72' lang='grc' dir='ltr'><em>φερούσας</em></span> <span class='ocrx_word' id='word_1_143' title='bbox 585 1213 702 1263; x_wconf 78' lang='grc' dir='ltr'><em>ὁδοὺς</em></span> <span class='ocrx_word' id='word_1_144' title='bbox 727 1213 875 1262; x_wconf 84' lang='grc' dir='ltr'><em>ταύτας</em></span> <span class='ocrx_word' id='word_1_145' title='bbox 903 1215 952 1267; x_wconf 86' lang='grc' dir='ltr'><strong>δὴ</strong></span> <span class='ocrx_word' id='word_1_146' title='bbox 978 1215 1108 1270; x_wconf 85' lang='grc' dir='ltr'><em>φέρειν</em></span> <span class='ocrx_word' id='word_1_147' title='bbox 1133 1214 1204 1263; x_wconf 80' lang='grc' dir='ltr'><strong>τὰς</strong></span> <span class='ocrx_word' id='word_1_148' title='bbox 1228 1213 1382 1266; x_wconf 76' lang='grc' dir='ltr'><em>ἁμάξας</em></span> <span class='ocrx_word' id='word_1_149' title='bbox 1406 1214 1588 1268; x_wconf 82' lang='grc' dir='ltr'><em>ἀμήχανα</em></span> <span class='ocrx_word' id='word_1_150' title='bbox 1612 1208 1684 1267; x_wconf 80' lang='grc' dir='ltr'><strong>ἦν,</strong></span> <span class='ocrx_word' id='word_1_151' title='bbox 1711 1214 1829 1255; x_wconf 61' lang='lat' dir='ltr'><strong>{ac-1⁵</strong></span> 
     </span>
     <span class='ocr_line' id='line_1_17' title="bbox 357 1278 1779 1336; baseline -0.002 -13"><span class='ocrx_word' id='word_1_152' title='bbox 357 1284 558 1335; x_wconf 77' lang='grc' dir='ltr'><em>τέμνοντες</em></span> <span class='ocrx_word' id='word_1_153' title='bbox 580 1283 819 1322; x_wconf 76' lang='grc' dir='ltr'><em>ἐπιπλεΐστον</em></span> <span class='ocrx_word' id='word_1_154' title='bbox 845 1281 894 1322; x_wconf 82' lang='grc' dir='ltr'><strong>τὰ</strong></span> <span class='ocrx_word' id='word_1_155' title='bbox 922 1280 995 1336; x_wconf 77' lang='grc' dir='ltr'><em>ὅρη</em></span> <span class='ocrx_word' id='word_1_156' title='bbox 1018 1281 1174 1335; x_wconf 77' lang='grc' dir='ltr'><em>ἔσιτητὰ</em></span> <span class='ocrx_word' id='word_1_157' title='bbox 1200 1287 1286 1330; x_wconf 80' lang='grc' dir='ltr'><em>ταῖς</em></span> <span class='ocrx_word' id='word_1_158' title='bbox 1307 1281 1588 1335; x_wconf 72' lang='grc' dir='ltr'><em>ἐπιγενομένοις</em></span> <span class='ocrx_word' id='word_1_159' title='bbox 1609 1278 1779 1332; x_wconf 77' lang='grc' dir='ltr'><em>ἀμάξαις</em></span> 
     </span>
     <span class='ocr_line' id='line_1_18' title="bbox 359 1342 1854 1403; baseline -0.003 -13"><span class='ocrx_word' id='word_1_160' title='bbox 359 1350 528 1399; x_wconf 69' lang='grc' dir='ltr'><em>ἐποίουν,</em></span> <span class='ocrx_word' id='word_1_161' title='bbox 558 1347 682 1397; x_wconf 75' lang='grc' dir='ltr'><em>οὕτως</em></span> <span class='ocrx_word' id='word_1_162' title='bbox 703 1364 744 1388; x_wconf 85' lang='grc' dir='ltr'><strong>τε</strong></span> <span class='ocrx_word' id='word_1_163' title='bbox 762 1346 955 1403; x_wconf 80' lang='grc' dir='ltr'><em>περιμήκη</em></span> <span class='ocrx_word' id='word_1_164' title='bbox 975 1346 1257 1403; x_wconf 78' lang='grc' dir='ltr'><em>ἀπειργάσαντο</em></span> <span class='ocrx_word' id='word_1_165' title='bbox 1276 1348 1343 1389; x_wconf 83' lang='grc' dir='ltr'><strong>τὸν</strong></span> <span class='ocrx_word' id='word_1_166' title='bbox 1364 1348 1459 1389; x_wconf 77' lang='grc' dir='ltr'><em>νεῶν</em></span> <span class='ocrx_word' id='word_1_167' title='bbox 1469 1379 1482 1398; x_wconf 97' lang='grc'><em>,</em></span> <span class='ocrx_word' id='word_1_168' title='bbox 1515 1342 1614 1402; x_wconf 80' lang='grc' dir='ltr'><em>ᾗπερ</em></span> <span class='ocrx_word' id='word_1_169' title='bbox 1632 1350 1779 1399; x_wconf 79' lang='grc' dir='ltr'><em>βουλο-</em></span> <span class='ocrx_word' id='word_1_170' title='bbox 1832 1374 1835 1376; x_wconf 88' lang='grc'>-</span> <span class='ocrx_word' id='word_1_171' title='bbox 1852 1366 1854 1368; x_wconf 60' lang='grc'>’</span> 
     </span>
     <span class='ocr_line' id='line_1_19' title="bbox 359 1409 1778 1472; baseline -0.002 -15"><span class='ocrx_word' id='word_1_172' title='bbox 359 1416 462 1472; x_wconf 80' lang='grc' dir='ltr'><em>μένῳ</em></span> <span class='ocrx_word' id='word_1_173' title='bbox 493 1420 548 1472; x_wconf 80' lang='grc' dir='ltr'><strong>τῷ</strong></span> <span class='ocrx_word' id='word_1_174' title='bbox 576 1418 736 1467; x_wconf 83' lang='grc' dir='ltr'><em>βασιλεῖ’</em></span> <span class='ocrx_word' id='word_1_175' title='bbox 761 1409 820 1466; x_wconf 78' lang='grc' dir='ltr'><em>ἦν.</em></span> <span class='ocrx_word' id='word_1_176' title='bbox 888 1409 1000 1469; x_wconf 70' lang='grc' dir='ltr'><em>εὖρός</em></span> <span class='ocrx_word' id='word_1_177' title='bbox 1035 1431 1077 1456; x_wconf 84' lang='grc' dir='ltr'><strong>τε</strong></span> <span class='ocrx_word' id='word_1_178' title='bbox 1107 1414 1215 1470; x_wconf 73' lang='grc' dir='ltr'><em>αὐτῷ</em></span> <span class='ocrx_word' id='word_1_179' title='bbox 1243 1415 1343 1456; x_wconf 84' lang='grc' dir='ltr'><em>κατὰ</em></span> <span class='ocrx_word' id='word_1_180' title='bbox 1374 1413 1489 1469; x_wconf 87' lang='grc' dir='ltr'><em>λόγον</em></span> <span class='ocrx_word' id='word_1_181' title='bbox 1518 1413 1778 1467; x_wconf 82' lang='grc' dir='ltr'><em>πεποιημένοι,</em></span> 
     </span>
     <span class='ocr_line' id='line_1_20' title="bbox 358 1475 1779 1538; baseline -0.004 -13"><span class='ocrx_word' id='word_1_182' title='bbox 358 1483 469 1536; x_wconf 78' lang='grc' dir='ltr'><em>τέγος</em></span> <span class='ocrx_word' id='word_1_183' title='bbox 498 1483 689 1523; x_wconf 73' lang='grc' dir='ltr'><em>ἐπιθεῖναι</em></span> <span class='ocrx_word' id='word_1_184' title='bbox 712 1486 768 1537; x_wconf 75' lang='grc' dir='ltr'><strong>τῷ</strong></span> <span class='ocrx_word' id='word_1_185' title='bbox 798 1482 890 1538; x_wconf 75' lang='grc' dir='ltr'><em>ἱερῷ</em></span> <span class='ocrx_word' id='word_1_186' title='bbox 916 1479 970 1529; x_wconf 83' lang='grc' dir='ltr'><em>ὥς</em></span> <span class='ocrx_word' id='word_1_187' title='bbox 997 1479 1136 1534; x_wconf 74' lang='grc' dir='ltr'><em>ἥκιστα</em></span> <span class='ocrx_word' id='word_1_188' title='bbox 1168 1479 1281 1533; x_wconf 75' lang='grc' dir='ltr'><em>εἶχον.</em></span> <span class='ocrx_word' id='word_1_189' title='bbox 1349 1478 1523 1537; x_wconf 79' lang='grc' dir='ltr'><em>δρυμούς</em></span> <span class='ocrx_word' id='word_1_190' title='bbox 1546 1497 1587 1522; x_wconf 84' lang='grc' dir='ltr'><strong>τε</strong></span> <span class='ocrx_word' id='word_1_191' title='bbox 1618 1475 1686 1521; x_wconf 76' lang='grc' dir='ltr'><strong>οὗν</strong></span> <span class='ocrx_word' id='word_1_192' title='bbox 1713 1481 1779 1520; x_wconf 82' lang='grc' dir='ltr'><strong>καὶ</strong></span> 
     </span>
     <span class='ocr_line' id='line_1_21' title="bbox 362 1545 1843 1612; baseline -0.001 -22"><span class='ocrx_word' id='word_1_193' title='bbox 362 1548 465 1602; x_wconf 82' lang='grc' dir='ltr'><em>δάση</em></span> <span class='ocrx_word' id='word_1_194' title='bbox 486 1547 613 1589; x_wconf 80' lang='grc' dir='ltr'><em>πάντα</em></span> <span class='ocrx_word' id='word_1_195' title='bbox 642 1546 871 1603; x_wconf 76' lang='grc' dir='ltr'><em>περιιόντες,</em></span> <span class='ocrx_word' id='word_1_196' title='bbox 900 1549 964 1588; x_wconf 83' lang='grc' dir='ltr'><strong>καὶ</strong></span> <span class='ocrx_word' id='word_1_197' title='bbox 990 1547 1030 1588; x_wconf 82' lang='grc' dir='ltr'><strong>εἴ</strong></span> <span class='ocrx_word' id='word_1_198' title='bbox 1048 1546 1122 1589; x_wconf 83' lang='grc' dir='ltr'><strong>πού</strong></span> <span class='ocrx_word' id='word_1_199' title='bbox 1144 1563 1180 1588; x_wconf 90' lang='grc' dir='ltr'><strong>τι</strong></span> <span class='ocrx_word' id='word_1_200' title='bbox 1203 1548 1351 1603; x_wconf 80' lang='grc' dir='ltr'><em>χωρίον</em></span> <span class='ocrx_word' id='word_1_201' title='bbox 1369 1546 1529 1601; x_wconf 78' lang='grc' dir='ltr'><em>ἠκούετο</em></span> <span class='ocrx_word' id='word_1_202' title='bbox 1555 1545 1843 1612; x_wconf 55' lang='grc' dir='ltr'><em>οὗρανομή-ΞΟ.</em></span> 
     </span>
     <span class='ocr_line' id='line_1_22' title="bbox 361 1609 1782 1670; baseline -0.001 -14"><span class='ocrx_word' id='word_1_203' title='bbox 361 1631 444 1656; x_wconf 84' lang='grc' dir='ltr'><em>κεσι</em></span> <span class='ocrx_word' id='word_1_204' title='bbox 472 1614 698 1670; x_wconf 80' lang='grc' dir='ltr'><em>κατάφυτον</em></span> <span class='ocrx_word' id='word_1_205' title='bbox 729 1615 922 1668; x_wconf 78' lang='grc' dir='ltr'><em>δένδροις,</em></span> <span class='ocrx_word' id='word_1_206' title='bbox 957 1612 1053 1667; x_wconf 79' lang='grc' dir='ltr'><em>ῧλην</em></span> <span class='ocrx_word' id='word_1_207' title='bbox 1087 1613 1173 1655; x_wconf 82' lang='grc' dir='ltr'><em>τινὰ</em></span> <span class='ocrx_word' id='word_1_208' title='bbox 1206 1609 1318 1669; x_wconf 68' lang='grc' dir='ltr'><em>εὗρον</em></span> <span class='ocrx_word' id='word_1_209' title='bbox 1351 1614 1565 1670; x_wconf 82' lang='grc' dir='ltr'><em>ἀμφιλαφῆ</em></span> <span class='ocrx_word' id='word_1_210' title='bbox 1574 1645 1586 1663; x_wconf 89' lang='grc'><em>,</em></span> <span class='ocrx_word' id='word_1_211' title='bbox 1621 1613 1782 1669; x_wconf 79' lang='grc' dir='ltr'><em>κέδρους</em></span> 
     </span>
     <span class='ocr_line' id='line_1_23' title="bbox 362 1677 1780 1738; baseline -0.001 -15"><span class='ocrx_word' id='word_1_212' title='bbox 362 1682 559 1738; x_wconf 73' lang='grc' dir='ltr'><em>φέρουσαν</em></span> <span class='ocrx_word' id='word_1_213' title='bbox 582 1682 621 1729; x_wconf 77' lang='grc' dir='ltr'><em>ἐς</em></span> <span class='ocrx_word' id='word_1_214' title='bbox 639 1680 744 1733; x_wconf 67' lang='grc' dir='ltr'><em>’ὕψος</em></span> <span class='ocrx_word' id='word_1_215' title='bbox 767 1681 1034 1733; x_wconf 79' lang='grc' dir='ltr'><em>ἕξικνουμένας</em></span> <span class='ocrx_word' id='word_1_216' title='bbox 1056 1680 1270 1735; x_wconf 85' lang='grc' dir='ltr'><em>ἀπέραντον</em></span> <span class='ocrx_word' id='word_1_217' title='bbox 1290 1678 1407 1730; x_wconf 81' lang='grc' dir='ltr'><em>ὅσον,</em></span> <span class='ocrx_word' id='word_1_218' title='bbox 1443 1677 1506 1729; x_wconf 80' lang='grc' dir='ltr'><strong>αἷς</strong></span> <span class='ocrx_word' id='word_1_219' title='bbox 1525 1679 1572 1734; x_wconf 81' lang='grc' dir='ltr'><strong>δὴ</strong></span> <span class='ocrx_word' id='word_1_220' title='bbox 1592 1679 1664 1733; x_wconf 81' lang='grc' dir='ltr'><strong>τὴν</strong></span> <span class='ocrx_word' id='word_1_221' title='bbox 1685 1680 1780 1736; x_wconf 81' lang='grc' dir='ltr'><em>ὀρο-</em></span> 
     </span>
     <span class='ocr_line' id='line_1_24' title="bbox 363 1745 1780 1804; baseline 0 -16"><span class='ocrx_word' id='word_1_222' title='bbox 363 1749 443 1804; x_wconf 81' lang='grc' dir='ltr'><em>φὴν</em></span> <span class='ocrx_word' id='word_1_223' title='bbox 465 1752 520 1803; x_wconf 79' lang='grc' dir='ltr'><strong>τῷ</strong></span> <span class='ocrx_word' id='word_1_224' title='bbox 538 1747 609 1803; x_wconf 73' lang='grc' dir='ltr'><em>νεῷ</em></span> <span class='ocrx_word' id='word_1_225' title='bbox 627 1746 775 1796; x_wconf 72' lang='grc' dir='ltr'><em>ἔθεντο,</em></span> <span class='ocrx_word' id='word_1_226' title='bbox 803 1747 910 1798; x_wconf 66' lang='grc' dir='ltr'><em>τῖ’ψος</em></span> <span class='ocrx_word' id='word_1_227' title='bbox 929 1747 1038 1802; x_wconf 76' lang='grc' dir='ltr'><em>αὐτῷ</em></span> <span class='ocrx_word' id='word_1_228' title='bbox 1056 1746 1158 1787; x_wconf 83' lang='grc' dir='ltr'><em>κατὰ</em></span> <span class='ocrx_word' id='word_1_229' title='bbox 1176 1746 1318 1802; x_wconf 85' lang='grc' dir='ltr'><em>μέτρον</em></span> <span class='ocrx_word' id='word_1_230' title='bbox 1334 1746 1594 1800; x_wconf 82' lang='grc' dir='ltr'><em>πεποιημένοι,</em></span> <span class='ocrx_word' id='word_1_231' title='bbox 1627 1747 1668 1796; x_wconf 76' lang='grc' dir='ltr'><em>ἔς</em></span> <span class='ocrx_word' id='word_1_232' title='bbox 1687 1745 1780 1788; x_wconf 84' lang='grc' dir='ltr'><em>ὅσον</em></span> 
     </span>
     <span class='ocr_line' id='line_1_25' title="bbox 313 1807 1780 1869; baseline -0.001 -13"><span class='ocrx_word' id='word_1_233' title='bbox 313 1831 343 1865; x_wconf 81' lang='lat' dir='ltr'>c</span> <span class='ocrx_word' id='word_1_234' title='bbox 365 1832 406 1856; x_wconf 78' lang='grc' dir='ltr'><strong>τε</strong></span> <span class='ocrx_word' id='word_1_235' title='bbox 431 1813 628 1869; x_wconf 72' lang='grc' dir='ltr'><em>εὐρύνεται</em></span> <span class='ocrx_word' id='word_1_236' title='bbox 658 1815 721 1853; x_wconf 83' lang='grc' dir='ltr'><strong>καὶ</strong></span> <span class='ocrx_word' id='word_1_237' title='bbox 747 1814 786 1861; x_wconf 73' lang='grc' dir='ltr'><em>ἐς</em></span> <span class='ocrx_word' id='word_1_238' title='bbox 816 1812 860 1852; x_wconf 85' lang='grc' dir='ltr'><strong>τὸ</strong></span> <span class='ocrx_word' id='word_1_239' title='bbox 890 1817 1015 1865; x_wconf 83' lang='grc' dir='ltr'><em>μῆκος</em></span> <span class='ocrx_word' id='word_1_240' title='bbox 1038 1811 1224 1867; x_wconf 71' lang='grc' dir='ltr'><em>ἐξάγεται.</em></span> <span class='ocrx_word' id='word_1_241' title='bbox 1289 1817 1414 1854; x_wconf 81' lang='grc' dir='ltr'><em>ταῦτα</em></span> <span class='ocrx_word' id='word_1_242' title='bbox 1432 1814 1503 1866; x_wconf 78' lang='grc' dir='ltr'><strong>μὲν</strong></span> <span class='ocrx_word' id='word_1_243' title='bbox 1527 1807 1596 1855; x_wconf 69' lang='grc' dir='ltr'><strong>οὖν</strong></span> <span class='ocrx_word' id='word_1_244' title='bbox 1617 1811 1780 1866; x_wconf 79' lang='grc' dir='ltr'><em>δυνάμει</em></span> 
     </span>
     <span class='ocr_line' id='line_1_26' title="bbox 361 1878 1831 1939; baseline 0.001 -17"><span class='ocrx_word' id='word_1_245' title='bbox 361 1897 403 1923; x_wconf 86' lang='grc' dir='ltr'><strong>τε</strong></span> <span class='ocrx_word' id='word_1_246' title='bbox 427 1881 654 1939; x_wconf 65' lang='grc' dir='ltr'><em>ἀνθρωπεία</em></span> <span class='ocrx_word' id='word_1_247' title='bbox 680 1880 745 1920; x_wconf 86' lang='grc' dir='ltr'><strong>καὶ</strong></span> <span class='ocrx_word' id='word_1_248' title='bbox 765 1879 876 1934; x_wconf 78' lang='grc' dir='ltr'><em>τέχνῃ</em></span> <span class='ocrx_word' id='word_1_249' title='bbox 895 1879 1082 1932; x_wconf 77' lang='grc' dir='ltr'><em>βασιλεὺς</em></span> <span class='ocrx_word' id='word_1_250' title='bbox 1099 1880 1368 1930; x_wconf 79' lang='grc' dir='ltr'><em>Ἰουστινιανὸς</em></span> <span class='ocrx_word' id='word_1_251' title='bbox 1387 1878 1649 1937; x_wconf 72' lang='grc' dir='ltr'><em>ἐξειργάσατο.</em></span> <span class='ocrx_word' id='word_1_252' title='bbox 1691 1880 1831 1924; x_wconf 74' lang='grc' dir='ltr'><em>ἔπε’-26</em></span> 
     </span>
    </p>
   </div>
   <div class='ocr_carea' id='block_1_3' title="bbox 362 2005 1783 2811">
    <p class='ocr_par' dir='ltr' id='par_1_3' title="bbox 362 2005 1783 2811">
     <span class='ocr_line' id='line_1_27' title="bbox 362 2005 1780 2085; baseline -0.001 -44"><span class='ocrx_word' id='word_1_253' title='bbox 362 2010 550 2041; x_wconf 77' lang='lat' dir='ltr'><strong>texuerunt.</strong></span> <span class='ocrx_word' id='word_1_254' title='bbox 597 2007 717 2051; x_wconf 83' lang='lat' dir='ltr'><strong>Itaque</strong></span> <span class='ocrx_word' id='word_1_255' title='bbox 739 2017 833 2040; x_wconf 83' lang='lat' dir='ltr'><strong>sacra</strong></span> <span class='ocrx_word' id='word_1_256' title='bbox 855 2005 955 2040; x_wconf 82' lang='lat' dir='ltr'><strong>aedes</strong></span> <span class='ocrx_word' id='word_1_257' title='bbox 979 2006 1099 2051; x_wconf 86' lang='lat' dir='ltr'><strong>partim</strong></span> <span class='ocrx_word' id='word_1_258' title='bbox 1119 2006 1193 2051; x_wconf 88' lang='lat' dir='ltr'><strong>rupi</strong></span> <span class='ocrx_word' id='word_1_259' title='bbox 1215 2006 1340 2041; x_wconf 82' lang='lat' dir='ltr'><strong>solidae</strong></span> <span class='ocrx_word' id='word_1_260' title='bbox 1354 2006 1492 2048; x_wconf 85' lang='lat' dir='ltr'><strong>insidet,</strong></span> <span class='ocrx_word' id='word_1_261' title='bbox 1513 2006 1632 2052; x_wconf 86' lang='lat' dir='ltr'><strong>partim</strong></span> <span class='ocrx_word' id='word_1_262' title='bbox 1648 2007 1780 2085; x_wconf 58' lang='lat' dir='ltr'><strong>Ymdet,</strong></span> 
     </span>
     <span class='ocr_line' id='line_1_28' title="bbox 364 2051 1780 2096; baseline 0.001 -11"><span class='ocrx_word' id='word_1_263' title='bbox 364 2052 517 2085; x_wconf 80' lang='lat' dir='ltr'><strong>adiuncta</strong></span> <span class='ocrx_word' id='word_1_264' title='bbox 534 2052 607 2085; x_wconf 89' lang='lat' dir='ltr'><strong>colli</strong></span> <span class='ocrx_word' id='word_1_265' title='bbox 623 2052 815 2085; x_wconf 79' lang='lat' dir='ltr'><strong>accensione</strong></span> <span class='ocrx_word' id='word_1_266' title='bbox 829 2051 948 2095; x_wconf 82' lang='lat' dir='ltr'><strong>opibus</strong></span> <span class='ocrx_word' id='word_1_267' title='bbox 969 2051 1186 2096; x_wconf 86' lang='lat' dir='ltr'><strong>imperatoris.</strong></span> <span class='ocrx_word' id='word_1_268' title='bbox 1231 2052 1494 2085; x_wconf 81' lang='lat' dir='ltr'><strong>Substructionis</strong></span> <span class='ocrx_word' id='word_1_269' title='bbox 1509 2057 1616 2086; x_wconf 84' lang='lat' dir='ltr'><strong>autem</strong></span> <span class='ocrx_word' id='word_1_270' title='bbox 1629 2052 1652 2085; x_wconf 89' lang='lat' dir='ltr'><strong>il</strong></span> <span class='ocrx_word' id='word_1_271' title='bbox 1663 2052 1714 2085; x_wconf 85' lang='lat' dir='ltr'><strong>ius</strong></span> <span class='ocrx_word' id='word_1_272' title='bbox 1730 2052 1780 2086; x_wconf 90' lang='lat' dir='ltr'><strong>la-</strong></span> 
     </span>
     <span class='ocr_line' id='line_1_29' title="bbox 363 2095 1781 2140; baseline 0.001 -12"><span class='ocrx_word' id='word_1_273' title='bbox 363 2096 460 2140; x_wconf 88' lang='lat' dir='ltr'><strong>pides</strong></span> <span class='ocrx_word' id='word_1_274' title='bbox 475 2096 638 2129; x_wconf 87' lang='lat' dir='ltr'><strong>insinuata</strong></span> <span class='ocrx_word' id='word_1_275' title='bbox 653 2101 728 2128; x_wconf 87' lang='lat' dir='ltr'><strong>sunt</strong></span> <span class='ocrx_word' id='word_1_276' title='bbox 742 2096 974 2138; x_wconf 80' lang='lat' dir='ltr'><strong>magnitudine.</strong></span> <span class='ocrx_word' id='word_1_277' title='bbox 1019 2097 1102 2128; x_wconf 91' lang='lat' dir='ltr'><strong>Cum</strong></span> <span class='ocrx_word' id='word_1_278' title='bbox 1116 2096 1199 2129; x_wconf 90' lang='lat' dir='ltr'><strong>enim</strong></span> <span class='ocrx_word' id='word_1_279' title='bbox 1215 2095 1360 2129; x_wconf 84' lang='lat' dir='ltr'><strong>artifices</strong></span> <span class='ocrx_word' id='word_1_280' title='bbox 1374 2096 1630 2130; x_wconf 75' lang='lat' dir='ltr'><strong>adversarentur</strong></span> <span class='ocrx_word' id='word_1_281' title='bbox 1643 2100 1781 2130; x_wconf 84' lang='lat' dir='ltr'><strong>naturae</strong></span> 
     </span>
     <span class='ocr_line' id='line_1_30' title="bbox 364 2139 1783 2184; baseline 0.001 -11"><span class='ocrx_word' id='word_1_282' title='bbox 364 2140 447 2182; x_wconf 80' lang='lat' dir='ltr'><strong>loci,</strong></span> <span class='ocrx_word' id='word_1_283' title='bbox 475 2146 509 2173; x_wconf 89' lang='lat' dir='ltr'><strong>et</strong></span> <span class='ocrx_word' id='word_1_284' title='bbox 530 2141 655 2173; x_wconf 89' lang='lat' dir='ltr'><strong>culmen</strong></span> <span class='ocrx_word' id='word_1_285' title='bbox 688 2140 762 2184; x_wconf 92' lang='lat' dir='ltr'><strong>rupi</strong></span> <span class='ocrx_word' id='word_1_286' title='bbox 784 2141 942 2173; x_wconf 88' lang='lat' dir='ltr'><strong>aemulum</strong></span> <span class='ocrx_word' id='word_1_287' title='bbox 966 2139 1177 2183; x_wconf 78' lang='lat' dir='ltr'><strong>molirentur,</strong></span> <span class='ocrx_word' id='word_1_288' title='bbox 1208 2141 1328 2184; x_wconf 83' lang='lat' dir='ltr'><strong>spretis</strong></span> <span class='ocrx_word' id='word_1_289' title='bbox 1350 2139 1542 2183; x_wconf 79' lang='lat' dir='ltr'><strong>vulgaribus</strong></span> <span class='ocrx_word' id='word_1_290' title='bbox 1565 2141 1610 2175; x_wconf 84' lang='lat' dir='ltr'><strong>ad</strong></span> <span class='ocrx_word' id='word_1_291' title='bbox 1639 2141 1783 2175; x_wconf 83' lang='lat' dir='ltr'><strong>insuetas</strong></span> 
     </span>
     <span class='ocr_line' id='line_1_31' title="bbox 365 2185 1782 2230; baseline 0.003 -14"><span class='ocrx_word' id='word_1_292' title='bbox 365 2185 528 2230; x_wconf 83' lang='lat' dir='ltr'><strong>planeque</strong></span> <span class='ocrx_word' id='word_1_293' title='bbox 542 2185 673 2227; x_wconf 83' lang='lat' dir='ltr'><strong>ignotas</strong></span> <span class='ocrx_word' id='word_1_294' title='bbox 688 2190 777 2217; x_wconf 86' lang='lat' dir='ltr'><strong>artes</strong></span> <span class='ocrx_word' id='word_1_295' title='bbox 793 2196 828 2217; x_wconf 87' lang='lat' dir='ltr'><strong>se</strong></span> <span class='ocrx_word' id='word_1_296' title='bbox 850 2189 1096 2218; x_wconf 86' lang='lat' dir='ltr'><strong>converterunt.</strong></span> <span class='ocrx_word' id='word_1_297' title='bbox 1147 2185 1239 2228; x_wconf 79' lang='lat' dir='ltr'><strong>Ergo</strong></span> <span class='ocrx_word' id='word_1_298' title='bbox 1256 2197 1297 2218; x_wconf 90' lang='lat' dir='ltr'><strong>ex</strong></span> <span class='ocrx_word' id='word_1_299' title='bbox 1313 2186 1494 2226; x_wconf 85' lang='lat' dir='ltr'><strong>montibus,</strong></span> <span class='ocrx_word' id='word_1_300' title='bbox 1517 2187 1574 2230; x_wconf 87' lang='lat' dir='ltr'><strong>qui</strong></span> <span class='ocrx_word' id='word_1_301' title='bbox 1595 2190 1672 2219; x_wconf 76' lang='lat' dir='ltr'><strong>sunt</strong></span> <span class='ocrx_word' id='word_1_302' title='bbox 1684 2191 1782 2220; x_wconf 78' lang='lat' dir='ltr'><strong>extra</strong></span> 
     </span>
     <span class='ocr_line' id='line_1_32' title="bbox 364 2229 1780 2274; baseline 0.002 -13"><span class='ocrx_word' id='word_1_303' title='bbox 364 2229 477 2261; x_wconf 89' lang='lat' dir='ltr'><strong>urbem</strong></span> <span class='ocrx_word' id='word_1_304' title='bbox 502 2229 667 2269; x_wconf 80' lang='lat' dir='ltr'><strong>altissimi,</strong></span> <span class='ocrx_word' id='word_1_305' title='bbox 693 2239 771 2261; x_wconf 85' lang='lat' dir='ltr'><strong>saxa</strong></span> <span class='ocrx_word' id='word_1_306' title='bbox 797 2229 946 2262; x_wconf 82' lang='lat' dir='ltr'><strong>immania</strong></span> <span class='ocrx_word' id='word_1_307' title='bbox 972 2229 1186 2271; x_wconf 81' lang='lat' dir='ltr'><strong>excidebant,</strong></span> <span class='ocrx_word' id='word_1_308' title='bbox 1211 2234 1246 2262; x_wconf 87' lang='lat' dir='ltr'><strong>et</strong></span> <span class='ocrx_word' id='word_1_309' title='bbox 1274 2229 1403 2262; x_wconf 83' lang='lat' dir='ltr'><strong>affabre</strong></span> <span class='ocrx_word' id='word_1_310' title='bbox 1429 2230 1575 2274; x_wconf 79' lang='lat' dir='ltr'><strong>scalpta,</strong></span> <span class='ocrx_word' id='word_1_311' title='bbox 1598 2230 1661 2264; x_wconf 87' lang='lat' dir='ltr'><strong>hoc</strong></span> <span class='ocrx_word' id='word_1_312' title='bbox 1686 2230 1780 2264; x_wconf 87' lang='lat' dir='ltr'><strong>modo</strong></span> 
     </span>
     <span class='ocr_line' id='line_1_33' title="bbox 364 2273 1781 2318; baseline 0.002 -12"><span class='ocrx_word' id='word_1_313' title='bbox 364 2274 552 2306; x_wconf 78' lang='lat' dir='ltr'><strong>vectabant.</strong></span> <span class='ocrx_word' id='word_1_314' title='bbox 597 2273 779 2313; x_wconf 84' lang='lat' dir='ltr'><strong>Plaustris,</strong></span> <span class='ocrx_word' id='word_1_315' title='bbox 802 2284 887 2316; x_wconf 90' lang='lat' dir='ltr'><strong>quae</strong></span> <span class='ocrx_word' id='word_1_316' title='bbox 909 2273 994 2306; x_wconf 83' lang='lat' dir='ltr'><strong>saxis</strong></span> <span class='ocrx_word' id='word_1_317' title='bbox 1013 2274 1159 2318; x_wconf 82' lang='lat' dir='ltr'><strong>aequalia</strong></span> <span class='ocrx_word' id='word_1_318' title='bbox 1182 2274 1406 2317; x_wconf 86' lang='lat' dir='ltr'><strong>magnitudine</strong></span> <span class='ocrx_word' id='word_1_319' title='bbox 1429 2275 1691 2316; x_wconf 80' lang='lat' dir='ltr'><strong>fabricaverant,</strong></span> <span class='ocrx_word' id='word_1_320' title='bbox 1713 2275 1781 2308; x_wconf 87' lang='lat' dir='ltr'><strong>sin-</strong></span> 
     </span>
     <span class='ocr_line' id='line_1_34' title="bbox 365 2317 1780 2363; baseline 0.003 -14"><span class='ocrx_word' id='word_1_321' title='bbox 365 2318 450 2360; x_wconf 85' lang='lat' dir='ltr'><strong>gulis</strong></span> <span class='ocrx_word' id='word_1_322' title='bbox 472 2317 599 2360; x_wconf 83' lang='lat' dir='ltr'><strong>singula</strong></span> <span class='ocrx_word' id='word_1_323' title='bbox 619 2317 840 2361; x_wconf 87' lang='lat' dir='ltr'><strong>imponebant.</strong></span> <span class='ocrx_word' id='word_1_324' title='bbox 887 2317 974 2351; x_wconf 81' lang='lat' dir='ltr'><strong>&#39;rum</strong></span> <span class='ocrx_word' id='word_1_325' title='bbox 998 2318 1119 2362; x_wconf 83' lang='lat' dir='ltr'><strong>boves,</strong></span> <span class='ocrx_word' id='word_1_326' title='bbox 1144 2330 1185 2351; x_wconf 88' lang='lat' dir='ltr'><strong>ex</strong></span> <span class='ocrx_word' id='word_1_327' title='bbox 1211 2319 1358 2363; x_wconf 79' lang='lat' dir='ltr'><strong>optimis,</strong></span> <span class='ocrx_word' id='word_1_328' title='bbox 1383 2319 1439 2362; x_wconf 89' lang='lat' dir='ltr'><strong>qui</strong></span> <span class='ocrx_word' id='word_1_329' title='bbox 1459 2319 1666 2363; x_wconf 83' lang='lat' dir='ltr'><strong>imperatoris</strong></span> <span class='ocrx_word' id='word_1_330' title='bbox 1689 2318 1780 2353; x_wconf 86' lang='lat' dir='ltr'><strong>iussu</strong></span> 
     </span>
     <span class='ocr_line' id='line_1_35' title="bbox 364 2361 1778 2407; baseline 0.003 -13"><span class='ocrx_word' id='word_1_331' title='bbox 364 2361 483 2395; x_wconf 88' lang='lat' dir='ltr'><strong>delecti</strong></span> <span class='ocrx_word' id='word_1_332' title='bbox 499 2363 649 2403; x_wconf 81' lang='lat' dir='ltr'><strong>fuerant,</strong></span> <span class='ocrx_word' id='word_1_333' title='bbox 671 2362 888 2405; x_wconf 83' lang='lat' dir='ltr'><strong>quadraginta</strong></span> <span class='ocrx_word' id='word_1_334' title='bbox 906 2373 977 2396; x_wconf 85' lang='lat' dir='ltr'><strong>cum</strong></span> <span class='ocrx_word' id='word_1_335' title='bbox 991 2363 1138 2407; x_wconf 84' lang='lat' dir='ltr'><strong>plaustro</strong></span> <span class='ocrx_word' id='word_1_336' title='bbox 1156 2373 1269 2397; x_wconf 90' lang='lat' dir='ltr'><strong>saxum</strong></span> <span class='ocrx_word' id='word_1_337' title='bbox 1283 2363 1468 2397; x_wconf 87' lang='lat' dir='ltr'><strong>trabebant.</strong></span> <span class='ocrx_word' id='word_1_338' title='bbox 1515 2363 1679 2405; x_wconf 77' lang='lat' dir='ltr'><strong>Quoniam</strong></span> <span class='ocrx_word' id='word_1_339' title='bbox 1697 2375 1778 2402; x_wconf 71' lang='lat' dir='ltr'><strong>varo</strong></span> 
     </span>
     <span class='ocr_line' id='line_1_36' title="bbox 363 2406 1779 2452; baseline 0.003 -14"><span class='ocrx_word' id='word_1_340' title='bbox 363 2406 460 2447; x_wconf 85' lang='lat' dir='ltr'><strong>viae,</strong></span> <span class='ocrx_word' id='word_1_341' title='bbox 483 2417 569 2450; x_wconf 85' lang='lat' dir='ltr'><strong>quae</strong></span> <span class='ocrx_word' id='word_1_342' title='bbox 583 2407 625 2439; x_wconf 90' lang='lat' dir='ltr'><strong>ad</strong></span> <span class='ocrx_word' id='word_1_343' title='bbox 642 2409 753 2440; x_wconf 86' lang='lat' dir='ltr'><strong>urbem</strong></span> <span class='ocrx_word' id='word_1_344' title='bbox 772 2407 952 2449; x_wconf 79' lang='lat' dir='ltr'><strong>ducebant,</strong></span> <span class='ocrx_word' id='word_1_345' title='bbox 975 2408 1025 2440; x_wconf 86' lang='lat' dir='ltr'><strong>bis</strong></span> <span class='ocrx_word' id='word_1_346' title='bbox 1042 2413 1136 2440; x_wconf 87' lang='lat' dir='ltr'><strong>erant</strong></span> <span class='ocrx_word' id='word_1_347' title='bbox 1157 2407 1312 2452; x_wconf 80' lang='lat' dir='ltr'><strong>plaustris</strong></span> <span class='ocrx_word' id='word_1_348' title='bbox 1326 2408 1471 2441; x_wconf 75' lang='lat' dir='ltr'><strong>ferendis</strong></span> <span class='ocrx_word' id='word_1_349' title='bbox 1492 2407 1657 2452; x_wconf 87' lang='lat' dir='ltr'><strong>impares,</strong></span> <span class='ocrx_word' id='word_1_350' title='bbox 1681 2409 1779 2452; x_wconf 81' lang='lat' dir='ltr'><strong>longe</strong></span> 
     </span>
     <span class='ocr_line' id='line_1_37' title="bbox 363 2451 1780 2498; baseline 0.002 -15"><span class='ocrx_word' id='word_1_351' title='bbox 363 2461 403 2484; x_wconf 86' lang='lat' dir='ltr'><strong>ac</strong></span> <span class='ocrx_word' id='word_1_352' title='bbox 429 2451 496 2484; x_wconf 82' lang='lat' dir='ltr'><strong>late</strong></span> <span class='ocrx_word' id='word_1_353' title='bbox 513 2456 638 2484; x_wconf 89' lang='lat' dir='ltr'><strong>montes</strong></span> <span class='ocrx_word' id='word_1_354' title='bbox 656 2451 835 2484; x_wconf 88' lang='lat' dir='ltr'><strong>excidendo</strong></span> <span class='ocrx_word' id='word_1_355' title='bbox 857 2451 1088 2486; x_wconf 82' lang='lat' dir='ltr'><strong>accedentibus</strong></span> <span class='ocrx_word' id='word_1_356' title='bbox 1105 2453 1206 2486; x_wconf 84' lang='lat' dir='ltr'><strong>carris</strong></span> <span class='ocrx_word' id='word_1_357' title='bbox 1221 2453 1359 2485; x_wconf 86' lang='lat' dir='ltr'><strong>dabatur</strong></span> <span class='ocrx_word' id='word_1_358' title='bbox 1373 2452 1493 2486; x_wconf 86' lang='lat' dir='ltr'><strong>aditus.</strong></span> <span class='ocrx_word' id='word_1_359' title='bbox 1538 2453 1596 2486; x_wconf 86' lang='lat' dir='ltr'><strong>Sic</strong></span> <span class='ocrx_word' id='word_1_360' title='bbox 1615 2453 1780 2498; x_wconf 84' lang='lat' dir='ltr'><strong>templum,</strong></span> 
     </span>
     <span class='ocr_line' id='line_1_38' title="bbox 364 2495 1780 2541; baseline 0.002 -13"><span class='ocrx_word' id='word_1_361' title='bbox 364 2500 464 2540; x_wconf 87' lang='lat' dir='ltr'><strong>prout</strong></span> <span class='ocrx_word' id='word_1_362' title='bbox 484 2495 662 2539; x_wconf 85' lang='lat' dir='ltr'><strong>imperator</strong></span> <span class='ocrx_word' id='word_1_363' title='bbox 680 2497 834 2538; x_wconf 90' lang='lat' dir='ltr'><strong>volebat,</strong></span> <span class='ocrx_word' id='word_1_364' title='bbox 855 2496 888 2529; x_wconf 88' lang='lat' dir='ltr'><strong>in</strong></span> <span class='ocrx_word' id='word_1_365' title='bbox 907 2507 1055 2540; x_wconf 83' lang='lat' dir='ltr'><strong>magnam</strong></span> <span class='ocrx_word' id='word_1_366' title='bbox 1080 2498 1266 2541; x_wconf 85' lang='lat' dir='ltr'><strong>perduxere</strong></span> <span class='ocrx_word' id='word_1_367' title='bbox 1281 2496 1531 2540; x_wconf 79' lang='lat' dir='ltr'><strong>longitudinem:</strong></span> <span class='ocrx_word' id='word_1_368' title='bbox 1555 2498 1598 2532; x_wconf 86' lang='lat' dir='ltr'><strong>ad</strong></span> <span class='ocrx_word' id='word_1_369' title='bbox 1617 2498 1708 2531; x_wconf 90' lang='lat' dir='ltr'><strong>cuius</strong></span> <span class='ocrx_word' id='word_1_370' title='bbox 1724 2509 1780 2531; x_wconf 84' lang='lat' dir='ltr'><strong>ra-</strong></span> 
     </span>
     <span class='ocr_line' id='line_1_39' title="bbox 364 2540 1777 2587; baseline 0.004 -16"><span class='ocrx_word' id='word_1_371' title='bbox 364 2540 483 2572; x_wconf 88' lang='lat' dir='ltr'><strong>tionem</strong></span> <span class='ocrx_word' id='word_1_372' title='bbox 509 2550 580 2572; x_wconf 89' lang='lat' dir='ltr'><strong>cum</strong></span> <span class='ocrx_word' id='word_1_373' title='bbox 604 2540 807 2573; x_wconf 84' lang='lat' dir='ltr'><strong>latitudinem</strong></span> <span class='ocrx_word' id='word_1_374' title='bbox 839 2541 1042 2585; x_wconf 80' lang='lat' dir='ltr'><strong>exegissent,</strong></span> <span class='ocrx_word' id='word_1_375' title='bbox 1073 2553 1137 2574; x_wconf 89' lang='lat' dir='ltr'><strong>non</strong></span> <span class='ocrx_word' id='word_1_376' title='bbox 1167 2546 1321 2585; x_wconf 82' lang='lat' dir='ltr'><strong>poterant</strong></span> <span class='ocrx_word' id='word_1_377' title='bbox 1346 2541 1419 2575; x_wconf 85' lang='lat' dir='ltr'><strong>aedi</strong></span> <span class='ocrx_word' id='word_1_378' title='bbox 1448 2546 1572 2576; x_wconf 89' lang='lat' dir='ltr'><strong>tectum</strong></span> <span class='ocrx_word' id='word_1_379' title='bbox 1598 2541 1777 2587; x_wconf 83' lang='lat' dir='ltr'><strong>imponere.</strong></span> 
     </span>
     <span class='ocr_line' id='line_1_40' title="bbox 368 2583 1780 2628; baseline 0.004 -12"><span class='ocrx_word' id='word_1_380' title='bbox 368 2583 480 2624; x_wconf 82' lang='lat' dir='ltr'><strong>Quare</strong></span> <span class='ocrx_word' id='word_1_381' title='bbox 501 2595 631 2617; x_wconf 86' lang='lat' dir='ltr'><strong>nemora</strong></span> <span class='ocrx_word' id='word_1_382' title='bbox 650 2585 816 2628; x_wconf 81' lang='lat' dir='ltr'><strong>saltusque</strong></span> <span class='ocrx_word' id='word_1_383' title='bbox 841 2595 973 2626; x_wconf 86' lang='lat' dir='ltr'><strong>omnes,</strong></span> <span class='ocrx_word' id='word_1_384' title='bbox 996 2597 1037 2619; x_wconf 86' lang='lat' dir='ltr'><strong>ac</strong></span> <span class='ocrx_word' id='word_1_385' title='bbox 1060 2585 1162 2619; x_wconf 89' lang='lat' dir='ltr'><strong>sicubi</strong></span> <span class='ocrx_word' id='word_1_386' title='bbox 1185 2586 1287 2619; x_wconf 85' lang='lat' dir='ltr'><strong>locum</strong></span> <span class='ocrx_word' id='word_1_387' title='bbox 1312 2596 1384 2619; x_wconf 86' lang='lat' dir='ltr'><strong>esse</strong></span> <span class='ocrx_word' id='word_1_388' title='bbox 1407 2586 1584 2620; x_wconf 79' lang='lat' dir='ltr'><strong>audiebant</strong></span> <span class='ocrx_word' id='word_1_389' title='bbox 1609 2587 1780 2621; x_wconf 77' lang='lat' dir='ltr'><strong>arboribus</strong></span> 
     </span>
     <span class='ocr_line' id='line_1_41' title="bbox 365 2628 1778 2676; baseline 0.002 -15"><span class='ocrx_word' id='word_1_390' title='bbox 365 2628 601 2673; x_wconf 81' lang='lat' dir='ltr'><strong>procerissimis</strong></span> <span class='ocrx_word' id='word_1_391' title='bbox 616 2629 772 2661; x_wconf 85' lang='lat' dir='ltr'><strong>consitum</strong></span> <span class='ocrx_word' id='word_1_392' title='bbox 792 2635 1024 2673; x_wconf 85' lang='lat' dir='ltr'><strong>peragrantes,</strong></span> <span class='ocrx_word' id='word_1_393' title='bbox 1046 2630 1173 2674; x_wconf 77' lang='lat' dir='ltr'><strong>sylvam</strong></span> <span class='ocrx_word' id='word_1_394' title='bbox 1188 2640 1321 2675; x_wconf 82' lang='lat' dir='ltr'><strong>opacam</strong></span> <span class='ocrx_word' id='word_1_395' title='bbox 1337 2631 1423 2663; x_wconf 81' lang='lat' dir='ltr'><strong>nacti</strong></span> <span class='ocrx_word' id='word_1_396' title='bbox 1440 2635 1536 2674; x_wconf 83' lang='lat' dir='ltr'><strong>sunt,</strong></span> <span class='ocrx_word' id='word_1_397' title='bbox 1559 2631 1592 2664; x_wconf 87' lang='lat' dir='ltr'><strong>in</strong></span> <span class='ocrx_word' id='word_1_398' title='bbox 1606 2642 1670 2676; x_wconf 87' lang='lat' dir='ltr'><strong>qua</strong></span> <span class='ocrx_word' id='word_1_399' title='bbox 1689 2631 1778 2664; x_wconf 84' lang='lat' dir='ltr'><strong>cedri</strong></span> 
     </span>
     <span class='ocr_line' id='line_1_42' title="bbox 367 2673 1776 2720; baseline 0.002 -15"><span class='ocrx_word' id='word_1_400' title='bbox 367 2678 460 2706; x_wconf 84' lang='lat' dir='ltr'><strong>erant</strong></span> <span class='ocrx_word' id='word_1_401' title='bbox 481 2673 513 2706; x_wconf 89' lang='lat' dir='ltr'><strong>in</strong></span> <span class='ocrx_word' id='word_1_402' title='bbox 536 2673 721 2706; x_wconf 86' lang='lat' dir='ltr'><strong>immensum</strong></span> <span class='ocrx_word' id='word_1_403' title='bbox 745 2674 863 2707; x_wconf 85' lang='lat' dir='ltr'><strong>elatae.</strong></span> <span class='ocrx_word' id='word_1_404' title='bbox 910 2674 971 2707; x_wconf 87' lang='lat' dir='ltr'><strong>His</strong></span> <span class='ocrx_word' id='word_1_405' title='bbox 988 2675 1141 2719; x_wconf 86' lang='lat' dir='ltr'><strong>templum</strong></span> <span class='ocrx_word' id='word_1_406' title='bbox 1157 2679 1327 2717; x_wconf 87' lang='lat' dir='ltr'><strong>texerunt,</strong></span> <span class='ocrx_word' id='word_1_407' title='bbox 1350 2674 1486 2708; x_wconf 84' lang='lat' dir='ltr'><strong>dimensi</strong></span> <span class='ocrx_word' id='word_1_408' title='bbox 1499 2675 1702 2710; x_wconf 81' lang='lat' dir='ltr'><strong>altitudinem</strong></span> <span class='ocrx_word' id='word_1_409' title='bbox 1716 2687 1776 2720; x_wconf 85' lang='lat' dir='ltr'><strong>pro</strong></span> 
     </span>
     <span class='ocr_line' id='line_1_43' title="bbox 365 2716 1777 2764; baseline 0.001 -14"><span class='ocrx_word' id='word_1_410' title='bbox 365 2716 546 2751; x_wconf 84' lang='lat' dir='ltr'><strong>latitudinis</strong></span> <span class='ocrx_word' id='word_1_411' title='bbox 568 2729 606 2751; x_wconf 91' lang='lat' dir='ltr'><strong>ac</strong></span> <span class='ocrx_word' id='word_1_412' title='bbox 629 2718 842 2761; x_wconf 87' lang='lat' dir='ltr'><strong>longitudinis</strong></span> <span class='ocrx_word' id='word_1_413' title='bbox 863 2719 1026 2763; x_wconf 89' lang='lat' dir='ltr'><strong>portione.</strong></span> <span class='ocrx_word' id='word_1_414' title='bbox 1071 2719 1166 2752; x_wconf 88' lang='lat' dir='ltr'><strong>Haec</strong></span> <span class='ocrx_word' id='word_1_415' title='bbox 1180 2719 1308 2763; x_wconf 89' lang='lat' dir='ltr'><strong>quidem</strong></span> <span class='ocrx_word' id='word_1_416' title='bbox 1324 2720 1519 2754; x_wconf 78' lang='lat' dir='ltr'><strong>lastinianus</strong></span> <span class='ocrx_word' id='word_1_417' title='bbox 1533 2723 1618 2764; x_wconf 81' lang='lat' dir='ltr'><strong>Aug.</strong></span> <span class='ocrx_word' id='word_1_418' title='bbox 1633 2720 1777 2755; x_wconf 81' lang='lat' dir='ltr'><strong>humanis</strong></span> 
     </span>
     <span class='ocr_line' id='line_1_44' title="bbox 366 2761 1775 2811; baseline 0.002 -16"><span class='ocrx_word' id='word_1_419' title='bbox 366 2761 492 2796; x_wconf 85' lang='lat' dir='ltr'><strong>viribus</strong></span> <span class='ocrx_word' id='word_1_420' title='bbox 505 2768 606 2807; x_wconf 84' lang='lat' dir='ltr'><strong>atque</strong></span> <span class='ocrx_word' id='word_1_421' title='bbox 621 2768 692 2797; x_wconf 87' lang='lat' dir='ltr'><strong>arte</strong></span> <span class='ocrx_word' id='word_1_422' title='bbox 710 2763 841 2798; x_wconf 81' lang='lat' dir='ltr'><strong>effecit:</strong></span> <span class='ocrx_word' id='word_1_423' title='bbox 866 2763 999 2799; x_wconf 89' lang='lat' dir='ltr'><strong>multum</strong></span> <span class='ocrx_word' id='word_1_424' title='bbox 1013 2774 1094 2798; x_wconf 84' lang='lat' dir='ltr'><strong>vero</strong></span> <span class='ocrx_word' id='word_1_425' title='bbox 1113 2764 1252 2799; x_wconf 85' lang='lat' dir='ltr'><strong>contulit</strong></span> <span class='ocrx_word' id='word_1_426' title='bbox 1266 2765 1400 2811; x_wconf 81' lang='lat' dir='ltr'><strong>pietatis</strong></span> <span class='ocrx_word' id='word_1_427' title='bbox 1413 2765 1552 2808; x_wconf 79' lang='lat' dir='ltr'><strong>fiducia,</strong></span> <span class='ocrx_word' id='word_1_428' title='bbox 1573 2775 1658 2809; x_wconf 82' lang='lat' dir='ltr'><strong>quae</strong></span> <span class='ocrx_word' id='word_1_429' title='bbox 1674 2765 1775 2798; x_wconf 83' lang='lat' dir='ltr'><strong>bono-</strong></span> 
     </span>
    </p>
   </div>
  </div>
 </body>
</html>
