1754 3132
204 191 317 220 xxvi
636 180 882 222 ALEMANN
882 181 896 221 1
924 180 1213 224 PRAEFATIO.

312 288 446 329 Nostra
472 303 560 331 vero
592 289 777 331 translatio
805 292 990 333 sententiis
1025 291 1167 347 quidem
1197 292 1244 333 ad
1272 293 1439 334 Graecae
1467 292 1641 334 historiae

204 354 336 404 fldem,
376 356 519 404 verbis,
561 365 596 397 et
615 357 730 397 modis
749 357 796 397 ad
822 357 986 398 Latinam
1011 359 1300 400 consuetudinem
1331 360 1424 414 aptis
1442 360 1640 414 composita

60 425 90 458 V
112 426 181 460 276
205 429 270 463 est.
326 422 367 462 Id
389 437 504 478 genus
525 422 782 476 interpretandi
802 438 880 464 cum
898 424 1136 480 Hieronymo,
1173 441 1218 466 ac
1238 426 1406 466 universa
1434 426 1641 480 antiquitate

83 1080 179 1115 A16

64 1954 183 1989 Pxx

202 489 371 542 optimum
398 497 501 544 puto;
537 496 571 528 et
600 489 631 528 si
664 489 850 529 historiam
880 490 1148 545 interpreteriS,
1194 491 1231 531 id
1258 492 1412 532 maxime
1447 491 1641 532 convenire

200 568 354 595 censeo:
403 554 557 609 (lenique
587 554 618 594 si
647 555 744 595 cuius
784 555 931 596 alterius
959 556 1168 611 scriptoriS,
1210 557 1377 611 Procopii
1405 566 1504 598 certe
1532 558 1642 613 stylus

199 621 271 661 hoc
297 621 332 661 in
356 621 477 676 primis
497 621 684 675 requirere
703 635 848 676 semper
868 622 964 663 visus
980 631 1035 663 est
1053 623 1140 663 mihi
1155 655 1164 670 ‚
1197 623 1295 663 cuius
1321 623 1470 664 formam
1498 623 1642 663 dicendi

199 687 229 726 si
249 696 411 741 spectes,
449 701 494 727 ea
514 687 720 741 sophisticis
743 687 884 744 compta
914 698 969 730 est
995 689 1202 738 lenociniis,
1236 689 1433 744 Atticisque
1458 689 1643 744 leporibus

198 753 245 792 ad
272 753 548 794 ostentationem
581 753 769 802 instructa,
817 771 839 796 a
868 771 938 811 quo
973 756 1145 796 orationis
1175 755 1299 795 habitu
1325 756 1453 795 Latina
1481 756 1642 811 gravitas

201 818 415 871 pracsertim
439 819 475 860 in
494 819 644 860 historia
665 835 769 875 quam
798 822 995 862 abhorreat
1027 836 1133 862 nemo
1157 821 1282 860 nescit.
1341 821 1642 876 Operaepretium

201 899 274 924 non
292 893 347 924 cst
366 885 486 925 omnia
506 899 721 934 recens-erm
760 888 825 927 sed
844 887 931 927 nihil
949 897 1090 943 gestum
1102 921 1112 935 ,
1149 887 1348 942 factumque
1375 887 1571 942 Procopius
1589 887 1641 927 di-

201 950 270 997 cit,
309 950 378 990 nisi
405 966 472 1006 per
491 967 591 991 suam
612 952 708 992 illam
738 962 947 1008 perpetuam
978 954 1223 1008 periphrasin,
1257 961 1293 993 ut
1316 953 1432 992 statim
1461 953 1497 992 in
1526 953 1643 993 fronte

202 1017 300 1073 legis
333 1016 422 1059 τόδε
453 1019 639 1072 γενέσθαι
680 1021 926 1073 ξυνηνέχθη,
981 1021 1145 1072 ξυνέβη,
1194 1019 1404 1069 ξυνέπεσε,
1449 1017 1642 1072 τετύχηκε.

202 1084 283 1124 Nec
303 1084 415 1124 minus
435 1084 648 1125 ol'fendunt
640 1099 675 1124 m
709 1093 780 1125 tam
801 1086 899 1126 claro
927 1086 1104 1140 scriptore
1127 1085 1299 1125 orationis
1328 1086 1412 1126 illae
1431 1085 1642 1140 particulae,

203 1165 295 1205 quae
317 1151 448 1205 passim
467 1151 682 1199 redundant,
723 1153 840 1205 potius
860 1153 907 1192 ad
925 1153 1044 1192 levem
1067 1152 1239 1206 quendam
1272 1160 1433 1192 ornatum
1462 1151 1644 1206 sophistis

203 1217 425 1271 exquisitae,
466 1231 571 1271 quam
599 1217 646 1255 ad
680 1217 887 1257 historicam
915 1218 1141 1273 gravitatem.
1199 1217 1396 1258 Praeterea
1424 1226 1538 1258 scatet
1567 1218 1644 1258 eius

201 1283 318 1323 oratio
339 1282 635 1337 frequentissimis
653 1283 916 1323 transitionibus
929 1316 938 1331 ,
978 1291 1013 1323 et
1034 1282 1192 1337 epilogis
1221 1283 1267 1322 ad
1287 1282 1517 1324 brevissimas
1539 1299 1641 1338 quas-

203 1363 273 1403 que
303 1348 594 1389 narratiunculas,
652 1348 730 1388 Huc
757 1350 929 1389 accedunt
966 1349 1052 1397 illa,
1092 1363 1185 1403 quae
1212 1348 1374 1389 Asiatico
1403 1350 1546 1390 dicendi
1575 1365 1643 1407 ge-

200 1430 290 1455 nere
305 1416 364 1455 vel
393 1430 464 1455 non
485 1423 684 1470 opportune
714 1414 885 1462 inculcat,
918 1414 976 1454 vel
994 1414 1164 1469 longiore
1183 1415 1374 1455 verborum
1394 1417 1526 1457 ambitu
1554 1418 1643 1457 dila-

201 1488 261 1521 tat.
320 1481 507 1531 Quaedam
529 1482 635 1522 etiam
654 1495 736 1521 csse
757 1480 793 1520 in
811 1480 882 1520 hac
901 1479 1050 1520 historia
1070 1482 1201 1530 video,
1239 1496 1331 1536 quae
1365 1484 1420 1534 (ut
1447 1482 1482 1522 in
1501 1482 1644 1538 scriptis

199 1547 427 1597 ἅνεκδότοις
454 1548 663 1602 plerumque
698 1546 852 1594 accidit,
895 1554 931 1586 et
963 1547 1009 1587 de
1050 1548 1123 1588 suis
1156 1548 1311 1588 affirmat
1347 1548 1502 1599 Tullius)
1531 1549 1645 1589 minus

199 1614 381 1670 perpolita
411 1615 601 1669 limataque
639 1614 732 1654 sint:
773 1612 920 1652 sanein
949 1613 1020 1652 hoc
1048 1613 1261 1654 brevissimo
1289 1614 1414 1654 libello
1441 1615 1646 1655 sexcenties

198 1681 389 1735 repetitam
421 1682 537 1721 habes
567 1681 664 1721 illam
697 1694 826 1720 vocem
857 1682 1060 1733 ληΐζομαι,
1099 1694 1147 1720 ne
1182 1681 1298 1720 dicam
1333 1682 1379 1721 de
1418 1681 1514 1730 aliis;
1551 1695 1645 1736 quae

199 1746 321 1787 omnia
349 1747 378 1787 si
404 1747 533 1787 Latina
562 1747 741 1787 modestia
770 1754 806 1786 et
834 1746 1013 1801 gravitate
1034 1761 1056 1786 a
1080 1761 1139 1786 me
1164 1755 1365 1801 temperata
1397 1755 1491 1795 sunt,
1538 1747 1646 1803 aequi

199 1814 356 1867 bonique
378 1814 413 1854 id
435 1814 595 1854 consulat
613 1815 767 1862 Lector,
803 1813 858 1853 cui
887 1821 923 1852 ut
942 1813 1049 1853 fidam
1076 1813 1162 1852 dare
1186 1813 1373 1854 historiam
1401 1813 1466 1854 suit
1494 1813 1642 1862 animus,

200 1880 250 1919 ita
269 1895 341 1920 non
362 1880 517 1934 ineptam
538 1881 736 1920 curavimus
758 1879 1103 1933 interpretationem.

317 1946 469 1987 Nostras
512 1947 547 1986 in
595 1947 695 1986 calce
739 1945 822 1985 libri
863 1945 982 1986 Notas>
1017 1945 1234 1994 addidimus,
1291 1960 1425 2001 easque
1466 1946 1644 2001 ‹luplices;

207 2014 422 2061 Censorias,
461 2013 586 2069 quibus
617 2013 796 2051 Graecum
834 2020 1034 2052 contextiun
1067 2012 1204 2051 mendis
1234 2013 1485 2060 emaculatum,
1526 2013 1645 2067 quoad

207 2081 288 2121 fleri
322 2081 456 2135 potuit,
498 2080 700 2120 nitidiorem
745 2078 913 2133 legeres;
948 2077 1164 2126 Historicas‚
1203 2078 1328 2132 quibus
1366 2078 1566 2119 universam
1597 2079 1644 2118 de

205 2147 397 2187 Iustiniano
429 2147 613 2187 historiam
641 2145 848 2185 illustratam
874 2152 908 2184 et
929 2143 1171 2184 confirmatam
1198 2144 1368 2186 haberes.
1426 2145 1590 2200 Denique
1608 2145 1646 2185 in

207 2214 281 2254 hoe
298 2213 423 2254 libello
441 2228 486 2254 ne
509 2211 743 2253 testimonium
764 2210 979 2265 antiquitatis
1001 2210 1177 2265 [idemque
1199 2212 1442 2260 desiderares,
1483 2212 1646 2252 Suidiani

207 2289 244 2321 et
263 2280 427 2322 Vaticani
449 2280 593 2320 Codicis
614 2278 844 2318 collationem
869 2277 953 2317 hinc
980 2276 1062 2316 inde
1083 2277 1290 2332 decerptam
1320 2278 1531 2326 adiecimus;
1562 2293 1643 2318 nam

206 2361 255 2387 ex
276 2346 401 2401 priscis
421 2346 602 2394 omnibus,
632 2354 667 2386 ut
689 2344 775 2384 alibi
807 2342 899 2391 dixi,
934 2358 1022 2383 unus
1051 2343 1180 2383 Suidas
1210 2344 1303 2384 hanc
1330 2345 1422 2399 legit
1446 2345 1642 2393 historiam,

206 2413 302 2468 quod
323 2412 428 2452 etiam
449 2427 495 2452 cx
515 2413 615 2452 hisce
640 2420 800 2452 veterum
819 2410 1009 2456 Amorum,
1046 2409 1104 2464 qui
1138 2409 1326 2464 Procopii,
1362 2412 1508 2466 eiusque
1533 2412 1642 2452 libro-

207 2493 283 2519 rum
302 2477 551 2528 meminerunt,
590 2478 800 2520 testimoniis
822 2475 941 2517 obiter
970 2475 1177 2532 intelligere
1201 2484 1316 2532 potes.
