1800 3126
279 165 375 210 392
730 166 788 208 IN
821 166 963 207 HIST.
995 166 1243 209 ARCANAM

279 273 454 310 futurum
495 270 645 311 Pascha
687 273 998 323 praenunciatur.
1068 274 1303 311 Iustinianus
1347 274 1503 312 novella
1548 279 1696 321 octava,

278 325 345 368 τὸν
382 323 555 381 παρόντα
590 325 709 378 νόμον
747 324 973 391 ἐγράψαμεν
1007 330 1093 380 θεῷ
1126 342 1166 367 τε
1203 325 1318 368 αυτὸν
1356 326 1604 374 ἀνατιθέντες
1631 327 1699 367 καὶ

277 387 364 429 ταῖς
389 387 458 432 τῆς
487 379 654 434 μεγαλης
684 381 748 421 και
782 379 1011 433 κοινοτάτης
1043 382 1177 434 ἑορτῆς
1203 381 1375 434 ημέραις.
1429 386 1549 422 Hanc
1577 385 1698 434 legem

278 440 524 488 scripsimus,
555 451 675 487 quam
703 436 772 473 deo
805 436 1041 483 dicavimus,
1070 445 1106 474 et
1132 438 1238 473 Ιιίεσε
1265 440 1414 505 magni
1430 446 1474 475 et
1494 441 1699 476 universa-

278 493 332 529 Ζίε
353 495 453 541 festi
477 491 627 532 diebus.
683 494 969 543 Nonnunquam
997 493 1114 529 etiam
1141 499 1298 530 vocatur
1327 488 1414 531 κατ’
1439 491 1574 561 ἐξοχήν
1598 491 1698 540 dies,

278 546 417 599 ἡμέρα.
475 549 525 584 Ut
555 548 595 583 in
633 546 781 597 synodo
809 549 1031 597 Berytensi‚
1069 545 1203 597 ἐπειδη
1231 545 1511 599 τεσσαρακοστη
1539 542 1591 598 ἦν
1621 546 1700 587 ἐκέ-

279 605 390 642 λευσε
429 599 527 652 μετοῖ
558 616 631 652 την
672 601 822 653 ημέραν
861 599 1092 652 ἀπαντῆσαι.
1163 603 1358 652 Quoniam
1395 601 1701 652 quadragesima

138 657 168 691 P
191 658 257 695 121
282 664 366 694 erat
396 663 489 706 post
517 656 678 693 Pascha
712 658 830 694 iussit
860 671 931 695 ηοε
960 670 1171 697 occurrere.
1227 659 1277 693 Et
1307 659 1437 694 statim
1469 656 1597 704 addit,
1635 655 1699 696 δια

278 710 351 763 τήν
372 709 508 761 ἑορτήν
528 707 717 750 ἀπέλυσεν
747 709 892 759 αὐτοῦς
918 715 988 763 τῆς
1019 709 1313 762 ἅκοινωνησίας.
1366 714 1530 762 Propter
1547 712 1701 762 sectum

278 766 460 804 Paschae
488 766 660 803 absolvit
688 781 750 804 εοε
778 768 829 804 ab
857 769 1262 806 excommunicatione.
1318 765 1612 818 Chrysostomus
1639 766 1702 804 di-

279 824 341 859 xit
369 821 523 874 Κυρίαν
550 821 712 874 ἦμέραν.

389 878 434 912 Ρ.
464 879 534 923 67,
566 876 604 916 4.
678 875 849 926 Quando
887 877 994 913 nulli
1023 875 1148 914 dicere
1176 877 1346 913 salutem
1372 876 1436 913 vel
1465 888 1603 926 pacem
1626 875 1704 923 fac

281 930 360 982 est]
397 933 441 967 Iu
470 944 584 967 omen
611 932 827 972 infaustum
855 931 898 968 id
927 934 1098 982 accipere
1126 933 1336 982 Procopius
1365 930 1534 978 videtur,
1563 943 1704 980 nempe

280 987 486 1033 bellorum,
518 988 838 1034 coniurationum,
867 989 1048 1037 pestium,
1078 986 1362 1037 prodigiorum,
1390 993 1591 1036 terraeque
1617 998 1705 1022 mo-

280 1048 406 1088 tuum,
434 1054 532 1092 quae
561 1043 791 1092 imperatore
810 1044 1022 1079 Iustiniano
1049 1044 1302 1091 contigerunt.
1356 1042 1488 1078 Innuit
1510 1046 1706 1091 praeterea

281 1103 454 1133 veterem
492 1097 676 1133 ecclesiae
718 1099 855 1144 ritum,
898 1110 1014 1147 quem
1055 1102 1282 1134 consuetum
1316 1097 1396 1133 iam
1430 1097 1524 1133 olim
1557 1094 1705 1142 habuit,
1759 1118 1761 1122 ·

280 1150 476 1202 hodieque
525 1159 652 1188 servat
694 1153 856 1188 ecclesia
895 1154 1084 1188 Romana.
1139 1154 1239 1188 Nam
1286 1150 1373 1199 die,
1417 1164 1534 1202 quem
1571 1163 1708 1187 coenae

286 1206 439 1244 Christi
467 1206 618 1242 domini
645 1219 849 1253 vocamus,
889 1220 1029 1256 nempe
1057 1208 1170 1243 tertio
1201 1213 1289 1243 ante
1317 1205 1515 1243 paschatis
1545 1206 1706 1242 celebri-

282 1268 416 1307 tatem,
445 1261 535 1297 licet
563 1263 664 1298 inter
690 1263 895 1298 missarum
923 1263 1111 1298 solemnia
1139 1274 1276 1311 pacem
1304 1260 1351 1297 de
1378 1273 1484 1298 more
1513 1273 1708 1297 sacrorum

282 1318 456 1354 Antistes
487 1329 510 1352 a
539 1315 610 1352 deo
637 1323 762 1366 petat,
800 1318 867 1367 qui
892 1323 1024 1353 tamen
1052 1318 1247 1367 mysteriis
1274 1317 1464 1353 intersunt
1497 1317 1594 1352 sacri
1623 1316 1708 1362 viri,

286 1384 331 1408 ac
360 1372 541 1422 populus,
572 1371 619 1407 ob
640 1373 877 1408 moestitiam
891 1370 1035 1408 Christi
1052 1373 1254 1421 passionis,
1285 1383 1307 1407 a
1334 1371 1434 1408 laeto
1454 1372 1558 1420 pac1s
1578 1371 1709 1407 osculo

285 1434 324 1463 et
352 1428 582 1464 salutatione
610 1433 839 1476 temperant.
894 1426 1040 1477 Agnus
1061 1425 1125 1463 dei
1143 1425 1303 1473 dicitur,
1334 1425 1404 1462 sed
1425 1439 1508 1475 pax
1532 1439 1611 1462 non
1635 1424 1711 1462 da-

285 1489 365 1521 tur.
423 1482 530 1519 Libri
557 1483 730 1520 rituales.
787 1483 933 1530 Dicat,
960 1495 1095 1531 agnus
1122 1480 1201 1531 dei,
1231 1481 1378 1532 absque
1407 1480 1552 1520 occulo.
1608 1479 1710 1518 Ordo

285 1538 498 1575 Romanus.

395 1594 441 1629 P·
470 1592 535 1640 67,
565 1591 604 1631 5·
660 1592 799 1631 Morbo
828 1591 1010 1631 Iustinus
1038 1592 1271 1642 absumptus
1299 1589 1377 1641 est]
1406 1588 1712 1628 Recrudescente

288 1648 450 1684 vulnere
490 1647 594 1698 quod
630 1649 723 1685 olim
758 1661 936 1699 pugnans
965 1654 1175 1698 acceperat.
1231 1645 1450 1684 Chronicon
1477 1644 1714 1683 Alexandri-

286 1715 406 1750 ιιιιιῐις
437 1702 593 1754 Συνέβη
614 1699 891 1770 οἷσθενήσαντα
916 1701 980 1743 τὸν
1000 1701 1158 1772 βασιλέα
1174 1698 1381 1741 Ἰουστῖνον
1409 1700 1451 1741 ἐκ
1477 1703 1548 1740 τοῦ
1567 1699 1713 1748 ἕλκους,

289 1752 339 1796 ου
369 1754 469 1808 εἶχεν
500 1757 543 1797 ἐν
570 1760 626 1810 τῷ
647 1758 742 1798 ποδὶ
766 1755 889 1798 αὐτοῦ
923 1758 962 1805 ἐξ
996 1753 1045 1809 ἧς
1074 1757 1186 1809 ἔλαβε
1214 1758 1390 1823 σταγίτας
1417 1755 1458 1796 ἐν
1483 1758 1539 1822 τῷ
1561 1755 1715 1809 πολέμου

287 1815 511 1862 τελευτῆσαι
538 1812 633 1863 μηνὶ
661 1810 760 1867 λόω,
800 1811 898 1853 nocto?
935 1812 1142 1864 Ῥωμαίους
1168 1808 1400 1876 Αυγούστου
1427 1826 1561 1864 πρωτῃ
1589 1794 1717 1864 ’ἡμέρα

173 1871 203 1903 Α
225 1870 271 1906 44
292 1865 390 1906 noeto}
420 1864 525 1919 ω’ραν
552 1868 684 1933 τρίτην
708 1871 778 1919 τῆς
787 1865 1007 1937 παρούσης
1033 1867 1207 1918 πέμπτης
1236 1862 1508 1918 έπινεμήσεως.
1562 1866 1718 1919 τελευτᾷ

290 1921 333 1962 δὲ
361 1922 459 1962 ἐτοῖν
492 1919 800 1974 ἕβδομήκοντα”
782 1938 891 1963 επτα
946 1922 1122 1970 Accidit,
1151 1930 1195 1960 ut
1224 1924 1437 1972 imperator
1464 1921 1645 1959 Iustinus
1673 1932 1717 1957 ex

290 1978 417 2014 ulcere
439 1977 573 2028 pedis,
612 1977 723 2029 quod
757 1992 800 2016 ex
828 1981 913 2015 ictu
941 1980 1116 2028 sagittae
1143 1979 1186 2015 in
1213 1977 1311 2014 bello
1341 1978 1557 2024 contraxit,
1591 1977 1718 2012 extin-

287 2040 477 2082 gueretur
506 2047 631 2070 mense
658 2035 768 2083 Loo,
798 2033 845 2071 id
871 2041 945 2080 εει,
974 2034 1157 2084 Augusti
1184 2031 1248 2069 die
1270 2033 1402 2082 primo
1433 2030 1646 2078 (secundo,
1674 2036 1718 2067 ut

145 2087 176 2121 V
200 2088 268 2125 356
290 2087 408 2126 habet
437 2089 621 2138 Cyrillus)
651 2090 722 2126 sub
750 2064 891 2126 l'mram
918 2088 999 2126 diei
1025 2090 1194 2135 tertiam,
1224 2086 1436 2123 indictione
1457 2086 1535 2123 hac
1562 2087 1716 2136 quinta.

297 2144 409 2181 Vixit
438 2157 563 2180 annos
591 2143 834 2184 Lxxv11.6
861 2148 972 2190 θεῖος
999 2146 1069 2183 τοῦ
1100 2140 1265 2209 μεγάλου
1292 2138 1568 2181 Ἰουστινιανοῦ
1597 2139 1719 2180 ἔκτισε

290 2195 339 2237 τὰ
348 2199 589 2262 Προκοπίας
618 2196 692 2238 σύν
718 2201 769 2253 τῇ
791 2198 947 2250 γυναικὶ
975 2194 1099 2238 αὐτοῦ
1122 2193 1328 2251 Εὕφημία,
1360 2196 1460 2236 ἔνθα
1485 2195 1552 2235 καὶ
1578 2193 1719 2235 θανών

286 2249 430 2303 ἐτάφη.
486 2253 730 2290 Avunculus
757 2256 897 2304 magni
925 2252 1143 2290 Iustiniani
1167 2237 1394 2301 aedificavit
1422 2252 1622 2288 eccleciam
1650 2264 1720 2287 νο-

293 2315 427 2344 catam
445 2309 664 2359 Procopiae
686 2322 772 2345 una
797 2323 887 2346 cum
906 2309 1128 2359 Euplzemia
1151 2309 1329 2358 coniuge,
1358 2307 1429 2344 ubi
1449 2314 1542 2358 post
1569 2306 1721 2343 obitum

295 2361 478 2400 conditus
516 2371 583 2401 est.
639 2366 703 2401 Ex
739 2365 916 2414 πατρίοις
957 2365 1034 2401 GP.
1090 2364 1248 2410 Nescio,
1292 2375 1341 2399 an
1377 2361 1474 2400 haec
1509 2363 1720 2412 Procopiae

297 2419 479 2466 ecclesia,
510 2418 647 2456 eadem
677 2432 765 2456 cum
791 2420 860 2456 illa
889 2421 958 2467 sit,
990 2418 1038 2456 de
1066 2432 1142 2470 qua
1170 2417 1364 2455 Cedrenus
1392 2416 1721 2464 memorem-{1:8-

296 2470 479 2539 λεύτησεν
515 2470 738 2521 Ἰουστῖνος,
776 2474 842 2514 καὶ
881 2473 997 2525 ἐτέθη
1035 2471 1077 2514 τὸ
1117 2476 1226 2525 σῶμα
1263 2469 1387 2512 αὐτου
1427 2472 1470 2512 ἐν
1509 2474 1612 2538 μονῇ
1650 2474 1722 2522 τῆς

296 2523 526 2580 Αὖγουστης
564 2529 606 2569 ἐν
642 2530 806 2593 λάρνακι
842 2530 1011 2584 πρασίνη
1049 2526 1141 2581 μετὰ
1170 2531 1241 2579 τῆς
1279 2524 1458 2579 γυναικὸς
1492 2523 1722 2578 Ενφημίας.

294 2584 482 2621 Mortuus
509 2591 565 2622 εει
587 2586 799 2635 piissimus
827 2570 1029 2622 Iustinus:
1072 2597 1215 2633 corpu-s·
1243 2583 1328 2619 εἰιιε
1355 2584 1399 2619 in
1426 2596 1524 2619 arca
1547 2595 1721 2633 pra-nna

295 2640 513 2688 repositum
545 2647 601 2677 est
637 2641 680 2678 in
714 2641 951 2677 monasterio
979 2640 1192 2691 Augustae
1229 2639 1343 2675 iuxta
1379 2651 1532 2676 uxorem
1560 2637 1720 2689 Euphe-

296 2697 431 2732 miam.

405 2751 450 2787 P.
470 2751 535 2799 67,
565 2753 605 2792 6.
660 2750 791 2788 Anni-9
814 2752 858 2788 in
877 2751 1113 2801 principatu
1140 2762 1274 2787 novem
1295 2747 1456 2799 exactis]
1485 2749 1542 2786 Ita
1564 2747 1718 2786 illorum
