1858 3126
415 125 680 171 PROCOPII
712 125 789 170 DE
820 124 1106 169 AEDIFICIIS
1139 124 1216 168 VI.
1257 125 1299 171 1.
1368 129 1370 131 ’
1488 123 1583 170 331

135 242 251 300 ὅνπερ
265 241 532 297 Ἀλεξανδρεῖς
552 243 720 284 καλοῦσι
745 235 916 295 Φιάλην.
984 237 1077 282 ἀλλ’
1100 238 1182 282 ἐπεὶ
1204 242 1260 296 τῷ
1281 235 1398 296 δήμῳ
1421 238 1461 289 ἒς
1483 237 1579 282 στά-
1605 245 1635 281 Β

134 329 200 356 σιν
221 308 411 359 πολλάκις
438 310 723 368 καθισταμένῳ
756 310 937 352 ἐνταῦθα
966 307 1196 351 διολωλέναι
1216 311 1274 365 τῷ
1298 309 1394 364 σίτῳ
1418 309 1584 362 ξυνέβη,

132 377 321 434 βασιλεὺς
360 377 637 428 Ἰουστινιανὸς
671 379 894 432 τειχίσματι
935 375 1052 420 τόνδε
1092 377 1162 420 τὸν
1187 381 1324 433 χῶρον
1357 377 1585 432 περιβαλὼν

133 447 205 502 τὴν
231 447 295 488 ἐπὶ
325 450 381 503 τῷ
411 447 506 504 σίτῳ
536 447 751 500 ἐπιβουλὴν
775 446 1006 500 ἀνεχαίτισε.
1074 449 1203 488 ταῦτα
1226 446 1299 500 μὲν
1322 439 1391 487 οὖν
1416 445 1583 487 Ἰουστι-

78 519 254 572 ’5νιανῷ
288 518 454 568 βασιλεῖ
483 513 608 572 ταύτῃ
651 515 908 571 ἐξείργασται.
978 513 1069 556 ἀλλ’
1103 513 1237 568 ἐπειδὴ
1274 513 1337 555 ἐπ’
1369 511 1582 568 Λῖγύπτου

128 582 238 638 ἡμᾶς
258 582 378 639 ’ἤγαγε
398 587 470 637 τῆς
492 582 660 637 Λιβύης
681 581 831 639 ὁμόρου
850 586 971 624 τανῦν
1000 580 1021 624 ὃ
1051 581 1191 638 λόγος,
1228 583 1322 638 φέρε
1350 581 1399 636 δὴ
1417 584 1483 624 καὶ
1507 580 1584 623 ὅσα

130 651 421 709 διαπέπρακται
444 651 554 709 αὐτῷ
579 653 757 694 ἐνταῦθα
788 650 1051 705 δηλώσωμεν,
1087 652 1169 692 ἐπεὶ
1200 652 1266 692 καὶ
1284 649 1451 704 Λιβύην
1480 649 1583 704 ξύμ-

127 737 262 762 πασαν
292 718 313 761 ὃ
338 719 528 774 βασιλεὺς
555 714 671 771 οὗτος
695 717 773 762 ὑπὸ
797 717 1026 777 βαρβάροις
1051 718 1230 774 κειμένην
1257 717 1383 776 εὗρών
1405 723 1453 775 τῇ
1479 718 1582 776 ἄλλῃ

129 789 251 843 ἓνῆψε
265 786 474 843 Ῥωμαίων
493 788 610 845 ἀρχῇ.
1156 833 1157 836 ¹

75 864 120 899 10
263 860 409 907 Νειλος
430 857 502 911 μὲν
530 855 550 899 ὅ
580 855 762 911 ποταμὸς
791 857 833 907 ἐξ
858 855 994 900 Ἰνδῶν
1024 855 1091 899 ἐπ’
1118 853 1330 914 Αἷγύπτου
1362 853 1581 913 φερόμενος
1604 866 1635 899 C

130 927 222 980 δίχα
257 926 384 979 τέμνει
416 925 488 980 τὴν
520 925 646 982 ἐκείνῃ
679 930 753 981 γῆν
775 924 869 982 ἄχρι
895 927 935 976 ἒς
955 924 1184 968 θάλασσαν.
1252 923 1278 980 ἦ
1302 926 1344 967 δὲ
1372 926 1580 979 σχιζομένη

127 998 184 1051 τῷ
219 993 369 1050 ῥείθρῳ
401 995 468 1036 καὶ
500 992 669 1048 ὀνόμασι
699 995 945 1051 διακέκριται
975 995 1019 1037 τὸ
1047 995 1205 1037 ἐνθένδε
1237 996 1357 1036 δὐεΐν.
1425 993 1476 1036 τὰ
1509 994 1582 1047 μὲν

126 1056 205 1118 γὰρ
229 1062 270 1104 ἓν
297 1063 406 1122 δεξιᾷ
431 1067 502 1104 τοῦ
531 1066 717 1115 ποταμοῦ
739 1062 852 1105 Ἀσία
881 1062 1111 1117 ὠνόμασται
1138 1064 1256 1118 μέχρι
1279 1079 1357 1103 που
1387 1062 1426 1111 ἒς
1451 1064 1583 1104 Φᾶσιν

126 1130 195 1172 τὸν
213 1128 396 1184 Κόλχον,
427 1130 549 1188 ὅσπερ
569 1131 706 1173 Ἀσίαν
735 1147 776 1173 τε
806 1133 965 1189 διορίζει
992 1133 1059 1173 καὶ
1088 1135 1161 1186 γῆν
1196 1130 1269 1185 τὴν
1294 1128 1518 1186 Εὐρώπης,
1557 1128 1585 1184 ἢ

73 1204 116 1241 15
126 1199 243 1255 μέχρι
271 1201 311 1249 ἒς
340 1203 546 1255 πορθμεῖα
578 1199 629 1241 τὰ
657 1199 866 1255 Κιμμέρια
895 1202 962 1241 καὶ
991 1200 1171 1253 ποταμὸν
1194 1197 1360 1240 Τάναϊν.
1428 1197 1582 1240 τούτων
1605 1206 1634 1241 V
1656 1206 1725 1242 470

125 1266 203 1323 γὰρ
233 1268 282 1321 δὴ
312 1266 423 1310 ἕνεκα
453 1265 718 1321 διαμάχονται
739 1267 841 1324 πρὸς
872 1266 1070 1322 ἀλλήλους
1093 1268 1130 1309 οἳ
1152 1272 1280 1310 ταῦτα
1305 1268 1447 1323 σοᾳοὶ,
1481 1261 1583 1324 ᾗπερ

125 1336 167 1377 ἓν
188 1333 320 1391 λόγοις
338 1352 408 1389 μοι
428 1342 511 1385 τοῖς
535 1333 634 1391 ’ὑπὲρ
659 1339 738 1378 τῶν
761 1337 944 1390 πολέμων
964 1334 1184 1390 δεδήλωται
1204 1336 1497 1392 περιηγουμένῳ
1515 1335 1584 1378 τὸν

123 1402 312 1454 Εέξεινον
336 1403 580 1458 καλούμενον
602 1401 759 1445 πόντον.
826 1404 879 1446 τὰ
905 1405 950 1446 δὲ
979 1404 1030 1458 δὴ
1057 1405 1098 1446 ἓν
1127 1404 1316 1463 ἀριστερᾷ
1342 1409 1414 1446 τοῦ
1434 1406 1582 1446 Νείλου

123 1470 269 1526 Λιβύη
294 1471 448 1526 ἐκλήθη
468 1473 585 1529 μέχρι
608 1473 648 1522 ἐς
672 1471 864 1524 ὠκεανὸν,
902 1472 1024 1530 ὅσπερ
1045 1473 1085 1523 ἒς
1111 1471 1257 1514 δύοντα
1278 1489 1354 1515 που
1380 1472 1448 1514 τὸν
1470 1473 1582 1527 ἣλιον
1601 1480 1634 1515 D

69 1538 318 1596 Ξθέκατέραν
345 1539 510 1597 ἤπειρον
542 1542 723 1597 διορίζει,
753 1539 895 1598 ἐκροήν
923 1559 966 1583 τε
992 1542 1124 1597 ἀφιείς
1153 1559 1241 1583 τινα
1270 1543 1337 1582 καὶ
1367 1539 1584 1583 θάλασσαν

125 1607 241 1662 τήνδε
276 1607 524 1660 ποιούμενος.
590 1607 616 1662 ἡ
653 1610 726 1661 μὲν
760 1604 830 1651 οὖν
864 1609 966 1664 ἄλλη
999 1609 1144 1663 Λιβύη
1178 1608 1370 1665 ξύμπασα
1404 1608 1584 1663 ὀνόματα

127 1676 231 1718 κατὰ
257 1674 396 1732 χώραν
428 1673 596 1728 ἑκάστην
629 1676 743 1732 ἕτερα
771 1677 871 1719 ἄττα
902 1676 1242 1734 διακεκλήρωται,
1278 1679 1320 1719 ἐκ
1353 1683 1432 1720 τῶν
1459 1679 1584 1734 ἐκείνῃ

127 1743 428 1800 ἐπιγενομένων,
455 1741 509 1793 ὥς
528 1742 573 1784 τὸ
599 1743 724 1794 εἲκὸς,
758 1745 1029 1799 ἓπικληθεῖσα.
1099 1745 1125 1798 ἢ
1143 1747 1277 1799 μέντοι
1305 1747 1347 1787 ἐκ
1375 1750 1448 1799 τῆς
1472 1747 1584 1788 Ἀλε-

125 1813 336 1870 ξανδρείας
363 1809 483 1868 ὁρίων
508 1810 599 1866 ἄχρι
632 1813 672 1861 ἐς
701 1810 812 1852 πόλιν
837 1812 1025 1870 Κυρήνην
1055 1812 1250 1866 διήκουσα
1282 1814 1342 1854 ε’πὶ
1367 1813 1584 1856 Πενταπό-

71 1884 117 1921 25
129 1878 228 1930 λεώς
254 1882 382 1923 ἐστιν·
417 1880 480 1921 ἐπὶ
512 1877 655 1922 τούτου
682 1879 733 1934 δὴ
763 1878 890 1935 μόνου
915 1886 987 1924 τοῦ
1013 1879 1210 1935 ὀνόματος
1234 1879 1380 1937 Λιβύη
1413 1884 1481 1924 καὶ
1513 1887 1584 1924 νῦν

126 2014 261 2043 vocant.
309 2008 393 2043 Cum
418 2011 529 2043 autem
555 2007 652 2055 plebs
672 2008 870 2044 seditionem
896 2010 942 2045 ibi
965 2011 1099 2045 concire
1114 2010 1230 2054 solita,
1253 2021 1291 2045 se
1306 2010 1436 2056 pariter
1451 2022 1492 2045 ac
1509 2011 1584 2045 sru-

124 2058 272 2089 mentum
293 2055 381 2088 male
405 2055 584 2100 perderet,
607 2056 684 2100 imp.
699 2055 902 2090 Iustinianus
915 2057 1022 2091 locum
1039 2058 1126 2090 hunc
1141 2068 1233 2091 muro
1252 2056 1469 2090 circumdedit
1481 2083 1490 2100 ‚
1515 2056 1583 2090 ita-

126 2111 192 2145 que
206 2100 272 2134 vim
290 2111 310 2134 a
324 2101 491 2135 frumento
507 2101 686 2146 prohibuit.
733 2101 832 2135 Haec
846 2102 893 2135 ibi
907 2102 977 2138 ille.
1025 2105 1099 2147 Age
1114 2114 1208 2144 vero,
1234 2103 1365 2148 quando
1383 2113 1443 2135 nos
1463 2102 1496 2135 in
1514 2105 1584 2136 Ae-

126 2150 267 2191 gyptum
281 2145 417 2180 Africae
433 2147 669 2180 conterminam
684 2147 750 2180 iam
765 2147 860 2181 duxit
875 2148 984 2182 oratio
995 2172 1006 2189 ‚
1038 2160 1124 2193 quae
1145 2148 1231 2182 idem
1254 2149 1323 2182 illic
1338 2147 1506 2194 praestitit
1522 2160 1582 2181 ex-

125 2201 307 2245 ponamus=
331 2191 492 2237 siquidem
515 2197 622 2226 totam
637 2192 784 2228 Atticam
805 2198 923 2229 nactus
946 2194 1102 2228 barbaris
1121 2194 1290 2228 subditam
1303 2220 1313 2238 ‚
1335 2194 1464 2239 reliquo
1482 2194 1583 2230 Rom.

124 2236 263 2283 :inperio
279 2237 385 2282 ipsam
401 2237 562 2272 adiunxit.

217 2282 356 2317 Fluvius
371 2283 471 2317 Nilus
485 2285 528 2317 ab
546 2283 634 2318 Indis
650 2283 684 2317 in
699 2284 892 2329 Aegyptum
907 2283 1088 2319 decurrens
1098 2310 1108 2326 ,
1131 2286 1249 2331 plagas
1271 2285 1343 2318 illas
1359 2284 1401 2318 ad
1417 2296 1509 2319 mare
1525 2294 1584 2317 us-

127 2337 195 2372 que
206 2327 356 2362 bifariam
371 2334 476 2365 secat.
522 2329 634 2364 Terra
647 2341 743 2363 amne
759 2329 878 2372 divisa,
895 2330 1017 2375 duplici
1032 2331 1162 2364 nomine
1178 2331 1389 2365 discernitur.
1438 2332 1485 2364 Ac
1502 2341 1582 2374 pars

127 2372 279 2417 quidem,
302 2385 389 2418 quae
412 2380 464 2408 est
485 2374 525 2408 ad
551 2374 693 2408 fluminis
709 2375 901 2419 dexteram,
924 2376 1004 2410 Asia
1026 2377 1148 2410 dicitur
1170 2388 1275 2422 usque
1299 2376 1342 2410 ad
1359 2376 1483 2410 Phasin
1500 2376 1582 2408 Col-

129 2417 233 2452 onidis
245 2417 404 2462 fluvium,
428 2420 485 2474 qui
500 2421 610 2454 Asiam
625 2425 727 2465 atque
742 2421 914 2466 Europam
929 2421 1074 2464 dirimit3
1098 2423 1154 2456 vel
1171 2423 1211 2457 ad
1230 2423 1351 2456 fretum
1369 2421 1582 2456 Cimmerium

124 2461 318 2508 flumenque
339 2465 488 2502 Tanain.
533 2466 621 2500 Nam
646 2466 680 2499 id
705 2472 956 2501 controversum
982 2473 1034 2502 est
1055 2468 1284 2502 interfluat-um
1309 2479 1418 2501 rerum
1442 2467 1580 2511 peritos,

131 2512 234 2586 prout
253 2509 287 2543 ὶιι
309 2509 404 2545 libris
429 2511 472 2545 de
497 2511 593 2546 bellis
621 2511 775 2555 ostendi,
799 2524 872 2546 cum
891 2513 984 2558 ponti
1008 2513 1134 2548 Euxini
1159 2514 1315 2548 ambitum
1340 2513 1580 2547 describerem.

162 2557 267 2588 artem
289 2565 393 2597 vero,
415 2567 503 2602 quae
526 2557 567 2591 ad
593 2558 722 2592 laevam
740 2562 791 2591 est
804 2557 894 2600 Nili,
919 2559 1066 2594 Africam
1082 2565 1208 2593 vocant
1222 2570 1330 2604 usque
1346 2559 1387 2592 ad
1407 2568 1581 2597 oceanum,

132 2597 191 2641 qui
204 2597 238 2632 ia
255 2600 424 2635 occidente
438 2606 614 2648 utramque
629 2603 854 2637 continentem
870 2604 1045 2646 distrahit,
1069 2605 1247 2639 infundens
1264 2616 1340 2640 sese
1363 2608 1397 2636 et
1411 2603 1475 2635 hoc
1491 2613 1583 2636 mare

132 2647 280 2678 nostrum
305 2645 463 2680 efficiens.
509 2651 560 2682 Ac
587 2655 722 2683 caetera
749 2649 881 2694 quidem
907 2651 1022 2684 Africa
1046 2651 1080 2684 in
1107 2651 1246 2695 singulis
1277 2648 1468 2693 regionibus
1501 2647 1586 2680 alias

132 2689 291 2732 quasdam
306 2692 544 2736 appellationes
560 2695 602 2728 ab
618 2694 776 2736 advenis,
799 2700 837 2728 ut
852 2696 1031 2730 verisimile
1057 2701 1130 2739 est,
1153 2697 1347 2740 desumptas
1370 2693 1490 2727 sortita
1517 2696 1583 2726 est.

132 2734 206 2787 (ἔτι
219 2739 348 2778 autem,
370 2747 456 2780 quae
471 2740 513 2772 ab
527 2740 750 2774 Alexandriae
772 2740 876 2774 limite
895 2741 938 2776 ad
954 2743 1112 2786 Cyrenen
1128 2742 1354 2785 Pentapoleos
1372 2740 1485 2772 urbem
1502 2749 1584 2783 per-

131 2782 237 2825 unet,
261 2791 360 2815 unum
373 2782 471 2818 hodie
483 2783 614 2830 Libyae
629 2797 746 2820 nomen
761 2786 897 2822 retinet.
943 2787 1010 2822 Est
1026 2787 1079 2821 hic
1097 2788 1177 2822 urbs
1195 2784 1413 2831 Taphusiris,
1436 2784 1582 2818 Alexan-
