1800 3126
548 154 740 199 NOTAE
773 153 1066 198 ALEMANNI.
1443 153 1544 202 447

190 268 238 307 P.
269 265 470 315 118,17.
537 265 777 315 Praefectus
800 262 1030 316 praetorio]
1070 263 1219 302 Graece
1248 271 1326 314 est,
1367 261 1542 319 ἐπάρχου
1565 269 1594 304 Ρ
1620 270 1686 305 159

81 326 164 366 ταῖν
190 322 454 377 πραιτωρίων,
477 323 682 374 principis
704 323 1020 374 praetoriorum.
1075 322 1164 360 Lib.
1186 323 1208 363 1
1235 321 1330 360 bell.
1353 323 1481 362 Vand.
1505 332 1544 362 et

81 381 176 420 alibi
203 392 319 431 saepe
349 379 523 431 ἔπαρχον
552 394 623 430 της
653 375 791 429 αὐλῆς,
821 379 944 416 aulae
956 380 1181 430 principem
1211 378 1384 416 eundem
1412 388 1543 420 vocat.

78 438 224 489 mrum
253 443 400 488 quanta
429 437 479 473 sit
509 442 688 473 veterum
715 436 909 473 librorum
943 437 1228 484 inconstantia,
1268 435 1389 475 modo
1425 436 1543 491 ἔπαρ-

77 508 172 548 χον,
199 492 320 531 modo
348 489 529 544 ὕπαρχον
559 491 699 530 eadem
727 493 873 544 pagina
903 494 1027 543 legas.
1084 493 1188 530 Eam
1216 495 1448 532 varietatem
1478 508 1544 531 se-

80 556 191 588 cutus
222 556 280 588 est
309 548 587 600 Schringerius
616 551 659 586 in
688 548 860 587 editione
889 550 1152 587 novellarum.
1210 551 1390 588 Putarim
1419 547 1541 604 ἔπᾶρ-
1565 551 1595 586 Α
1619 553 1663 588 95

76 621 172 660 χους
199 604 272 644 hos
303 605 427 644 dictos
456 606 592 654 fuisse,
626 619 748 658 penes
781 619 880 659 quos
910 619 1068 644 summa
1098 609 1308 655 autoritas,
1338 615 1376 645 et
1403 609 1543 659 legum

75 661 373 701 condendarum
402 664 463 700 ius
494 670 617 711 esset,
660 669 698 700 et
730 662 782 700 ad
807 675 910 715 quos
939 665 1201 714 provinciales
1230 671 1491 715 provocarent
1519 679 1542 703 a

75 720 158 758 suis
198 720 428 771 praefectis3
472 722 540 771 qui
583 721 697 771 quasi
732 721 934 757 minorum
972 722 1153 770 gentium
1185 721 1336 759 iudices
1368 717 1542 774 ὕπαρχοι
1566 725 1599 760 V
1620 725 1689 762 374

75 782 322 815 vocarentur.
379 777 480 814 Rem
508 783 643 815 tamen
671 777 714 813 in
748 775 886 814 medio
915 777 1112 829 relinquo.
1173 777 1254 814 Sed
1284 780 1446 816 οιιιιιίιιο
1477 778 1541 816 di-

74 831 306 884 stinguendi
341 840 433 870 sunt
463 833 663 884 praeficta*
694 836 1067 885 praetorianorum,
1116 835 1184 885 qui
1226 833 1370 872 deinde
1410 837 1541 873 vocati

75 897 167 927 sunt
193 891 355 927 comites
377 889 618 941 aulicorum,
649 897 691 927 ut
715 904 834 942 supra
864 889 916 927 ad
941 905 982 942 p.
1006 893 1058 931 28
1086 889 1276 938 diximus,
1309 899 1347 929 et
1375 891 1542 930 tandem

74 948 178 984 circa
205 947 414 983 Iustiniani
442 952 620 998 tempora
640 948 915 998 curopalatae.
972 950 1075 984 Nam
1106 961 1158 984 ex
1187 949 1340 987 Latinis
1370 951 1540 1000 scripto-

72 1002 183 1040 ribus
205 1003 410 1054 Corippus,
443 1016 494 1039 ex
524 1004 683 1041 Graecis
711 1005 905 1055 Evagrius
934 1005 1055 1072 primi
1085 1005 1316 1042 extulerunt
1346 1018 1434 1042 eam
1464 1019 1539 1044 vo-

73 1072 177 1097 cem.
234 1060 380 1110 Evagr.
409 1059 438 1095 l.
470 1059 495 1102 5
527 1073 560 1096 c.
595 1061 632 1100 1.
662 1056 868 1108 Ἰουστῑνος
895 1058 972 1112 τήν
1001 1059 1187 1113 φυλακὴν
1217 1065 1288 1113 τῆς
1319 1058 1444 1128 αὐλῆς
1473 1061 1538 1114 ἑμ-

71 1114 379 1180 πεπιστευμένος
411 1112 459 1155 ὃν
495 1113 802 1169 κουροπαλάτην
837 1133 862 1169 η
899 1115 1099 1170 Ῥωμαίων
1137 1117 1239 1169 λέγει
1269 1134 1405 1170 φωνη.
1465 1119 1538 1156 Ιιι-

72 1174 232 1222 atinus,
273 1173 341 1209 cui
377 1170 531 1209 credita
570 1180 656 1210 erat
684 1174 807 1211 aulae
838 1187 961 1222 cura,
1000 1179 1116 1224 quem
1144 1175 1331 1212 Romano
1361 1183 1538 1213 sermone

73 1228 346 1280 curopalatem
362 1228 633 1279 appellamus.
689 1230 911 1298 Praefecti
921 1243 1015 1267 vero
1029 1245 1083 1282 pt
1086 1238 1195 1268 aecor
1197 1246 1331 1269 corum
1351 1230 1536 1283 dignitas,

71 1285 122 1323 ab
152 1286 323 1336 Evagrio
351 1285 380 1322 l.
409 1284 436 1325 3
466 1298 499 1322 c
529 1285 598 1326 42
638 1288 856 1339 Κορυφαία
884 1282 983 1339 ἆρχή
1015 1286 1159 1324 dicitur
1186 1302 1370 1327 summus
1403 1291 1540 1340 magi-

71 1349 255 1391 stratus3
285 1349 324 1379 et
353 1341 401 1379 ab
430 1343 611 1393 Eunapio
641 1344 683 1379 in
711 1345 942 1382 Proaeresio
972 1344 1152 1395 βασιλεία
1181 1340 1430 1397 ἀπόρφυρος,
1461 1349 1541 1382 im-

65 1400 252 1451 perium,
291 1400 359 1436 cui
378 1412 573 1449 purpura
602 1398 736 1447 deest;
773 1413 796 1438 a
826 1399 1058 1438 cassiodoro
1091 1398 1119 1438 l.
1151 1403 1190 1440 6.
1243 1403 1334 1440 Var.
1366 1404 1481 1452 epist.
1511 1403 1540 1442 3

63 1462 187 1508 pater
213 1456 387 1506 imperii.
443 1457 552 1492 Haec
591 1454 791 1494 distinctio
831 1459 981 1495 sensim
1020 1463 1110 1508 post
1152 1458 1400 1495 Constantini
1433 1466 1539 1496 tem-

70 1524 167 1564 pora
194 1512 403 1549 increbuit.
459 1513 567 1563 Lege
596 1515 745 1551 Zosim.
779 1514 808 1551 l.
838 1515 880 1554 2.
940 1514 1042 1551 Οιιιιι
1070 1527 1163 1552 vero
1194 1514 1308 1553 audis
1338 1516 1539 1553 simocat-

71 1575 166 1617 tam,
198 1575 238 1606 et
265 1575 445 1606 sanctum
473 1567 741 1620 Nicephorum
768 1571 810 1607 in
838 1569 1022 1617 historia,
1053 1567 1220 1623 πρωτην
1249 1569 1344 1623 μετοῖ
1376 1571 1540 1623 βασιλέα

71 1621 223 1678 α’ρχην,
253 1627 434 1676 primam
456 1634 551 1676 poet
582 1628 860 1678 impertitorem
889 1626 1131 1678 dignitatem
1173 1629 1458 1679 curopalatae,
1496 1628 1542 1666 id

71 1689 154 1731 est,
194 1683 378 1732 comitio,
419 1695 490 1720 seu
531 1684 730 1734 praefecti
770 1686 1128 1734 praetorianorum
1174 1685 1298 1722 fuisse
1337 1698 1358 1721 a
1396 1687 1540 1723 Iustini

70 1738 337 1789 temporibus,
375 1737 418 1775 id
456 1746 641 1789 coeptum
675 1741 882 1791 intelligas
912 1754 1074 1779 necesse
1115 1747 1194 1790 est,
1239 1748 1283 1779 ut
1320 1740 1372 1778 ad
1409 1755 1451 1793 p.
1481 1744 1537 1783 28

69 1808 315 1833 monuimus.

182 1853 230 1889 P.
262 1851 356 1898 119,
386 1851 427 1890 3.
484 1849 678 1901 Aeriam]
718 1852 910 1902 Vectigal,
941 1865 1013 1890 seu
1038 1853 1231 1891 tributum
1261 1866 1284 1890 a
1318 1853 1538 1891 Iustiniano

71 1910 355 1958 excogitatum.
412 1908 581 1944 Ioannes
619 1909 818 1945 Mercerus
855 1910 898 1945 in
936 1908 1106 1946 editione
1148 1912 1210 1947 sui
1249 1911 1536 1960 Harmenopoli

69 1965 100 2003 l.
124 1967 144 2006 1
176 1966 238 2002 tit.
259 1963 285 2004 4
314 1964 498 2001 meminit
526 1964 633 2000 tituli
662 1963 753 2017 περὶ
783 1961 956 2017 ἄερικῶν
986 1967 1149 2016 ζημιῶν,
1181 1965 1229 2003 de
1255 1967 1395 2003 multis
1425 1968 1536 2004 aeri-

69 2021 151 2069 cie,
189 2021 260 2073 qui
289 2021 466 2072 aliquam
495 2019 588 2057 huic
616 2021 704 2058 loco
735 2019 853 2069 dare,
891 2027 930 2058 et
959 2019 1052 2058 hinc
1081 2023 1258 2073 accipere
1287 2023 1421 2060 lucem
1450 2023 1536 2060 for-

70 2084 176 2116 tasse
203 2084 371 2129 poterat.
430 2075 510 2115 Sed
531 2078 600 2114 ille
630 2090 735 2126 rem,
766 2089 888 2129 quam
917 2090 959 2115 se
988 2078 1134 2116 fatetur
1161 2092 1242 2116 non
1271 2079 1534 2129 intellexisse,

72 2135 220 2172 omisit.
278 2136 358 2172 Nos
389 2132 457 2170 diu
485 2135 748 2186 perquisitam
782 2136 824 2171 in
854 2135 1053 2173 Vaticanis
1084 2134 1283 2173 codicibus
1313 2138 1536 2174 manuscri-

69 2193 162 2242 ptis,
190 2203 391 2243 nusquam
421 2189 682 2229 offendimus:
710 2192 877 2230 fortasse
903 2189 980 2229 hoc
1008 2188 1112 2229 istud
1142 2200 1199 2230 est
1227 2193 1366 2230 tributi
1395 2206 1535 2243 genus,

70 2246 180 2299 quod
215 2249 299 2285 iam
335 2248 433 2285 olim
471 2248 665 2285 abolitum
705 2250 910 2286 revocavit·
941 2247 1086 2286 deinde
1122 2248 1295 2287 Michael
1327 2248 1535 2301 Paphlago

70 2303 307 2356 imperator,
338 2303 387 2341 de
418 2317 496 2356 quo
525 2303 630 2342 vide·
647 2304 887 2344 Cedrenum.

181 2362 228 2398 P.
262 2361 364 2409 119,
395 2362 462 2401 11.
529 2363 651 2399 Duos
687 2364 862 2413 excipio,
900 2361 1084 2400 Phocum
1113 2369 1150 2400 et
1176 2361 1385 2414 Βαεειιηι]
1425 2363 1537 2399 Alios

69 2413 174 2456 infra
202 2419 383 2456 nominat
411 2417 631 2469 praefectos
671 2420 892 2469 praetorio,
935 2420 1005 2471 qui
1044 2419 1092 2456 ob
1132 2419 1291 2471 imperii
1328 2419 1539 2457 Iustiniani

73 2470 394 2523 diuturnitatem,
433 2482 471 2512 et
502 2488 635 2512 rerum
664 2474 980 2513 vicissitudinem
1007 2475 1236 2528 frequentes
1267 2476 1340 2514 sub
1371 2489 1417 2513 eo
1444 2475 1538 2512 fue-—

74 2537 186 2567 runt:
225 2531 386 2568 illorum
425 2538 560 2569 autem
598 2533 738 2569 notitia
776 2533 949 2570 multam
987 2539 1025 2569 et
1062 2531 1156 2570 huic
1185 2532 1375 2570 historiae
1404 2533 1538 2569 lucem

75 2583 200 2635 affert,
231 2594 270 2624 et
295 2589 504 2625 Iustiniani
531 2590 891 2638 constitutionibus,
921 2602 997 2641 qua
1018 2589 1303 2627 nonnullorum
1327 2590 1538 2626 Iustiniani

73 2648 192 2694 atque
219 2644 361 2681 Iustini
389 2647 668 2696 rescriptorum
697 2647 1058 2700 ψευδεπιγραφίας,
1075 2646 1226 2698 salsas
1255 2647 1539 2696 inscriptiones

72 2710 192 2749 supra
220 2699 536 2739 observavimus:
568 2715 691 2754 quare
720 2705 763 2739 iu
792 2701 868 2740 hac
895 2703 1042 2740 tabella
1066 2710 1294 2755 praetorum
1320 2703 1404 2739 eius
1428 2709 1535 2740 tem-

71 2756 179 2806 poris
206 2758 367 2794 nomina
397 2757 610 2810 diligenter
638 2761 882 2813 conquisita,
924 2766 964 2797 et
1003 2758 1055 2798 ad
1081 2767 1195 2800 notas
1230 2760 1440 2799 consulum
1470 2758 1534 2797 di-

73 2818 183 2862 gesta
211 2789 493 2865 proponendae
495 2816 566 2854 tibi
594 2816 719 2855 lector
749 2818 987 2858 curavimus.
