1858 3126
300 145 396 191 240
884 149 1144 193 PROCOPII

299 255 468 313 λήγοντα
492 257 538 301 δέ
558 276 611 314 πη
632 258 732 302 αὐτὰ
752 255 854 312 νάπη
875 275 935 308 τις
956 256 1130 314 ζεύγνυσι
1150 261 1214 301 καὶ
1231 257 1418 317 χαράδρα
1435 261 1581 315 μεταξὺ
1603 256 1717 312 οὖσα,

293 325 535 382 χειμάρρουν
558 329 798 377 ἓπιτελοῦσα,
827 326 982 367 ἐπειδὰν
999 325 1084 377 ὕοι,
1113 326 1361 382 Ὀνοπνίκτην
1379 328 1516 381 ὄνομα,
1542 327 1586 377 ὃς
1605 328 1654 382 δὴ
1674 330 1717 378 ἐξ

299 391 532 449 ὑπερδεξίων
551 394 694 435 κατιὼν
712 393 882 448 ὕπερθέν
902 409 942 434 τε
967 397 1039 434 τοῦ
1062 391 1268 449 περιβόλου
1285 393 1496 452 φερόμενος
1524 396 1586 436 ἐπὶ
1613 395 1714 449 μέγα

298 476 362 510 τε,
392 459 440 501 ἂν
461 458 563 501 οὕτω
584 458 718 512 τύχοι,
753 458 1020 512 ἐξιστάμενος,
1057 459 1344 503 διεσκεδάννυτο
1369 463 1440 514 μὲν
1463 463 1502 511 ἐς
1523 461 1616 510 τοὺς
1644 465 1715 514 τῆς

298 525 448 575 πόλεως
470 527 709 576 στενωποὺς,
739 524 929 580 ἀνήκεστα
949 528 993 568 δὲ
1017 526 1120 568 κακὰ
1142 527 1234 576 τοὺς
1255 525 1376 583 ταύτῃ
1394 528 1614 584 ᾠκημένους
1633 529 1746 582 sip-5

297 592 448 646 γάζετο.
517 593 618 633 ἀλλὰ
646 594 712 633 καὶ
735 591 875 635 τούτου
907 593 979 647 τὴν
1004 593 1134 635 ἄκεσιν
1152 594 1422 643 Ἰουστινιανὸς
1442 594 1627 647 βασιλεῦς
1650 593 1716 635 εὗ-

299 676 394 714 ρατο
414 657 546 715 τρόπῳ
566 661 716 716 τοιῷδε.
781 660 857 716 πρὸ
876 665 947 702 τοῦ
967 659 1199 716 περιβόλου,
1233 659 1348 716 ὅνπερ
1369 659 1532 714 ἄγχιστα
1551 665 1620 715 τῆς
1637 677 1716 714 χα-

245 730 275 763 Β
299 723 450 781 ράδρας
469 727 670 778 ξυμβαίνει
693 724 809 777 εἶναι,
843 728 884 776 ἒξ
904 722 952 780 ἧς
974 725 994 767 ὃ
1014 725 1255 783 χειμάρρους
1275 728 1336 767 ἐπὶ
1355 726 1400 768 τὸ
1421 728 1599 780 τείχισμα
1619 729 1716 777 ἵετο,

295 799 427 844 τοῖχον
449 794 628 845 ἐδείματο
649 791 909 849 ὑπερμεγέθη,
936 795 978 835 ἐκ
997 796 1131 847 κοίλης
1146 792 1353 849 χαράδρας
1370 791 1553 846 διήκοντα
1568 793 1608 842 ἔς
1622 791 1715 834 ἑκά-

295 875 407 914 τερον
428 866 510 900 τοῖν
534 859 641 915 ὄροῖν
659 859 853 913 μάλιστα,
891 859 945 909 ὥς
970 861 1107 914 μηκέτι
1124 861 1336 916 περαιτέρω
1358 861 1455 902 ἰέναι
1478 863 1714 913 κυματοῦντι
1729 869 1770 901 10

293 930 352 981 τῷ
372 930 538 982 ποταμῷ
569 927 717 968 δυνατὰ
741 927 822 981 εἴη,
859 927 952 968 ἀλλ’
987 929 1047 969 ἐπὶ
1078 926 1319 983 μακρότερον
1348 925 1623 980 ξυνιστάμενος
1654 926 1718 967 ἓν-

294 996 430 1033 ταῧθα
458 991 648 1045 λιμνάζοι.
715 995 755 1035 ἓν
786 995 829 1035 δὲ
854 998 910 1050 τῷ
935 995 1053 1050 τοίχῳ
1082 996 1253 1049 θυρίδας
1281 992 1540 1046 ποιησάμενος
1560 993 1717 1034 ἐνθένδε

296 1059 537 1114 ἀπορρέοντα
561 1058 768 1114 ὗπολήγειν
803 1062 903 1102 κατὰ
932 1061 1062 1116 βραχὺ
1087 1060 1233 1115 ἀνάγκῃ
1255 1058 1515 1116 χειροποιήτῳ
1541 1059 1609 1101 τὸν
1630 1076 1717 1111 χει-

159 1133 185 1165 V
208 1132 274 1168 425
295 1124 474 1181 μάρραυν
493 1124 783 1177 διεσκευάσατο,
819 1128 945 1168 οὐκέτι
966 1127 1124 1181 λάβρως
1146 1132 1203 1182 τῷ
1220 1128 1332 1168 παντὶ
1355 1126 1517 1182 ῥεύματι
1533 1130 1589 1182 τῷ
1607 1143 1717 1181 περι-

293 1191 402 1248 βόλῳ
419 1190 732 1247 προσβάλλοντα,
765 1195 830 1234 καὶ
849 1194 914 1234 διὰ
934 1198 1048 1234 τοῦτο
1065 1191 1355 1248 ὗπερβλῦζοντά
1373 1210 1414 1234 τε
1433 1194 1498 1234 καὶ
1515 1192 1587 1245 τὴν
1603 1191 1715 1234 πόλιν
1729 1200 1769 1234 15

295 1258 637 1314 κατεργαζόμενον,
674 1259 777 1300 ἀλλὰ
798 1259 934 1318 πρᾴως
954 1276 994 1300 τε
1014 1261 1079 1300 καὶ
1100 1263 1304 1315 προσηνῶς
1322 1257 1562 1314 ὑπορρέοντα
1571 1289 1584 1307 ,
1618 1253 1718 1313 ᾗπίρ

293 1343 362 1378 μοι
386 1326 534 1381 εἴρηται
543 1357 556 1375 ,
592 1324 715 1381 ταύτῃ
741 1343 780 1367 τε
806 1331 856 1381 τῇ
883 1328 998 1380 ἐκροῇ
1027 1326 1093 1366 διὰ
1117 1331 1186 1379 τῆς
1209 1326 1466 1379 ὀχεταγωγίας
1493 1323 1602 1366 ἰόντα
1627 1323 1718 1365 ὅποι

293 1392 343 1433 ἂν
366 1393 485 1434 αὐτὸν
506 1393 759 1445 βουλομένοις
790 1387 816 1449 ᾗ
847 1391 1040 1448 περιάγειν
1067 1391 1170 1433 οὕτω
1186 1393 1343 1447 μέτριον
1363 1391 1612 1446 γεγενημένον
1635 1397 1718 1438 τοῖς

291 1459 414 1500 πάλαι
433 1458 674 1515 ἀνθρώποις.

237 1540 268 1574 c
427 1526 494 1566 Τὰ
514 1527 586 1579 μὲν
616 1521 684 1568 οὖν
711 1524 817 1582 ἀμφὶ
837 1528 895 1581 τῷ
910 1524 1142 1577 Ἀντιοχείας
1164 1521 1359 1581 περιβόλῳ
1379 1525 1471 1579 τῇδε
1486 1523 1714 1565 Ἰουστινια-
1725 1534 1771 1568 20

287 1597 343 1650 νῷ
369 1596 531 1646 βασιλεῖ
549 1593 761 1649 εἴργασται.
828 1594 891 1632 καὶ
918 1592 1125 1645 ξύμπασαν
1142 1593 1186 1632 δὲ
1206 1591 1306 1646 πρὸς
1326 1594 1404 1632 τῶν
1422 1592 1617 1643 πολεμίων
1643 1607 1717 1632 κα-

256 1717 259 1719 .
285 1663 579 1716 ταφλεχθεῖσαν
620 1657 950 1716 ἀνῳκοδομήσατο
980 1659 1051 1712 τὴν
1083 1657 1195 1699 πόλιν
1223 1655 1353 1705 αὐτός.
1418 1657 1717 1712 τετεφρωμένων

285 1728 364 1782 γὰρ
391 1725 612 1779 πανταχόσε
643 1728 710 1768 καὶ
742 1725 1029 1781 καθῃρημένων
1060 1723 1264 1774 ἁπάντων,
1298 1722 1434 1779 λόφων
1454 1740 1496 1764 τε
1525 1722 1648 1776 μόνον
1673 1725 1715 1764 ἐκ

286 1793 436 1843 πόλεως
455 1792 804 1848 ἐξηνθρακωμὲνης
825 1790 1139 1845 ἓπανεστηκότων
1159 1794 1334 1840 πολλῶν,
1369 1789 1517 1846 ἄπορον
1534 1797 1616 1839 τοῖς
1627 1790 1715 1831 Ἀν-

285 1865 479 1912 τιοχεῦσιν
508 1861 648 1914 ἐγίνετο
669 1859 739 1913 τήν
761 1876 801 1900 τε
825 1858 964 1915 χώραν
982 1860 1184 1913 ἐπιγνῶναι
1207 1862 1276 1911 τῆς
1300 1855 1464 1898 ἑκάστου
1483 1858 1587 1905 ἰδίας
1605 1873 1714 1910 γενο-
1725 1863 1769 1899 25

285 1928 405 1981 με’νης
429 1926 480 1969 τὰ
499 1931 649 1982 πρῶτα.
716 1925 941 1982 ἐκφορήσας
961 1922 1028 1967 οὖν
1047 1926 1092 1967 τὸ
1114 1924 1351 1978 συμπτωθὲν
1373 1923 1499 1974 ἅπαν,
1533 1924 1658 1972 οἰκίας
1674 1940 1716 1964 τε

286 2032 466 2075 iunguntur
481 2032 580 2074 saltu,
602 2031 821 2064 interiacente
837 2031 947 2072 alveo,
970 2030 1026 2074 qui
1041 2033 1118 2074 post
1134 2030 1254 2062 imbres
1269 2030 1448 2061 torrentem
1463 2027 1595 2071 accipit,
1619 2027 1715 2060 Ono-

285 2078 430 2120 pnictem
449 2076 587 2111 nomine.
634 2075 700 2108 Hic
715 2087 757 2108 ex
772 2075 860 2108 edito
882 2075 1050 2116 defluens,
1075 2074 1203 2107 moenia
1221 2073 1496 2113 translabebatur‚
1521 2083 1560 2105 ac
1577 2071 1607 2104 si
1625 2072 1715 2105 forte

285 2120 510 2154 vehementius
526 2120 776 2162 intumesceret,
799 2120 834 2152 in
855 2119 946 2152 urbis
965 2120 1057 2152 vicos
1073 2119 1218 2158 effusus,
1242 2117 1437 2150 detrimenta
1451 2116 1648 2160 gravissima
1666 2116 1714 2150 ci-

286 2165 383 2198 vibus
400 2165 574 2198 inferebat.
620 2164 709 2197 Malo
726 2164 902 2197 remedium
918 2165 980 2196 hoc
995 2164 1119 2196 invenit
1134 2161 1330 2196 Iustinianus
1344 2162 1431 2204 Aug.
1475 2162 1562 2195 Ante
1576 2171 1714 2204 murum,

285 2209 342 2253 qui
361 2214 412 2242 est
427 2209 593 2255 proximus
609 2209 718 2248 alveo,
741 2209 828 2241 unde
847 2214 976 2242 torrens
991 2209 1033 2241 ad
1050 2208 1175 2241 moenia
1191 2207 1448 2247 devolvebatur,
1470 2205 1638 2248 ingentem
1652 2216 1715 2250 pa-

285 2254 400 2287 rietem
418 2253 598 2294 excitavit,
620 2258 654 2286 et
679 2253 721 2286 ad
746 2258 886 2286 montem
909 2258 1084 2296 utrumque
1098 2264 1138 2286 ex
1151 2252 1267 2285 intimo
1282 2251 1376 2284 alveo
1393 2251 1464 2283 fere
1481 2249 1652 2294 perduxit3
1671 2261 1715 2283 ne

285 2299 436 2341 turgidos
463 2298 585 2331 fluctus
611 2298 774 2343 propellat
797 2302 926 2331 torrens
953 2298 1111 2339 ulterius3
1143 2297 1203 2330 sed
1232 2296 1279 2329 ibi
1304 2295 1358 2328 diu
1385 2294 1542 2328 collectus
1565 2298 1712 2337 stagnet.

285 2344 363 2377 Hoc
384 2348 492 2376 autem
507 2343 636 2388 pariete
650 2344 854 2387 fenestrato,
877 2343 965 2375 illum
985 2342 1103 2375 artifici
1118 2342 1152 2374 vi
1175 2341 1286 2384 coegit
1305 2340 1354 2373 ita
1367 2349 1519 2381 manare,
1542 2342 1580 2372 ut
1594 2338 1713 2373 sensim

284 2388 445 2429 subsidat,
469 2399 531 2420 nec
545 2388 608 2421 iam
623 2387 740 2433 rapide
760 2391 830 2421 tota
845 2399 1002 2432 aquarum
1018 2387 1102 2420 mole
1117 2390 1210 2431 petat
1223 2385 1363 2427 moenia,
1385 2395 1466 2425 nec,
1489 2383 1579 2427 quod
1595 2394 1714 2416 conse·-

284 2443 387 2477 quens
406 2436 471 2473 est,
494 2432 650 2474 inundet,
673 2432 811 2476 urbique
826 2432 1002 2477 perniciem
1021 2432 1164 2472 afferat,
1185 2430 1243 2464 sed
1261 2429 1397 2470 leniter,
1421 2432 1457 2462 ut
1472 2427 1560 2470 dixi,
1583 2438 1622 2461 ac
1637 2427 1712 2472 pla-

279 2477 352 2510 cide
373 2477 640 2518 subterlabatur‚
673 2482 708 2510 et
733 2478 796 2510 hoc
821 2477 917 2511 modo
942 2477 1082 2510 effluens
1104 2486 1179 2510 sese
1201 2486 1260 2519 per
1283 2474 1416 2507 canales
1438 2473 1601 2515 insinuet,
1625 2483 1711 2517 quo-

279 2532 352 2555 cum
379 2533 420 2555 ue
435 2522 535 2566 prisci
551 2522 683 2554 incolae
697 2521 802 2566 ipsum
817 2522 983 2555 deducere
997 2522 1180 2555 voluissent
1195 2519 1242 2552 sic
1256 2523 1436 2552 tenuatum.

385 2571 420 2599 ta
442 2566 640 2600 lastinianus
655 2568 740 2610 Aug.
762 2567 933 2611 prospexit
957 2566 1057 2599 muris
1070 2563 1286 2605 Antiochiae,
1310 2573 1405 2616 quam
1421 2564 1454 2595 et
1468 2561 1541 2605 ipse
1554 2559 1710 2602 restituit,

277 2622 351 2644 cum
367 2622 438 2645 eam
453 2612 566 2645 hostes
581 2611 711 2644 flamma
735 2610 881 2644 funditus
895 2610 1103 2644 delevissent.
1152 2609 1265 2643 Rebus
1282 2619 1367 2641 enim
1382 2606 1582 2652 consumptis
1605 2604 1708 2639 omni-

277 2656 339 2688 bus
356 2656 550 2700 penitusque
566 2655 704 2689 sublatis
717 2680 727 2696 ,
749 2655 829 2688 nibil
845 2659 882 2688 ut
905 2655 996 2688 urbis
1011 2655 1183 2695 incensae,
1204 2652 1266 2686 nisi
1283 2653 1435 2686 ruderum
1450 2650 1564 2684 tumuli
1586 2649 1708 2694 passim

277 2705 441 2744 extarent,
465 2711 528 2746 quo
545 2701 702 2744 cuiusque
719 2700 832 2734 domus
848 2703 947 2733 antea
963 2699 1110 2733 stetisset
1125 2700 1209 2741 loco,
1229 2698 1422 2741 dignoscere
1437 2693 1630 2729 Antiocheni
1642 2703 1707 2744 non

277 2749 441 2789 poteraut.
487 2745 604 2789 Quare
619 2745 743 2790 egestis
757 2744 887 2791 penitus
901 2744 1017 2787 ruinis,
1040 2744 1151 2779 tristes
1169 2742 1290 2789 privati
1307 2741 1464 2786 cuiusque
1476 2738 1615 2775 incendii
1627 2736 1706 2771 reh-
