1858 3126
644 137 720 180 DE
754 104 1043 180 AEDmcns
1082 134 1116 178 1.
1190 137 1236 180 2.
1357 159 1359 161 ψ
1514 135 1606 182 181

169 251 282 310 σφίσι
306 246 485 308 παρόντα
513 246 758 306 ἓσῆγγελλον.
827 246 951 302 αὖθις
972 251 1015 293 δὲ
1044 247 1064 293 ὅ
1090 249 1281 304 βασιλεὺς
1301 246 1609 304 ἀντετεχνῆσατο

165 319 276 364 τάδε.
341 318 494 362 τούτων
531 320 581 374 δὴ
612 324 691 362 τῶν
722 319 1000 375 πεπονηκότων
1025 319 1075 362 τὰ
1106 318 1212 377 ἄκρα
1239 317 1316 362 ὅσα
1347 323 1427 361 τῶν
1449 319 1610 373 ἀψίδων

165 388 342 442 ἐπέψαυε
349 419 363 439 ,
402 390 541 430 διελεῖν
574 388 646 442 μὲν
670 389 711 430 ἓν
741 393 800 446 τῷ
834 389 1064 446 παραυτίκα
1091 389 1312 440 ἐκέλευσεν,
1347 387 1546 430 ἐντιθέναι
1567 386 1612 428 δὲ

163 459 302 513 πολλῷ
320 454 487 513 ὕστερον
495 487 508 508 ,
543 457 702 499 ἐπειδὰν
733 457 779 500 τὸ
810 461 882 512 τῆς
909 459 1139 512 οἰκοδομίας
1161 456 1282 515 ὖγρόν
1309 454 1612 514 ἀπολωφήσειεν

130 524 302 575 ὄαῦτοΐς
328 523 519 579 μάλιστα.
588 528 654 567 καὶ
687 526 725 568 οἱ
753 526 825 580 μὲν
855 526 958 567 κατὰ
989 531 1117 569 ταῦτα
1148 528 1330 569 ἐποίουν·
1367 524 1393 580 ἦ
1422 526 1464 567 δὲ
1487 524 1613 573 κτίσις

163 593 366 649 διαγέγονε
394 593 441 637 τὸ
466 593 605 636 λοιπὸν
629 595 670 637 ἐν
699 594 877 651 ἀσφαλεῖ
894 589 1009 636 οὖσα.
1076 595 1238 653 φέρεται
1260 595 1307 637 δέ
1327 611 1366 638 τι
1387 591 1627 652 μαρτύριον

161 659 185 704 ὅ
204 661 396 716 βασιλεὺς
413 666 487 704 τοῦ
508 662 624 719 ἔργον
642 661 807 706 τοιόνδε.

296 729 352 786 β’.
413 729 561 787 Ἀγορά
581 747 642 781 τις
655 731 736 788 πρὸ
758 735 830 774 τοῦ
850 729 1138 787 βουλευτηρίου
1162 726 1371 785 ἐτύγχανεν
1388 724 1512 772 οὖσα·
1534 745 1611 770 κα-
1632 739 1666 774 D
1712 723 1714 725 ‚

160 801 278 840 λοῦσι
296 798 342 841 δὲ
357 799 638 855 Αὖγουσταῖον
657 799 729 854 τὴν
763 799 915 857 ἀγορὰν
949 799 986 841 οἶ
1012 795 1240 850 Βυζάντιοι.
1308 799 1489 840 ἐνταῦθα
1519 800 1614 846 ’ξυν-

108 870 291 922 1οθἥκαι
314 869 441 910 λίθων
468 868 542 922 οὐχ
567 862 693 922 ἧσσον
723 867 750 921 ’ἢ
777 867 878 910 ἔπτὰ
901 868 942 910 ἓν
967 865 1201 924 τετραγώνῳ
1227 867 1474 920 πεποίηνται,
1509 864 1612 906 κατὰ

160 936 234 989 μὲν
254 934 454 990 ἀπόβασιν
473 938 715 991 ’ξυγκείμεναι
736 941 877 988 πᾶσαι,
911 940 1103 979 τοσοῦτον
1127 935 1170 977 δὲ
1189 933 1336 989 ἑκάστη
1358 938 1431 987 τῆς
1451 933 1612 989 ἔνερθεν
1634 934 1665 970 Ρ
1690 934 1734 970 10

161 1003 284 1059 οὔσης
310 1005 580 1059 ἔλασσουμένη
608 1007 674 1047 καὶ
708 1006 950 1056 ἀποδέουσα,
986 1004 1086 1048 ὥστε
1118 1003 1167 1058 δὴ
1193 1007 1274 1046 τῶν
1295 1005 1424 1044 λίθων
1446 1002 1613 1044 ἕκαστον

123 1076 128 1080 “
159 1076 211 1128 τῇ
236 1073 390 1130 ἐμβολῇ
420 1072 648 1130 προῦχοντα
677 1074 847 1129 βαθμὸν
877 1074 1073 1129 γεγονέναι
1100 1077 1180 1115 τῶν
1203 1089 1244 1114 τε
1268 1070 1497 1127 ἀνθρώπιον
1518 1069 1614 1120 τοὺς

159 1141 286 1197 ἐκείνῃ
304 1140 582 1199 ἀγειρομένους
602 1142 666 1184 ἐπ’
697 1143 829 1185 αὐτῶν
852 1142 985 1199 ὥσπερ
1007 1143 1070 1183 ἐπὶ
1092 1139 1266 1198 βάθρων
1284 1143 1514 1194 καθῆσθαι.
1573 1139 1614 1179 ἓν

106 1218 150 1255 15
161 1209 206 1250 δὲ
230 1213 281 1265 τῇ
311 1214 393 1252 τῶν
422 1211 551 1252 λίθων
574 1208 780 1268 ὑπερβολῇ
805 1212 900 1253 κίων
929 1211 1187 1264 ἐπανέστηκεν
1218 1210 1389 1259 ἐξαίσιον
1421 1206 1529 1258 ὅσον,
1565 1205 1613 1248 οὗ

159 1277 372 1332 μονοειδὴς
395 1278 552 1331 μέντοι,
589 1279 693 1321 ἀλλὰ
721 1282 854 1329 λίθοις
886 1279 928 1321 ἓν
955 1277 1187 1336 περιδρόμῳ
1211 1277 1443 1332 εὐμεγέθεσι
1463 1274 1614 1318 σύνθε-

158 1361 250 1398 τος,
283 1346 483 1400 ἕγγωνίοις
514 1347 588 1400 μὲν
622 1352 671 1402 τῇ
702 1348 847 1403 ἐντομῇ
883 1341 1018 1398 οὖσιν,
1060 1347 1101 1395 ἐς
1130 1346 1174 1388 δὲ
1203 1344 1402 1399 ἀλλήλους
1431 1344 1614 1402 ἐμπειρία

157 1417 239 1456 τῶν
267 1411 498 1467 λιθοτόμων
527 1415 825 1471 ἓναρμοσθεΐσι.
889 1414 1043 1469 χαλκὸς
1069 1415 1114 1456 δὲ
1142 1413 1306 1470 ἄριστος
1336 1411 1377 1455 ἴν
1405 1429 1448 1455 τε
1480 1413 1616 1462 πίναξι

159 1483 226 1523 καὶ
251 1480 463 1540 στεφάνοις
495 1484 705 1536 διαχυθεὶς
733 1480 965 1539 περιβάλλει
994 1481 1223 1536 πανταχόθι
1251 1481 1346 1531 τοὺς
1379 1483 1544 1532 λίθους,
1573 1480 1615 1522 ἓν

103 1550 235 1604 Ξομὲν
258 1554 316 1608 τῷ
342 1552 495 1609 βεβαίῳ
520 1552 720 1602 συνδέων,
755 1553 796 1594 ἒν
813 1550 953 1608 κόσμῳ
975 1551 1020 1593 δὲ
1042 1550 1189 1600 αὐτοὺς
1209 1548 1513 1606 συγκαλύπτων,
1547 1549 1616 1590 καὶ

160 1616 215 1660 τά
238 1635 282 1662 τε
313 1617 418 1660 ἄλλα
440 1617 582 1673 σχεδόν
611 1638 650 1663 τι
680 1618 812 1662 πάντα
836 1623 903 1662 καὶ
929 1617 1202 1677 διαφερόντως
1220 1616 1273 1662 τά
1297 1635 1340 1661 τε
1363 1618 1446 1660 ἄνω
1474 1619 1542 1660 καὶ
1563 1616 1616 1659 τὰ

159 1685 270 1729 κάτω
293 1687 334 1738 ἐς
355 1691 429 1730 τοῦ
448 1689 579 1738 κίονος
606 1688 675 1731 τὸν
699 1688 823 1731 τύπον
843 1687 1183 1743 ἀπομιμούμενος.
1253 1686 1274 1729 ὃ
1302 1688 1346 1729 δὲ
1362 1686 1516 1741 χαλκὸς
1542 1679 1612 1728 οὗ-
1633 1695 1663 1730 Β

158 1771 230 1805 τος
261 1755 307 1798 τὸ
341 1757 414 1810 μὲν
441 1755 591 1812 χρῶμά
622 1758 705 1799 ἐστι
736 1762 894 1814 χρυσοῦ
930 1755 1152 1812 ἀκιβδήλου
1186 1754 1431 1815 πρᾳότερος,
1470 1754 1544 1810 τὴν
1574 1754 1617 1795 δὲ

160 1823 277 1875 ἀξίαν
306 1824 353 1866 οὗ
382 1824 494 1881 παρὰ
530 1825 631 1867 πολὺ
659 1825 840 1868 ἀποδέων
870 1823 1101 1875 ἰσοστάσιος
1130 1824 1293 1883 ἀργύρῳ
1326 1822 1438 1866 εἶναι.
1507 1825 1549 1865 ἐν
1571 1823 1616 1864 δὲ

249 1931 286 1966 9.
307 1929 572 1977 Αὕγουσταῖον]
592 1931 769 1977 μετετέθη
793 1930 816 1977 ἢ
843 1931 955 1976 λέξις·
977 1933 1168 1977 γουστεῒον
1187 1930 1259 1976 γὰρ
1279 1931 1434 1966 καλοῦσι
1455 1927 1500 1965 τὰ
1518 1927 1616 1974 ὀψο-

250 1978 422 2013 πωλεῖον.
467 1989 583 2024 margo
607 1979 684 2014 MS.
715 1979 891 2015 Tolosani.
914 1979 1034 2014 Mum.
1060 1979 1162 2014 Conf.
1188 1990 1221 2024 p.
1244 1979 1292 2013 23
1314 1978 1348 2011 b.

159 2067 299 2114 perinde
321 2067 533 2112 dimiserant,
555 2080 596 2103 ac
621 2069 650 2103 si
669 2069 745 2115 quis
768 2069 860 2115 ipsas
887 2068 1134 2103 destrinxisset.
1181 2067 1354 2103 Eiusmodi
1373 2077 1453 2101 casu
1468 2064 1617 2111 perculsi

159 2113 353 2159 mechanici,
377 2115 470 2149 adito
493 2115 614 2149 iterum
637 2115 834 2162 imperatori
855 2115 1046 2160 significant
1066 2127 1132 2160 quo
1148 2126 1204 2149 res
1221 2115 1293 2148 loco
1311 2114 1368 2148 sit.
1415 2113 1478 2146 llle
1493 2112 1615 2145 iterum

159 2170 240 2195 usus
263 2159 419 2203 solertia,
441 2160 490 2195 ita
511 2161 597 2195 malo
625 2162 784 2196 occurrit.
831 2161 1086 2195 succumbentis
1101 2161 1250 2194 fabricae
1265 2165 1381 2205 partes
1398 2169 1542 2192 summas
1558 2168 1616 2191 ar-

160 2207 334 2250 cubusque
362 2206 536 2251 contiguas
560 2208 727 2252 extemplo
750 2207 870 2252 deiici,
895 2218 936 2240 ac
959 2208 1063 2241 multo
1091 2212 1190 2252 post,
1213 2206 1268 2239 ubi
1287 2210 1479 2239 structurae
1495 2205 1616 2237 humor

160 2251 295 2297 penitus
319 2252 544 2295 excessisset,
569 2255 685 2298 reponi
709 2254 818 2288 iussit.
867 2253 946 2294 Quo
971 2254 1014 2287 ab
1030 2253 1093 2286 illis
1109 2253 1283 2298 praestito,
1308 2251 1496 2284 aedificium
1514 2261 1558 2283 ex
1573 2259 1614 2283 eo

159 2297 349 2332 firmitatem
365 2298 532 2333 obtinuit:
555 2310 617 2332 nec
632 2299 730 2333 deest
743 2298 935 2344 imperatori
951 2299 1016 2332 hoc
1032 2299 1143 2344 operis
1156 2298 1392 2332 testimonium.

250 2344 284 2377 2.
328 2344 398 2378 Pro
423 2344 514 2379 curia
531 2345 645 2378 forum
669 2350 733 2388 est,
757 2345 880 2378 dictum
905 2345 1078 2388 Byzantiis
1102 2347 1346 2388 Augustaeum.
1390 2341 1442 2375 Ibi
1466 2339 1617 2386 lapidum

160 2387 294 2423 ordines
307 2400 374 2424 non
391 2390 498 2424 minus
513 2395 638 2435 septem
654 2391 689 2424 in
706 2391 867 2435 quadrum
885 2391 1032 2424 extructi
1048 2395 1143 2434 sunt,
1168 2396 1202 2424 et
1223 2390 1264 2424 ad
1290 2389 1486 2422 descensum
1503 2397 1617 2420 omnes

163 2443 235 2468 eom
279 2434 345 2470 siti.
390 2436 479 2470 Nam
495 2436 639 2482 quisque
653 2436 826 2481 angustior
841 2436 905 2471 sibi
925 2436 1082 2479 subdito,
1103 2436 1152 2470 ita
1169 2436 1352 2475 decrescit,
1375 2440 1414 2468 ut
1433 2444 1500 2478 qua
1517 2436 1617 2477 parte

163 2478 174 2512 l
218 2478 228 2488 ⁶
253 2491 289 2513 cs
305 2481 503 2526 prominent,
526 2483 653 2527 gradus
670 2483 836 2517 efficiant:
861 2482 896 2516 in
913 2482 1046 2527 quibus,
1066 2482 1170 2516 veluti
1189 2482 1222 2515 in
1237 2479 1417 2521 subselliis,
1441 2478 1617 2513 consident

163 2523 221 2569 qui
245 2524 292 2559 ibi
315 2533 572 2572 congregantur.
619 2529 784 2574 Supremo
811 2528 919 2573 gradu
950 2529 1086 2573 exurgit
1109 2529 1264 2562 columna
1285 2528 1416 2569 ingens,
1439 2536 1524 2569 quae
1548 2533 1615 2555 non

165 2574 298 2605 con-ut
318 2573 459 2607 materia
483 2573 682 2611 uniusmodi.
730 2574 792 2608 Est
816 2574 902 2608 enim
925 2576 1071 2608 rotunda
1095 2574 1198 2607 moles
1223 2573 1439 2618 grandiorum
1456 2569 1616 2614 lapidum,

165 2624 251 2659 quos
270 2618 448 2661 angulatim
471 2620 618 2666 scalptos
642 2621 815 2654 fabrorum
838 2619 1006 2655 industria
1028 2619 1288 2665 coagmentavit.
1346 2617 1451 2651 Iidem
1470 2614 1618 2666 undique

167 2661 348 2705 praecineti
372 2667 451 2699 sunt
475 2665 560 2700 fusis
586 2677 666 2700 aere
693 2667 820 2712 optimo
846 2667 969 2700 tabulis
991 2671 1027 2700 et
1050 2666 1203 2700 coronis:
1228 2676 1317 2709 quae
1343 2668 1378 2697 et
1403 2661 1510 2695 valide
1527 2667 1621 2711 ipsos

168 2709 307 2741 nectunt
320 2711 355 2742 et
366 2709 505 2754 pulchre
519 2712 681 2752 vestiunt,
709 2713 884 2746 columnae
907 2714 1045 2746 formam
1065 2723 1138 2746 cum
1151 2712 1186 2745 in
1203 2709 1348 2744 caeteris
1364 2709 1438 2741 fere
1455 2705 1622 2757 omnibus,

167 2754 240 2784 tum
256 2764 336 2787 vero
352 2755 492 2791 maxime
506 2757 597 2792 circa
615 2758 720 2792 basim
735 2770 777 2792 ac
791 2757 953 2792 verticem
968 2757 1142 2792 imitando.
1188 2760 1256 2791 Aes
1274 2754 1358 2789 illud
1374 2763 1454 2786 auro
1471 2761 1554 2796 puro
1569 2760 1623 2782 m-

167 2796 276 2832 serius
297 2799 421 2844 colore,
443 2806 616 2847 argentum
641 2803 748 2849 pretio
767 2815 856 2849 pene
874 2808 1008 2850 aequat.
1055 2803 1094 2837 In
1112 2814 1239 2839 summa
1253 2802 1408 2836 columna
1423 2801 1492 2832 stat
1506 2796 1626 2841 ingens
