1858 3126
563 135 638 176 DE
672 134 961 179 AEDIFICIIS
994 135 1048 179 Π.
1119 137 1165 181 2.
1367 139 1369 141 ’
1495 138 1591 184 215

132 245 403 298 Ἰουστινιανὸς
419 247 610 302 βασιλεὺς
633 248 684 290 τὰ
704 246 886 307 παρόντα
910 249 951 292 ἓν
972 253 1102 306 βουλῇ
1121 250 1288 293 ἐποιεῖτο
1298 282 1311 301 ,
1346 249 1590 295 διασκοποῦ-
1611 255 1643 291 Β

131 333 249 372 μενος
279 316 320 359 εἴ
342 333 431 359 τινα
463 320 521 374 τῷ
553 314 761 374 πράγματι
788 317 924 362 ἄκεσιν
955 318 1076 376 εὕροι.
1145 317 1166 362 ὅ
1192 320 1235 362 δὲ
1262 318 1359 368 θεὸς
1385 320 1495 376 αὐτῷ
1519 320 1592 374 τὴν

131 385 355 439 ἀμηχανίαν
381 383 570 440 ἰώμενος,
606 385 935 440 ἀπαυτοματίσας
960 388 1033 443 τὴν
1053 391 1197 446 πρᾶξιν
1215 386 1404 443 μελλήσει
1424 387 1594 449 οὐδεμιᾷ

127 453 202 508 τὴν
220 451 336 495 πόλιν
359 452 594 497 διεσώσατο.
663 455 812 511 ἐγένετο
834 455 878 497 δὲ
899 456 949 509 δὴ
973 451 1066 500 ὧδε.

94 531 119 568 5
263 523 360 565 Τῶν
375 540 438 573 τις
456 524 581 580 ἐκείνῃ
601 523 968 581 στρατευσαμένων,
997 524 1072 568 εἴτε
1093 524 1183 568 τινὰ
1202 522 1299 579 ι’)’ψιν
1321 522 1473 579 ὀνείρου
1493 523 1591 566 ι’δὼν

126 589 203 632 εἷ’τε
224 589 454 645 αὐτόματος
478 594 534 642 εἷς
550 596 668 636 τοῦτο
693 591 876 648 ἠγμένος,
903 597 985 636 τῶν
1003 595 1094 651 περὶ
1116 593 1191 643 τὰς
1210 594 1440 646 οῗκοδομίας
1461 608 1591 646 τεχνι-

124 662 204 701 τῶν
227 657 529 716 ἑταιρισάμενος
557 661 684 704 πολῦν
711 660 870 715 ὅμιλον,
908 659 1089 719 διώρυχα
1112 662 1263 704 ἐκέλευε
1292 660 1454 718 μακρὰν
1481 660 1591 710 ἐντὸς

123 731 195 769 τοῦ
213 726 430 784 περιβόλου
452 727 704 785 γεγενῆσθαι,
739 731 872 780 δείξας
895 747 933 772 τι
951 732 1103 787 χωρίον
1127 730 1284 780 αὐτοῖς·
1318 729 1430 786 ὕδωρ
1453 727 1530 786 γάρ
1551 746 1590 770 τι

123 794 293 850 πότιμον
315 798 494 840 ἐνταῦθα
513 794 692 855 εὑρήσειν
708 798 751 841 ἐκ
771 803 911 853 μυχῶν
929 796 1159 853 ἀποβλύζον
1167 801 1239 852 τῆς
1251 802 1335 853 γῆς.
1371 801 1592 853 κυκλοτερῆ

71 874 114 909 10
124 881 167 906 τε
186 865 260 919 τὴν
273 864 452 922 διώρυχα
469 864 511 916 ἔς
526 869 662 909 ποδῶν
682 871 811 922 μῆκος
829 865 874 910 ιε’
892 865 1160 923 ποιησάμενος
1176 867 1423 908 ε’πιπλεΐοτον
1442 865 1488 907 τὸ
1506 865 1587 919 βά-
1607 866 1643 902 Η
1667 869 1709 904 17

122 937 203 982 θος
230 938 390 990 κατῆγε.
454 936 573 978 τοῦτο
596 939 646 992 τῇ
673 933 785 978 πόλει
812 934 1011 993 σωτήριον
1034 936 1105 978 οὐκ
1129 936 1171 977 ἐκ
1199 936 1390 991 προνοίας
1415 937 1494 974 τῶν
1520 950 1585 975 τε·
1607 938 1637 976 C

117 1005 264 1054 χνιτῶν
282 1001 435 1045 τούτων
458 1005 692 1058 πεποίηται,
728 1004 823 1046 ἄλλ’
844 1003 941 1062 ὅπερ
961 1005 1140 1047 ἐνταῦθα
1162 1001 1446 1057 ξυμβήσεσθαι
1467 1001 1589 1043 κακὸν

121 1069 292 1122 ἔμελλεν,
327 1066 369 1121 ἔς
389 1075 471 1114 πᾶν
487 1073 693 1130 ξυμφέρον
712 1073 780 1115 διὰ
798 1077 870 1127 τῆς
891 1072 1125 1130 κατώρυχος
1145 1073 1345 1128 ἀπεκρίθη
1362 1068 1589 1124 Ῥωμαίοις.

119 1135 285 1195 ὄμβρων
307 1140 384 1196 γὰρ
409 1140 560 1193 μεταξὺ
585 1142 768 1191 ἐξαισίων
795 1143 1146 1198 καταρραγέντων,
1183 1138 1204 1182 ὅ
1226 1138 1427 1192 ποταμὸς,
1464 1133 1588 1195 οὗπερ

67 1217 110 1252 15
122 1206 379 1262 ἐπεμνήσθην
405 1208 552 1265 ἀρτίως
560 1241 574 1260 ,
607 1208 687 1266 πρὸ
719 1214 792 1252 τοῦ
812 1208 1028 1267 περιβόλου
1057 1205 1279 1265 μορμύρων
1298 1208 1439 1263 ἀρθείς
1460 1224 1502 1248 τε
1524 1207 1588 1248 ἐπὶ
1616 1210 1648 1244 V
1670 1211 1737 1247 414

119 1275 222 1330 μέγα
251 1275 381 1318 οὐκέτι
408 1274 546 1332 ἐχώρει
559 1309 574 1328 ,
608 1275 656 1319 οὗ
690 1278 912 1332 δεχομένων
941 1278 1063 1320 αὐτὸν
1097 1275 1301 1331 τηλικόνδε
1334 1275 1589 1330 γεγενημένον

120 1341 209 1385 οὔτε
229 1348 309 1385 τῶν
331 1342 498 1386 εἰσόδων
521 1344 611 1386 οὔτε
632 1350 705 1387 τοῦ
732 1347 887 1399 ὀχετοῦ,
919 1340 1020 1402 ᾗπερ
1043 1346 1096 1388 τὰ
1117 1343 1304 1402 πρότερα.
1376 1345 1586 1393 ξυνίστατο

119 1405 190 1452 οὖν
212 1413 275 1452 ἐπὶ
297 1411 344 1453 τὸ
366 1419 495 1466 τεῖχος
512 1411 692 1468 ξυνάγων
709 1413 779 1455 τὸν
799 1413 917 1469 ῥοῦν,
952 1414 993 1463 ἒς
1014 1412 1123 1467 ὕψος
1148 1426 1190 1455 τε
1215 1413 1280 1454 καὶ
1304 1410 1442 1464 βάθος
1458 1428 1586 1454 κατα-

116 1480 252 1522 τείνων
271 1480 372 1522 πολῢ
383 1512 397 1531 ,
426 1482 492 1522 καὶ
514 1481 569 1535 πὴ
588 1482 662 1535 μὲν
682 1479 881 1534 λιμνάζων
891 1513 904 1533 ,
932 1482 989 1536 πὴ
1011 1482 1056 1523 δὲ
1071 1479 1339 1538 κυρτούμενός
1357 1496 1399 1522 τε
1422 1482 1489 1522 καὶ
1512 1496 1588 1522 κυ-

62 1549 264 1602 Ξθματίας
284 1549 552 1604 γεγενημένος.
621 1550 667 1592 τὸ
690 1550 764 1603 μὲν
793 1544 864 1592 οὖν
885 1550 1150 1607 προτείχισμα
1172 1547 1420 1603 βιασάμενος
1441 1553 1586 1591 καθεῖ-

118 1620 183 1658 λεν
204 1616 352 1669 εὐθὺς,
381 1619 622 1669 κατασείσας
645 1619 690 1660 δὲ
712 1620 778 1660 καὶ
798 1617 951 1674 πολλήν
970 1636 1060 1662 τινα
1078 1623 1151 1661 τοῦ
1173 1618 1328 1671 τείχους
1347 1623 1496 1674 μοῖραν
1516 1619 1584 1660 καὶ
1606 1620 1639 1656 D

117 1684 192 1735 τὰς
219 1684 348 1735 πύλας
373 1685 626 1737 ἀναπετάσας
647 1687 774 1738 πολύς
794 1704 836 1730 τε
865 1685 1012 1746 ῥεύσας
1038 1687 1111 1742 τὴν
1137 1685 1252 1729 πόλιν
1281 1684 1586 1740 καταλαμβάνει

116 1752 260 1807 σχεδόν
282 1772 321 1796 τι
345 1752 464 1809 ὅλην,
499 1756 566 1808 καὶ
588 1755 712 1810 αὐτῆς
728 1754 802 1810 τήν
823 1773 865 1798 τε
889 1757 1041 1814 ἀγορὰν
1061 1758 1128 1798 καὶ
1154 1756 1250 1806 τοὺς
1270 1755 1498 1805 στενωποὺς
1516 1755 1585 1797 καὶ

117 1822 234 1865 οὐδέν
255 1840 294 1865 τι
318 1816 447 1876 ἧσσον
475 1823 550 1873 τὰς
573 1824 701 1874 οῗκίας
728 1823 1022 1881 περιπολήσας,
1058 1826 1231 1866 ἐπίπλων
1253 1841 1296 1866 τε
1327 1824 1487 1866 ἐνθένδε
1515 1825 1583 1866 καὶ

207 1929 242 1964 3.
266 1925 570 1973 ἅπαντοματίσας
593 1930 671 1966 CH.
717 1927 970 1975 αὕτοματίσας
993 1931 1035 1966 Ρ.
1221 1932 1278 1967 17.
1306 1927 1394 1965 οὔτε
1415 1950 1454 1956 -
1474 1926 1582 1974 οὔτε]

206 1975 316 2019 Vulgo
341 1973 429 2010 οὐδὲ
445 1996 490 2001 -
506 1973 607 2011 ου’δὲ.

115 2064 281 2100 atinianun
304 2067 394 2111 Aug.
423 2066 458 2100 in
484 2066 657 2101 consilium
685 2067 845 2110 vocavit,
875 2070 1006 2101 attente
1029 2066 1209 2112 dispiciens
1235 2077 1301 2111 quo
1329 2066 1427 2100 modo
1454 2065 1581 2100 mederi

115 2116 244 2156 posset.
291 2114 336 2146 At
350 2112 433 2146 deu's
447 2112 538 2146 illum
552 2112 753 2147 difficultate
768 2112 903 2159 exemit,
924 2124 966 2147 ac
983 2123 1021 2147 re
1035 2112 1123 2147 ultro
1142 2113 1299 2146 confecta
1314 2112 1482 2158 protinus,
1505 2111 1582 2146 urbi

115 2157 256 2192 salutem
271 2157 429 2195 asseruit.
474 2154 514 2193 ld
529 2169 612 2193 vero
633 2158 682 2192 ita
697 2159 822 2193 evenit.

207 2203 351 2245 Quidam
371 2215 414 2238 ex
428 2203 564 2238 militari
580 2203 673 2238 urbis
712 2202 854 2239 raesidlo
865 2231 875 2248 ‚
897 2205 972 2239 siv'e
997 2204 1131 2239 obiecto
1147 2214 1208 2249 per
1222 2213 1373 2237 somnum
1388 2203 1461 2238 viso
1472 2231 1482 2248 ,
1506 2203 1579 2238 sive

115 2259 176 2283 suo
197 2248 357 2295 impulsu,
378 2250 545 2284 adiunctis
565 2248 633 2285 sibi
656 2251 690 2284 fa
716 2251 760 2284 ris
779 2250 1031 2297 compluribus,
1057 2261 1130 2284 cum
1154 2249 1246 2282 intra
1262 2260 1375 2283 muros
1391 2249 1499 2283 locum
1515 2249 1578 2283 de-

115 2293 301 2339 signasset,
322 2295 456 2340 longam
473 2291 520 2330 ibi
535 2295 612 2331 fieri
626 2297 762 2331 foveam
775 2295 973 2342 impen‘avit‚
996 2297 1168 2331 affirmans
1183 2294 1290 2329 dulcis
1306 2306 1416 2340 aquae
1433 2294 1579 2329 scaturi-

116 2338 224 2384 ginem
239 2340 274 2374 in
288 2345 403 2376 terrae
415 2341 490 2376 sinu
513 2353 551 2376 re
577 2346 684 2376 ertum
707 2342 760 2376 iri.
805 2342 918 2376 Ducta
932 2343 967 2376 ln
983 2341 1097 2376 orbem
1113 2342 1206 2375 fossa
1219 2340 1435 2386 longitudinis
1453 2341 1578 2386 pedum

117 2385 323 2431 quindecim,
347 2387 480 2422 humum
506 2387 607 2422 altius
629 2387 794 2423 exhausit.
840 2388 922 2422 Fuit
946 2389 1010 2422 hoc
1034 2387 1110 2421 urbi
1134 2386 1299 2428 salutare,
1322 2397 1388 2420 non
1410 2387 1577 2420 artificum

118 2430 255 2470 commo
271 2443 313 2467 ac
326 2432 555 2479 providentia:
578 2434 639 2468 sed
653 2433 742 2479 quod
758 2433 813 2468 hie
831 2434 992 2468 acerbum
1007 2435 1155 2467 futurum
1172 2438 1256 2475 erat,
1279 2431 1441 2466 Romanis
1455 2433 1578 2478 optime

118 2476 242 2520 vertit,
262 2478 426 2513 beneficio
440 2479 564 2516 fossae.
610 2479 649 2514 Si
675 2479 785 2514 uidem
799 2480 864 2514 hoc
884 2479 1016 2513 interim
1032 2478 1141 2525 spatio
1158 2478 1305 2513 maximis
1321 2478 1414 2513 caelo
1431 2478 1578 2524 delapsis

118 2520 296 2566 imbribus,
317 2523 460 2569 flumen,
483 2525 576 2560 euius
592 2537 644 2560 mo
669 2537 689 2560 o
715 2526 914 2560 mentionem
929 2525 1016 2568 feci,
1038 2536 1099 2571 pro
1116 2535 1209 2559 muro
1226 2533 1450 2567 murmurans,
1474 2530 1577 2568 atque

119 2566 293 2602 admodum
308 2574 438 2604 tumens
451 2598 460 2614 ‚
483 2582 550 2606 non
565 2570 760 2614 defluebat3
782 2578 856 2606 cum
874 2571 922 2606 ita
937 2575 1069 2605 auctum
1093 2582 1155 2604 nec
1169 2571 1286 2604 fauces
1302 2570 1387 2605 muri
1401 2571 1575 2615 caperent,

121 2622 184 2646 nec
195 2613 329 2649 canalis.
375 2616 470 2662 Ergo
487 2618 670 2659 haerebat,
692 2629 712 2651 a
738 2628 799 2652 uas
824 2617 867 2651 ad
892 2624 1018 2651 murum
1033 2627 1177 2661 cogenS‚
1202 2621 1236 2649 et
1251 2627 1383 2650 sursum
1401 2615 1575 2649 deorsum-

120 2667 188 2702 que
202 2658 397 2703 altissimus,
418 2662 474 2696 hic
487 2664 688 2708 stagnabat,
710 2663 779 2696 ilic
801 2663 1021 2708 inaequaliter
1044 2662 1189 2696 tumidus
1205 2662 1402 2695 fluctuabat.
1447 2662 1498 2693 Ac
1515 2658 1575 2692 mi-

120 2713 237 2738 norem
251 2705 380 2748 quidem
402 2718 530 2743 murum
555 2709 667 2743 statim
696 2708 847 2748 disiecit3
870 2709 1005 2743 maioris
1029 2719 1112 2743 vero
1137 2712 1235 2753 parte
1261 2717 1380 2751 magna
1403 2705 1575 2749 convulsa,

121 2749 360 2796 patefactaque
382 2757 482 2798 porta
507 2754 657 2798 effusus,
676 2755 794 2789 urbem
813 2755 887 2789 fere
911 2759 1015 2789 totam
1039 2754 1234 2799 occupavit;
1261 2764 1302 2786 ao
1324 2753 1451 2794 forum,
1476 2750 1575 2794 angi·-

121 2798 260 2840 portus,
282 2796 435 2843 adeoque
449 2799 566 2834 domos
580 2800 671 2846 ipsas
686 2800 900 2847 pervadens,
924 2805 960 2836 et
981 2801 1061 2835 inde
1081 2797 1341 2845 supellectilem,
1364 2806 1445 2833 vasa
1461 2795 1576 2842 lignea
