1858 3126
312 172 407 218 160
894 173 1158 217 PROCOPII

306 283 472 342 ἔφερον,
502 282 692 341 Ταρσέων
714 284 757 325 δὲ
777 282 862 326 ὅσοι
879 285 1038 327 Βὲνετοι
1055 279 1158 339 ἦσαν
1177 289 1227 342 τῇ
1248 286 1291 328 ἔκ
1309 285 1515 339 βασιλίδος
1534 284 1736 347 παρρησίᾳ

307 357 553 408 θαρσοῦντες
579 354 619 394 ἓν
639 356 696 408 τῷ
725 353 901 409 δημοσίῳ
924 357 995 407 τῆς
1013 353 1161 409 ἀγορᾶς
1185 355 1225 402 ἐς
1244 353 1313 395 τὸν
1334 352 1568 408 Μαλθάνην
1589 356 1635 396 οὗ
1655 371 1736 396 πα-

307 419 429 477 ρόντα
448 422 561 476 σφίσι
581 420 707 460 πολλὰ
724 418 900 471 ὕβριζον.
966 419 1061 475 ὅπερ
1091 422 1170 462 ἐπεὶ
1192 418 1213 461 ὅ
1241 419 1474 474 Μαλθάνης
1490 420 1598 475 ἵγνω,
1632 425 1736 475 πλῆ-

253 496 285 531 C
308 492 384 537 θος
419 491 670 543 στρατιωτῶν
701 483 939 539 ἐπαγόμενος
963 487 1003 537 ἒς
1033 488 1196 544 Ταρσὸν
1229 486 1351 536 εὐθὺς
1382 487 1541 542 ἀφίκετο
1568 487 1736 544 νύκτωρ,

306 555 558 611 περιπέμπων
577 570 618 595 τε
637 552 731 601 τοὺς
748 553 992 608 στρατιώτας
1015 555 1054 604 ἐς
1070 555 1142 604 τὰς
1164 555 1302 604 οῗκιάς,
1319 553 1472 609 ι’)’ρθρου
1490 556 1643 607 βαθέος
1661 567 1768 608 ’κα-5

305 620 461 664 ταλύειν
479 621 661 662 ἐκέλευεν.
727 618 872 676 ἔφοδον
891 623 933 663 δὲ
955 620 1125 675 οἰόμενοι
1145 620 1292 675 ταύτην
1317 621 1355 662 οἱ
1374 621 1532 663 Βένετοι
1554 620 1664 671 εἶναι,
1694 622 1737 663 ἔκ

304 693 383 731 τῶν
414 687 620 743 παρόντων
645 684 854 740 ἠμύνοντο.
921 690 1061 743 ξυνέβη
1088 690 1219 730 τοίνυν
1241 688 1344 729 ἄλλα
1365 704 1406 729 τε
1428 688 1532 730 κακὰ
1550 688 1591 730 ἓν
1607 686 1736 746 σκότῳ

304 756 491 811 γενέσθαι
508 756 573 796 καὶ
596 754 807 807 Λαμιανὸν
827 755 954 812 ἄνδρα
979 757 1022 797 ἔκ
1049 760 1199 810 βουλῆς
1219 754 1429 808 τοξεύματι
1447 755 1651 809 βληθέντα
1667 772 1738 797 πε-

306 829 401 865 σεῒν.
474 816 524 876 ἦν
551 822 594 863 δὲ
627 821 648 862 ὃ
678 822 888 875 Δαμιανὸς
918 817 1032 872 οὗτος
1065 827 1144 865 τῶν
1175 826 1269 879 τῇδε
1299 822 1476 864 Βενέτων
1500 820 1739 878 προστάτης.

306 889 403 946 ὅπερ
426 890 505 931 ἐπεὶ
531 889 570 938 ἒς
597 887 814 939 Βυζάντιον
833 886 979 944 ἦλθεν,
1015 891 1054 931 οἵ
1071 907 1112 933 τε
1142 891 1302 933 Βὲνετοι
1323 887 1639 946 ὃυσφοροῦμενοι
1656 893 1736 930 θο-
1748 898 1791 932 10

163 971 194 1005 Α
220 967 286 1006 130
305 956 416 1014 ρύβῳ
442 957 518 998 ἀνὰ
547 957 620 1009 τὴν
642 955 756 997 πόλιν
786 961 921 1015 πολλῷ
953 957 1126 1011 εἴχοντο,
1162 960 1226 1000 καὶ
1250 957 1418 1011 βασιλέα
1444 957 1516 1009 μὲν
1547 957 1650 1013 ἀμφὶ
1681 961 1738 1014 τῷ

303 1023 507 1081 πράγματι
538 1022 739 1077 ἠνώχλουν
766 1024 886 1079 ἄγαν,
920 1026 1083 1067 Λέοντα
1114 1027 1157 1067 δὲ
1183 1027 1248 1066 καὶ
1268 1026 1336 1066 τὸν
1354 1022 1589 1078 Mal-&dvm
1610 1026 1738 1065 δεινο-

248 1103 282 1138 D
305 1091 442 1141 τάταις
470 1092 647 1139 ἀπειλαῖς
674 1092 800 1132 πολλὰ
833 1091 1102 1148 ε’δυσφήμουν.
1180 1094 1245 1133 καὶ
1278 1089 1532 1147 αὐτοκράτωρ
1561 1090 1674 1132 οὐδέν
1697 1107 1737 1132 τι

301 1154 427 1213 ἧσσον
461 1159 735 1213 ἀγριαίνεσθαι
760 1160 822 1199 ἐπὶ
853 1166 935 1208 τοῖς
959 1160 1244 1214 πεπραγμένοις
1270 1157 1494 1211 ἐσκήπτετο.
1570 1156 1737 1214 γράμμα

300 1227 374 1280 μὲν
398 1220 466 1266 οὖν
484 1225 606 1274 εὐθὺς
628 1225 792 1280 ἔγραψε,
824 1225 980 1279 ζήτησίν
998 1243 1039 1268 τε
1058 1229 1123 1267 καὶ
1143 1227 1243 1267 τίσιν
1263 1230 1340 1267 τῶν
1359 1229 1415 1281 τῷ
1433 1224 1645 1280 Μαλθάνῃ
1665 1241 1735 1266 πε-
1747 1231 1790 1268 15

301 1292 588 1345 πολιτευμένων
607 1290 772 1333 κελεύων
789 1294 986 1347 γενέσθαι.
1044 1293 1146 1334 ἀλλὰ
1164 1293 1287 1334 Λέων
1309 1291 1417 1348 αὐτῷ
1429 1292 1597 1346 χρυσίου
1617 1288 1738 1347 προὲ-

300 1377 419 1414 μενος
447 1363 606 1412 πλῆθος
635 1362 705 1400 τοῦ
738 1376 778 1400 τε
803 1362 980 1414 διωγμοῦ
1005 1360 1145 1402 αὐτίκα
1173 1360 1240 1400 καὶ
1271 1363 1344 1412 τῆς
1366 1359 1420 1406 εἷς
1439 1357 1532 1407 τοὺς
1550 1358 1739 1408 Βενέτους

301 1431 469 1484 στοργῆς
489 1426 647 1476 ἔπαυσε,
668 1429 738 1468 τοῦ
757 1444 798 1467 τε
818 1426 1050 1482 πράγματος
1070 1424 1324 1477 ἅνεξετοῖστου
1339 1423 1592 1479 μενενηκότος
1609 1427 1738 1467 Μαλ-

300 1494 433 1548 θάνην
460 1494 647 1546 βασιλεὺς
681 1495 720 1543 ἒς
750 1493 966 1545 Βυζάντιον
995 1494 1093 1550 παρ’
1126 1493 1245 1535 αὐτὸν
1265 1491 1410 1546 ἥκοντα
1443 1491 1512 1542 ’ξύν
1539 1509 1581 1534 τε
1608 1496 1737 1548 πολλῇ

302 1560 578 1618 φιλοφροσύνῃ
598 1559 673 1602 εἶδε
694 1563 759 1602 καὶ
782 1562 822 1602 ἓν
844 1565 938 1617 τιμῇ
962 1561 1084 1616 ἴσχεν.
1126 1560 1277 1611 ἐξιόντα
1298 1561 1341 1601 δὲ
1359 1559 1396 1602 οἶ
1416 1560 1574 1603 Βένετοι
1594 1561 1636 1601 ἓκ
1655 1565 1735 1612 βα-
1744 1567 1791 1602 20

164 1638 194 1671 V
215 1637 281 1673 338
303 1630 442 1678 σιλέως
463 1627 725 1684 τηρήσαντες,
760 1630 913 1683 πληγὰς
933 1629 1041 1685 αὐτῷ
1062 1629 1380 1685 προσετρίψαντο
1403 1628 1469 1668 καὶ
1491 1628 1532 1668 ἓν
1558 1629 1737 1684 παλατίῳ

300 1695 601 1752 διαχρήσασθαι
620 1695 802 1749 ἔμελλον,
837 1698 871 1737 εἷ
896 1697 952 1750 μὴ
979 1701 1058 1737 τῶν
1087 1713 1186 1744 τινες
1217 1694 1471 1744 διεκώλυσαν,
1500 1695 1541 1736 o‘c'
1564 1711 1606 1749 γε
1635 1695 1738 1750 πρὸς

299 1766 480 1812 Λέοντος
489 1762 681 1819 χρηματα
699 1762 776 1817 ’ἤδη
794 1764 1066 1817 κεκομισμένοι
1086 1762 1224 1818 λάθρα
1244 1761 1468 1816 ἐτύγχανον.
1535 1763 1662 1803 καίτοι
1677 1763 1736 1811 τίς

299 1832 372 1874 οὐκ
395 1830 442 1872 ἂν
463 1829 609 1884 ταύτην
640 1831 711 1884 τὴν
737 1833 934 1873 πολιτείαν
966 1829 1227 1884 ἓλεεινοτάτην
1253 1831 1404 1882 καλοίη,
1439 1829 1479 1870 ἓν
1503 1823 1736 1885 ᾗβασιλεὺς

298 1900 371 1953 μὲν
396 1897 676 1954 δωροδοκήσας
693 1899 927 1948 ἀνεξέταστα
946 1899 1154 1952 κατέλειψε
1174 1898 1224 1939 τὰ
1247 1896 1484 1952 ἐγκλήματα,
1519 1899 1732 1938 στασιῶται
1742 1903 1787 1939 25

390 1993 445 2027 17.
466 1991 626 2034 διωγμοῦ
650 1991 766 2026 Reisk.
789 1992 983 2035 Legebatur
1003 1989 1144 2035 μώμου.
1278 1991 1334 2028 21.
1351 1987 1490 2034 πληγὰς
1505 1989 1610 2023 Alem.
1643 1990 1732 2034 πλη-

387 2035 457 2080 γὴν
477 2037 547 2070 ΑΡ.
682 2038 766 2071 ibid.
785 2037 845 2070 καὶ
867 2035 906 2070 ἐν
921 2037 1024 2070 Alem.
1071 2037 1197 2070 Aberat
1212 2034 1286 2070 καὶ.
1419 2036 1476 2070 22.
1497 2033 1732 2079 διεκώλυσαν]

343 2106 348 2123 z
389 2083 464 2133 τῶν
486 2078 682 2125 παρόντων
702 2082 758 2115 vel
780 2082 966 2125 πρασίνων
988 2081 1082 2115 addit
1104 2081 1220 2115 Reisk.

298 2160 337 2196 Id
361 2159 419 2193 ubi
443 2158 574 2202 accepit
595 2158 670 2201 ille,
700 2158 841 2192 collecta
864 2158 998 2192 rnilitum
1019 2168 1129 2201 manu,
1153 2158 1298 2191 Tarsum
1313 2159 1413 2191 noctu
1427 2155 1606 2202 pervenit3
1626 2156 1733 2200 primo

299 2205 448 2240 diluculo
461 2203 551 2238 militi
568 2204 601 2236 in
618 2205 732 2237 domos
748 2203 891 2237 immisso
906 2203 1094 2237 vastitatem
1107 2203 1258 2247 imperat.
1292 2202 1411 2235 Veneti
1426 2201 1577 2236 hostilem
1591 2199 1635 2234 im
1659 2211 1734 2234 res-

299 2251 424 2286 sionem
447 2249 534 2291 rati,
558 2249 650 2290 telis,
669 2260 755 2292 quae
778 2249 897 2292 cuique
918 2259 993 2282 sors
1009 2249 1193 2290 offerebat,
1217 2247 1398 2281 defendere
1421 2247 1506 2288 vim3
1531 2257 1603 2279 cum
1618 2257 1638 2279 a
1652 2246 1684 2279 ia
1698 2245 1733 2280 in

299 2294 446 2330 tenebris
461 2294 625 2338 accidunt,
644 2299 714 2327 tum
730 2293 904 2327 Damianus
920 2298 1056 2327 senator
1070 2293 1271 2326 Venetorum
1286 2291 1499 2326 Tarsensium
1514 2301 1649 2336 praeses
1663 2290 1731 2324 telo

300 2341 474 2375 confossus
489 2339 589 2373 cadit.
634 2339 740 2372 Simul
756 2343 794 2371 ut
809 2339 922 2372 adlata
935 2338 1132 2381 Byzantium
1149 2339 1231 2372 haec
1245 2339 1331 2372 sama
1347 2342 1411 2378 est,
1432 2335 1604 2381 impotenti
1622 2335 1730 2369 animo

300 2385 421 2420 Veneti
438 2395 498 2429 per
513 2385 627 2417 urbem
643 2383 732 2417 ciere
747 2385 861 2417 turbas
873 2409 883 2426 ,
909 2384 1064 2428 querelae
1084 2383 1172 2428 apud
1187 2383 1364 2416 Caesarem
1379 2382 1539 2415 molestae
1553 2381 1616 2415 hac
1630 2390 1732 2424 super

298 2442 358 2473 re,
381 2430 527 2464 Leonem
544 2440 583 2462 ac
598 2429 799 2462 Male-inanem
827 2429 974 2462 trucibus
994 2428 1088 2461 minis
1115 2427 1270 2462 conviciis
1296 2439 1337 2460 ue
1363 2427 1540 2460 lacessere.
1583 2426 1732 2470 Impera-

299 2480 367 2517 tor,
383 2479 421 2508 ut
434 2474 490 2518 qui
506 2485 575 2508 rem
591 2475 680 2507 ferre
695 2475 831 2518 gravius
842 2474 1027 2515 simulabat,
1049 2474 1092 2506 de
1106 2474 1205 2506 rebus
1222 2483 1242 2505 a
1295 2473 1427 2506 altbane
1441 2471 1544 2516 gestis
1558 2470 1732 2515 quaestio-

299 2531 375 2555 nem
400 2519 510 2553 edicto
537 2519 717 2557 constituit,
762 2519 886 2552 Verum
914 2519 982 2552 Leo
1004 2518 1228 2564 profusissima
1257 2517 1431 2561 largitione
1453 2516 1608 2551 Caesaris
1631 2515 1732 2549 edicti

299 2569 336 2600 et
357 2565 391 2598 in
415 2564 562 2597 Venetos
586 2564 838 2598 benevolentiae
861 2564 1012 2598 ardorem
1035 2563 1195 2603 extinxm
1219 2573 1259 2596 ac
1283 2561 1464 2596 iniudicata
1486 2560 1729 2601 cammenata,

301 2609 506 2644 Malthanem
526 2609 725 2654 Byzantium
753 2610 988 2642 adventantem
1008 2620 1080 2642 cum
1099 2608 1212 2654 primis
1232 2607 1371 2641 comiter
1392 2607 1571 2651 imperator
1586 2604 1729 2650 excepit,

302 2659 338 2688 et
360 2654 538 2687 honorifice
563 2658 784 2698 prosequutus
809 2658 879 2694 est3
917 2659 953 2688 at
978 2653 1098 2687 Veneti
1125 2665 1168 2687 ex
1193 2652 1330 2686 aedibus
1346 2651 1486 2695 Augusti
1513 2651 1730 2696 prodeuntem

301 2699 410 2735 adorti
434 2699 467 2732 in
482 2698 612 2732 Palatio
638 2700 779 2733 vulnere
802 2699 968 2742 afficiunt,
991 2699 1091 2743 plane
1117 2697 1365 2738 conficiendum,
1389 2697 1449 2730 nisi
1467 2696 1549 2730 clam
1573 2706 1593 2728 a
1617 2695 1730 2728 Leone

301 2744 434 2789 quidam
458 2743 598 2789 pecunia
615 2744 769 2789 occupati
817 2744 1048 2779 rohibuissent.
1093 2743 1162 2777 Hic
1187 2753 1266 2777 vero
1293 2746 1415 2786 quotus
1438 2740 1578 2784 quisque
1593 2743 1654 2780 est,
1672 2737 1730 2782 qui

301 2789 388 2824 banc
413 2789 645 2835 rempublicam
661 2789 736 2824 iure
761 2755 914 2824 ml’seram
937 2800 1004 2823 non
1026 2788 1183 2835 appellet,
1204 2787 1237 2822 in
1255 2797 1320 2832 qua
1335 2785 1523 2821 muneribus
1535 2784 1730 2820 sollicitatus
