1754 3132
206 161 268 206 32
793 165 1054 208 PROCOPII

204 273 246 323 ἐξ
267 272 482 327 ἐπιβουλῆς
506 272 698 329 ὀρρωδῶν
722 271 920 318 θάνατον.
987 279 1184 328 μαθοῦσα
1205 275 1249 318 δὲ
1271 274 1297 330 ἦ
1321 277 1481 329 βασιλὶς
1499 274 1629 319 πολλά

205 341 242 382 οἶ
262 341 323 382 ἐπὶ
343 345 415 394 τῆς
437 341 488 382 ἴω
498 339 690 396 χρήματα
708 341 819 392 εἶναι,
855 342 1052 395 πέμψασα
1073 346 1153 384 τῶν
1172 342 1213 384 ἓν
1234 343 1416 400 παλατίῳ
1434 341 1631 397 εὐνούχων

203 407 293 449 τινὰ
311 405 536 460 κεκόμισται
555 405 701 452 πάντα.
770 407 954 463 ἐτύγχανε
974 410 1018 450 δὲ
1029 407 1243 451 Ἀντωνίνα
1253 441 1265 461 ,
1304 407 1358 458 ὥς
1375 427 1446 463 μοι
1463 409 1628 465 εἴρηται,

203 478 260 531 τῷ
287 475 359 527 μὲν
383 474 498 529 ἀνδρὶ
526 472 722 529 διάφορος
739 475 993 530 γεγενημένη,
1030 479 1079 530 τῇ
1103 475 1146 517 δὲ
1166 476 1342 528 βασιλίδι
1370 473 1542 531 φιλτάτη
1564 477 1632 518 καὶ

205 538 497 596 ἀναγκαιοτάτη
516 540 766 594 τυγχάνουσα
788 541 828 584 ἔν
846 550 930 590 τοῖς
947 539 1122 595 μάλιστα
1134 572 1147 592 ,
1182 540 1250 583 ἅτε
1264 540 1450 597 Ἰωάννην
1469 542 1662 598 ἕναγχοςὸ

155 617 185 651 C
208 607 531 662 κατεργασαμένη
556 608 626 649 τὸν
648 607 941 662 Καππαδόκην.
1010 607 1071 650 διὸ
1092 607 1142 662 δὴ
1162 608 1413 663 χαρίσασθαι
1430 607 1456 663 ἦ
1475 611 1634 662 βασιλὶς

204 678 254 729 τῇ
280 674 492 729 Ἀντωνίνῃ
519 675 844 729 βουλευσαμένη,
876 674 1038 717 ἅπαντα
1067 674 1256 729 ἔπραττεν
1287 673 1395 724 ὅπως
1422 673 1634 730 ἐξαιτήσα-

206 742 314 782 astat
343 757 383 782 τε
411 740 481 782 τὸν
515 740 643 794 ἄνδρα
670 741 696 794 ἡ
726 743 823 797 γυνὴ
851 744 916 783 καὶ
942 741 1018 783 ἀπὸ
1039 744 1256 796 ξυμφορῶν
1274 744 1487 796 τηλικῶνδε
1507 739 1632 798 ῥύσα-

206 811 310 848 σθαι
336 805 484 858 δόξειε,
520 806 648 864 ταύτῃ
676 827 716 850 τε
745 809 792 851 οὗ
822 808 947 862 μόνον
975 813 1032 864 τῷ
1059 806 1301 866 ταλαιπώρῳ
1321 809 1361 857 ἔς
1381 808 1427 850 τὸ
1447 809 1636 857 παντελὲς

68 881 101 913 V
123 883 189 916 288
213 878 510 928 καταλλαγῆναι
536 874 807 928 συμβήσεται,
845 875 948 917 ἀλλὰ
976 876 1041 916 καὶ
1063 872 1285 929 διαρρήδην
1304 874 1427 917 αὗτόν
1449 873 1517 917 ἅτε
1536 875 1636 930 πρὸς
1647 884 1690 918 10

209 941 335 994 αὐτῆς
373 943 692 994 διασεσωσμένον
728 942 982 996 αἰχμάλωτον
1017 941 1349 996 ἀναρπάσασθαι.
1416 941 1564 996 ἐγένετο
1593 942 1638 983 δὲ

208 1002 298 1049 ὧδε.
365 1003 468 1060 ἦλθε
485 1009 556 1060 μέν
575 1026 669 1051 ποτε
690 1007 924 1064 Βελισάριος
944 1009 1106 1062 πρωῒές
1122 1007 1338 1060 παλάτιον,
1367 1003 1468 1064 ᾗπερ
1487 1006 1636 1060 εῗῶθει,

208 1074 279 1124 ξὺν
309 1072 543 1129 ἀνθρώποις
574 1078 746 1130 οἲκτροΐς
773 1093 814 1118 τε
843 1078 908 1117 καὶ
933 1075 1077 1129 ὀλίγοις
1106 1077 1222 1118 τισίν.
1288 1075 1361 1117 οὐκ
1391 1074 1565 1128 εὐμενῶν
1593 1075 1638 1116 δὲ

208 1138 497 1195 πειρασάμενος
518 1143 716 1194 βασιλέως
736 1160 778 1184 τε
797 1145 862 1184 καὶ
880 1146 952 1194 τῆς
971 1143 1193 1193 βασιλίδος,
1230 1142 1332 1184 ἀλλὰ
1347 1143 1412 1183 καὶ
1433 1145 1639 1198 περιυβρι-

211 1207 355 1259 σμένος
382 1208 563 1249 ἐνταῦθα
593 1208 667 1250 ὑπ’
690 1209 847 1263 ἀνδρῶν
866 1212 1090 1263 μοχθηρῶν
1107 1226 1149 1250 τε
1171 1210 1237 1250 καὶ
1260 1208 1451 1263 ἀγελαίων
1462 1240 1475 1260 ,
1504 1207 1638 1250 οἴκαδε
1650 1215 1692 1250 15

159 1286 191 1318 D
215 1274 320 1328 ἀμφὶ
341 1275 472 1327 δείλην
493 1274 617 1328 ὀψίαν
637 1276 767 1318 ἀπιών
799 1275 948 1332 ᾤχετο,
986 1272 1113 1327 συχνά
1144 1292 1187 1316 τε
1213 1273 1573 1330 περιστρεφόμενος
1597 1273 1639 1316 ἔν

205 1346 254 1397 τῇ
285 1339 535 1395 ἀναχωρήσει
570 1341 698 1398 ταύτῃ
728 1345 794 1384 καὶ
824 1339 1050 1395 πανταχόσε
1070 1340 1451 1396 περισκοπούμενος,
1488 1339 1640 1383 ὁπόθεν

206 1409 305 1449 ποτὲ
330 1406 572 1460 προσιόντας
591 1409 700 1466 αὗτῷ
721 1409 816 1457 τοὺς
837 1407 1091 1458 ἀπολλύντας
1117 1409 1208 1451 ἴδοι.
1279 1409 1350 1458 ξὺν
1377 1406 1504 1464 ταύτῃ
1524 1425 1566 1450 τε
1588 1412 1640 1464 τῇ

209 1475 388 1532 ὀρρωδίᾳ
419 1477 473 1523 εἷς
499 1476 545 1517 τὸ
575 1475 776 1527 δωμάτιον
801 1475 956 1527 ἀναβὰς
975 1477 1035 1516 ἐπὶ
1055 1479 1127 1528 τῆς
1146 1473 1338 1527 στιβάδος
1357 1479 1542 1529 καθῆστο
1561 1472 1640 1528 μό-

204 1558 287 1592 νος,
324 1550 502 1595 γενναῖον
521 1543 593 1595 μὲν
617 1543 731 1584 οὐδὲν
751 1544 912 1592 ἐννοῶν,
950 1542 1043 1583 οὐδὲ
1062 1541 1121 1583 ὅτι
1139 1542 1239 1597 ἀνὴρ
1261 1539 1422 1597 ἐγεγόνει
1443 1542 1483 1583 ἓν
1501 1539 1696 1598 μνήμῃΞΟ

89 1620 119 1652 Α
145 1619 185 1653 19
209 1608 331 1662 ἔχων,
365 1609 488 1664 ἱδρῶν
519 1610 563 1651 δὲ
592 1610 651 1651 ἀεὶ
682 1611 746 1651 καὶ
777 1611 947 1663 ἶλιγγιῶν
967 1610 1031 1649 καὶ
1055 1609 1124 1658 ξὺν
1147 1607 1285 1666 τρόμῳ
1306 1611 1442 1665 πολλῷ
1462 1606 1642 1664 ἀπορού-

302 1739 333 1772 1.
357 1734 470 1771 πολλά
494 1736 531 1772 οἱ
553 1738 633 1772 Vat.
656 1738 697 1771 P.
743 1738 780 1772 οὶ
804 1748 868 1770 om.
891 1737 930 1770 A.
1082 1738 1134 1771 11
1156 1734 1459 1780 ἀναρπάσασθαι]
1484 1733 1644 1781 ἀναρτή-

300 1784 437 1818 σασθαι
460 1783 577 1816 Reisk.
736 1784 790 1818 13
814 1779 974 1824 εὐμενῶν
997 1787 1057 1815 aut
1079 1779 1255 1824 εὐμενοῦς
1275 1782 1444 1818 Reiskius.
1487 1783 1644 1826 Legeba-

300 1832 358 1861 tur
383 1828 553 1872 εὐμενῶς.
700 1829 754 1863 15.
778 1827 928 1871 οἴκαδε]
953 1826 989 1868 ἐς
1015 1828 1134 1862 οἰκίαν
1159 1827 1236 1862 Vat.
1373 1829 1428 1863 19.
1452 1827 1643 1873 στιβάδος]

304 1873 414 1918 Vulgo
437 1870 644 1918 στοιβάδος.

212 1997 277 2019 non
305 1983 590 2028 cogitabundum,
626 1995 665 2016 ac
687 1983 838 2024 tristem,
870 1982 935 2017 sibi
953 1983 1124 2017 timentem
1151 1983 1292 2017 insidias
1314 1983 1527 2028 caedemque.
1573 1983 1646 2018 Sed

212 2035 248 2063 et
273 2032 426 2073 Augusta
448 2041 598 2072 magnam
622 2028 784 2072 pecuniae
806 2028 891 2070 vim,
927 2040 1025 2071 quam
1057 2029 1090 2061 in
1122 2028 1295 2062 Orientem
1325 2029 1491 2063 Belisario
1514 2028 1644 2063 servari

212 2075 385 2115 audierat,
421 2075 575 2107 eunucho
609 2073 766 2116 quopiam
800 2085 841 2106 ex
873 2073 976 2116 regiis
1011 2073 1202 2114 destinato,
1234 2074 1366 2107 curavit
1387 2074 1645 2107 convehendam.

213 2120 310 2152 Haec
333 2119 533 2162 Imperatrix
555 2118 589 2150 in
616 2117 758 2160 gratiam
782 2118 968 2151 Antoninae
992 2117 1153 2151 Belisario
1178 2119 1310 2162 quidem
1332 2118 1496 2159 infensae,
1518 2129 1644 2152 summo

213 2170 325 2197 autem
349 2164 414 2197 sibi
438 2174 550 2197 amore
573 2167 608 2196 et
631 2162 877 2196 necessitudine
901 2163 1099 2204 devinctae,
1138 2163 1181 2196 ob
1211 2174 1372 2207 nuperum
1394 2163 1529 2196 Ioannis
1553 2163 1647 2207 Cap-

212 2208 354 2262 padocis
385 2208 512 2242 ruinam
545 2207 677 2240 curavit
708 2219 748 2241 eo
780 2207 941 2248 consilio,
970 2213 1009 2241 ut
1040 2207 1070 2240 si
1101 2207 1232 2251 quando
1263 2207 1322 2241 ina
1353 2208 1526 2242 videretur
1552 2218 1646 2241 reum

213 2253 387 2297 coniugem
409 2253 475 2286 sibi
498 2252 700 2296 deposcere,
734 2257 771 2285 et
796 2264 816 2286 e
838 2253 943 2285 tantis
966 2252 1133 2286 aerumnis
1166 2263 1266 2296 posse
1290 2253 1475 2294 vindicare,
1504 2253 1570 2286 iam
1591 2253 1647 2286 vit

211 2298 270 2332 ille
301 2298 432 2332 omnino
466 2297 724 2339 afflictissimus,
758 2308 823 2330 non
854 2297 951 2330 modo
982 2297 1180 2331 simultatem
1211 2309 1283 2331 cum
1307 2298 1476 2332 Antonino.
1496 2297 1539 2331 de
1564 2308 1647 2331 one-

214 2347 289 2377 ret:
322 2342 382 2376 sed
406 2344 514 2386 palam
537 2343 632 2386 quasi
655 2349 823 2375 servatum
846 2341 1046 2386 mancipium
1072 2342 1165 2375 velut
1188 2353 1249 2386 per
1272 2342 1470 2387 triumphum
1491 2346 1544 2376 tra
1570 2353 1648 2376 ere-

215 2392 283 2422 tur.
332 2388 434 2427 Quod
457 2387 506 2420 ita
531 2391 700 2430 peractum
725 2392 786 2420 est.
833 2387 935 2421 Mane
958 2387 1164 2428 Belisarius‚
1194 2391 1232 2420 ut
1255 2387 1303 2421 illi
1326 2398 1395 2421 mos
1417 2391 1509 2428 erat,
1530 2388 1566 2420 in
1589 2397 1646 2419 re-

214 2433 304 2476 giam
336 2432 451 2472 venit,
484 2432 618 2465 famulis
648 2432 795 2475 stipatus
830 2431 1028 2476 perpaucis,
1061 2437 1162 2485 atque
1183 2431 1226 2465 iis
1250 2432 1390 2466 abiectis
1420 2436 1457 2465 et
1486 2431 1646 2484 sordidis.

216 2477 392 2511 convento
416 2477 566 2511 Caesare
599 2482 635 2509 et.
655 2478 843 2528 Augusta,
874 2476 1092 2520 nullamque'
1083 2488 1117 2510 ιιι
1139 2477 1204 2510 illis
1227 2482 1388 2520 expertus
1409 2487 1492 2520 erga
1514 2487 1554 2509 se
1573 2476 1647 2509 ani-

216 2522 261 2556 mi
283 2521 573 2560 benevoientiam3
607 2520 687 2564 quin
712 2525 854 2566 accepta
874 2521 957 2554 inibi
981 2522 1180 2555 contumelia
1203 2522 1246 2555 ab
1270 2521 1456 2555 hominibus
1478 2520 1647 2554 vilissimis

217 2572 319 2610 atque
344 2565 504 2606 nefariis,
533 2567 596 2598 sub
626 2577 802 2609 vesperum
825 2577 862 2599 se
886 2565 1016 2599 domum
1039 2565 1189 2611 recepit,
1226 2566 1259 2599 in
1286 2566 1343 2599 via
1365 2565 1546 2599 identidem
1568 2576 1645 2599 sese

218 2617 435 2652 convertens,
468 2616 504 2643 et
527 2611 591 2643 huc
617 2614 720 2662 atque
743 2610 819 2643 illuc
842 2611 1144 2655 circumspectans,
1168 2610 1307 2644 sicunde
1327 2610 1491 2644 videret
1481 2621 1517 2644 m
1535 2620 1574 2644 se
1595 2610 1645 2643 ir·

219 2660 355 2690 ruentes
379 2655 422 2689 ad
445 2655 581 2688 caedem
603 2654 761 2688 sicarios:
784 2665 966 2688 conscenso
986 2655 1138 2688 cubiculo
1153 2655 1422 2689 tremebundus‘
1411 2667 1447 2689 ιιι
1469 2658 1547 2690 toro
1563 2666 1645 2689 con-

220 2701 312 2734 sedit
332 2701 441 2741 solus,
476 2699 558 2733 nihil
580 2699 687 2732 animo
710 2710 848 2733 versans
875 2700 965 2744 quod
987 2700 1095 2733 virum
1118 2700 1240 2733 fortem
1264 2701 1421 2742 deceret,
1457 2699 1587 2744 qualem
1609 2703 1645 2732 et

219 2757 256 2780 se
278 2746 384 2780 fuisse
407 2744 542 2790 penitus
561 2743 844 2779 obliviscebatur.
883 2744 944 2778 sed
966 2749 1123 2779 aestuare
1145 2744 1188 2779 ad
1211 2744 1391 2786 sudorem,
1425 2745 1645 2780 tremefactus
