1800 3126
569 107 758 152 NOTAE
791 103 1084 152 ALEMANNI.
1460 107 1559 155 377

97 221 229 274 pacis3
259 233 374 273 quae,
404 218 687 272 compluraque
715 218 814 268 alia,
845 224 884 257 et
910 215 1010 256 haec
1037 217 1125 270 ipsa
1153 214 1202 256 de
1230 217 1460 259 Domitiano
1488 221 1561 259 uni

98 279 290 329 Procopio
320 276 526 315 debemus.
735 271 740 275 ⁶

206 336 254 372 P.
282 332 350 383 56,
374 335 450 379 13.
508 333 597 384 lpse
633 333 902 371 nihilominus
931 329 1158 382 fraudibus
1192 333 1353 382 passim
1381 335 1565 371 omnium

98 389 322 442 expositus]
362 392 475 429 Hanc
502 392 720 442 Procopius
749 388 923 442 μωρείαν
953 389 1151 441 appellat,
1179 388 1414 427 Eustathius
1443 392 1566 428 Pres-

95 447 212 499 byter
247 445 475 485 honestiore
515 448 708 486 vocabulo
751 443 973 496 ἁπλότητα,
1023 458 1145 498 quam
1191 452 1327 483 tamen
1366 447 1566 499 exemplis

97 517 200 556 quae
227 511 361 542 narrat
388 505 605 556 plusquam
637 504 810 557 μωρείαν
839 502 963 539 fuisse
992 502 1147 553 probat.

209 562 255 599 P.
287 562 353 610 57,
384 562 424 602 5.
482 560 708 599 ΛΙεηᾰαοίίε
725 559 923 612 fallebat]
951 560 1011 596 Ita
1038 566 1083 596 ut
1111 560 1155 596 in
1183 556 1339 598 theatro
1368 573 1441 611 per
1470 574 1568 599 con-

97 619 308 655 tumeliam
336 618 384 655 ab
414 619 515 656 irata
538 619 656 670 plebe
684 615 728 654 id
755 617 817 654 illi
845 616 1094 653 obiiceretur.
1152 617 1261 653 Fasti
1278 616 1568 656 Alexandrini:

51 675 55 679 ⁴
98 672 213 715 ἄλλοι
247 672 291 715 δὲ
330 673 513 727 ἔκραζον,
552 675 749 727 ἐπιορκεῖς
778 668 972 724 Γαυδαρε.
1031 672 1125 709 Alii
1163 686 1256 710 vero
1287 673 1567 724 elamitarum,

90 732 254 784 peieras
281 730 423 770 Asine.
479 732 580 769 Cum
608 739 744 769 tamen
775 727 825 766 ad
853 729 1074 779 Evangelia
1107 742 1180 780 pro
1210 730 1401 768 tribunali
1436 733 1570 770 iuras-

99 795 174 827 set.
230 786 346 826 Idem
368 788 472 826 infra
501 790 644 841 repetit
672 800 714 839 p.
744 787 800 827 62
820 787 1041 837 factarum
1068 800 1351 837 saepenumero
1380 791 1571 839 sponsio-

99 859 215 892 num,
246 852 283 883 ει
310 853 560 884 sacramento
586 846 650 885 vel
676 843 831 882 tabulis
860 843 1194 895 confirmatarum
1222 846 1364 881 statim
1394 845 1571 884 oblivio-

100 916 190 941 nem
216 902 442 941 simulavit.
498 905 587 940 Non
614 909 750 939 tamen
780 913 929 949 earum,
958 901 992 938 si
1021 901 1148 938 Paulo
1177 900 1406 941 silentiario
1437 902 1568 941 credi-

101 972 206 1010 mus,
237 972 334 1028 quas
362 960 497 996 iurans
526 957 766 997 Theodorae
795 970 944 995 nomen
973 957 1149 995 fecisset.

308 1011 388 1055 Hv
418 1017 547 1064 ζῶσαν
577 1012 675 1068 εἶχες
705 1010 852 1066 ευσεβῆ
882 1011 1130 1066 συνεργάτιν,

312 1067 422 1112 Ἐπεὶ
452 1070 496 1113 δὲ
525 1075 697 1124 μετῆλθε
709 1069 926 1143 παρέσχες
941 1074 1025 1118 τοῖς
1051 1066 1252 1122 ὑπηκόοις

305 1125 465 1198 :Oenone
489 1126 664 1182 βοηθὸν,
695 1125 818 1196 όρκον
832 1123 1153 1196 αῤῥαγέστατον,

305 1181 384 1226 ’Ὀν
414 1201 463 1226 ου
493 1189 723 1238 παρῆλθες,
754 1180 842 1224 ουδ’
874 1181 976 1224 ἕκων
1003 1179 1295 1237 παραδράμοις.

211 1241 366 1291 Ρ.57,
398 1243 466 1283 10.
524 1241 695 1279 Aurum
734 1239 1015 1278 ardentissime
1050 1240 1204 1291 sitivit]
1251 1240 1446 1291 Evagrius
1484 1242 1513 1278 l.
1543 1242 1572 1282 4

101 1311 138 1334 c.
158 1297 213 1337 29
253 1295 274 1338 ὅ
305 1296 349 1338 δὲ
378 1294 654 1346 Ἰουστινιανὸς
681 1292 735 1349 ἦν
765 1295 838 1349 μὲν
875 1293 1088 1350 χρημάτων
1123 1293 1349 1348 απληστος,
1387 1297 1456 1337 καὶ
1491 1300 1573 1338 τῶν

101 1349 321 1407 ἆλλοτρίων
351 1369 479 1402 ουτως
515 1351 690 1401 ἐκτόπως
725 1350 916 1406 ἕραστης,
961 1368 1015 1400 ως
1053 1352 1122 1393 καὶ
1160 1350 1204 1394 τὸ
1235 1349 1425 1405 υπήκοον
1465 1351 1576 1395 ἅπαν

99 1410 266 1462 χρυσίου
294 1423 548 1461 πιπρασκειν.
605 1410 656 1449 ln
687 1409 920 1448 Iustiniana
951 1417 1036 1446 tam
1067 1410 1317 1460 inexplebilis·
1332 1412 1431 1461 suit
1450 1425 1576 1462 pecu-

101 1468 196 1504 niae
224 1465 454 1518 cupiditas,
494 1475 532 1504 et
561 1473 647 1504 tam
676 1467 811 1518 turpi-s
850 1480 982 1504 rerum
1012 1466 1244 1504 alienarum
1274 1469 1488 1518 appetitio,
1528 1474 1576 1505 ut

101 1520 286 1561 subditos
314 1537 447 1561 omnes
468 1525 646 1575 pecunia
672 1522 873 1572 venderet,
903 1530 979 1560 etc.
1044 1522 1198 1561 Eadem
1228 1525 1363 1562 scribit
1386 1527 1576 1573 Zonaras,

103 1593 277 1632 quorum
313 1581 488 1632 integras
525 1581 731 1632 pericopas
770 1578 893 1618 habes
926 1581 1042 1618 initio
1075 1578 1197 1618 huius
1226 1581 1319 1618 libri
1350 1583 1577 1632 argumenti

101 1637 207 1675 loco.
264 1637 418 1675 Iuliana
444 1638 586 1675 Anicia
612 1638 839 1687 intelligens
868 1636 944 1674 lzoc
973 1637 1228 1688 imperatoris
1258 1639 1490 1689 ingenium,
1532 1645 1579 1675 ut

103 1693 283 1744 loquitur
311 1694 525 1745 Gregorius
553 1695 784 1731 Tunnensis
814 1692 863 1730 de
893 1694 994 1744 glor.
1018 1701 1182 1745 martyr.
1218 1707 1252 1731 c.
1278 1698 1358 1737 133
1387 1708 1579 1746 magnam

103 1751 192 1787 auri
221 1751 390 1801 copiam,
421 1763 543 1803 quam
573 1750 621 1787 ab
646 1763 691 1787 ea
710 1722 954 1787 Iustiniaueus
974 1752 1156 1802 petierat,
1188 1751 1403 1790 artificibus
1432 1751 1579 1800 tradit;

97 1807 172 1857 ite,
199 1807 342 1858 inquit,
370 1814 406 1844 et
427 1807 560 1858 factis
594 1807 711 1844 iuxta
739 1820 969 1844 men-suram
996 1808 1202 1858 tignorum
1231 1808 1400 1859 tabulis,
1430 1823 1474 1845 ex
1501 1809 1579 1846 Ιιοσ

103 1864 159 1903 B.
187 1863 400 1914 Polyeucti
425 1864 618 1914 martyris
647 1876 848 1900 cameram
879 1870 1087 1915 exornate,
1127 1878 1176 1902 ne
1202 1863 1304 1902 llaec
1342 1867 1463 1904 avari
1499 1866 1578 1902 im-

97 1921 304 1971 peratorie
330 1933 479 1958 manu-⁵·
506 1922 700 1971 attingat.

217 1977 264 2013 P.
287 1977 451 2025 57,10.
510 1978 649 2014 δὶιίνίέ
680 1982 715 2012 et
743 1974 1000 2027 sanguinem]
1033 1977 1119 2013 Hoc
1149 1975 1270 2013 etiam
1299 1977 1468 2025 Prasini‚
1497 1990 1575 2028 po-

103 2032 306 2084 pulusque
342 2033 802 2084 Constantinopolitauus
840 2032 999 2084 publice
1034 2033 1253 2071 Iustiniauo
1291 2034 1574 2082 inclamabant,

106 2095 269 2140 eratque
301 2089 357 2128 eis
386 2102 469 2128 vox
501 2090 572 2126 illa
603 2090 813 2138 solemnis,
856 2102 978 2140 quam
1006 2088 1278 2141 Theophanes
1306 2091 1448 2139 refert,
1486 2090 1576 2131 εἴθε

106 2141 335 2197 Σαββᾶτιος
374 2162 429 2198 μη
467 2143 664 2200 ἐγενήθη,
704 2145 774 2185 ι’να
810 2142 866 2197 μή
907 2145 974 2200 ἔχῃ
1013 2143 1104 2186 υἱόν
1141 2145 1280 2197 φονέα.
1337 2147 1503 2185 Utinam
1533 2149 1579 2184 in

106 2201 237 2239 lucem
265 2202 487 2240 Sabbatius
523 2217 603 2240 non
638 2203 833 2252 veni-sset,
874 2217 935 2239 cer
938 2210 974 2239 te
1002 2203 1149 2253 silium
1189 2211 1226 2240 te
1263 2217 1344 2241 non
1371 2204 1579 2242 liubai-sset

107 2259 435 2310 sanguinarium.
493 2260 584 2297 Fuit
614 2259 825 2298 Sabbatius
854 2260 1065 2298 Iustiniani
1093 2266 1229 2311 pater,
1258 2267 1304 2298 ut
1332 2262 1437 2298 infra
1467 2260 1579 2298 dice-

106 2327 211 2352 mus.
271 2317 360 2354 Huc
399 2317 520 2354 etiam
557 2317 629 2354 illa
658 2316 702 2354 S.
731 2317 903 2367 Agapeti
931 2316 1129 2368 pontificis
1157 2328 1237 2356 vox
1263 2320 1465 2369 pertinet3
1508 2332 1581 2369 ego

108 2369 169 2408 ad
193 2371 469 2411 lastinianum
499 2374 777 2425 imperatorem
806 2375 941 2411 venire
970 2372 1218 2424 desideravi,
1249 2375 1320 2412 sed
1345 2375 1579 2413 Diocletia-
1603 2379 1636 2413 A
1660 2379 1708 2414 30

110 2440 208 2464 num
242 2429 389 2467 inveni.
445 2430 679 2468 Anastasius
720 2436 759 2467 et
793 2428 960 2468 historia
997 2431 1167 2468 miscell.
1199 2430 1230 2469 l.
1262 2434 1327 2473 16.
1385 2434 1438 2469 Et
1466 2432 1580 2482 Vigi-

110 2483 211 2532 lius;
254 2492 302 2522 ut
336 2483 478 2535 video,
521 2500 603 2524 non
632 2500 692 2523 me
720 2487 909 2536 fecerunt
936 2488 1068 2525 venire
1096 2485 1157 2524 ad
1183 2502 1224 2525 se
1253 2487 1516 2526 lastinianus
1546 2495 1583 2525 et

117 2537 320 2579 Theodora
341 2543 524 2594 piissimi
545 2544 776 2594 principe83
817 2542 890 2581 sed
915 2542 1035 2581 hodie
1063 2546 1173 2593 scio,
1212 2543 1326 2596 quod
1351 2545 1583 2583 Diocletia-

111 2609 211 2634 num
238 2603 275 2634 et
300 2598 576 2638 Eleutheriam
603 2601 750 2640 inveni.
805 2602 1039 2639 Anastasius
1068 2602 1112 2638 111
1137 2603 1300 2652 vigilio.

224 2653 272 2690 P·
302 2654 374 2702 58,
403 2658 443 2696 8
501 2656 659 2696 Ιηεαηα
693 2657 994 2710 munificentia]
1034 2659 1245 2696 Iustiniani
1285 2655 1580 2708 prodigentiam

110 2714 251 2745 notant
278 2710 470 2761 Evagrius
499 2720 539 2751 et
567 2716 767 2763 Zonaras,
808 2728 908 2766 quos
950 2715 1071 2766 paulo
1109 2722 1200 2752 aute
1236 2713 1413 2751 laudavi.
1470 2715 1580 2750 Mar-

112 2765 283 2804 cellinus
320 2764 370 2804 de
412 2768 689 2821 largitionibus
724 2772 935 2810 Iustiniani
972 2773 1015 2810 in
1051 2772 1182 2825 primo
1213 2771 1434 2809 consulatu.
1495 2771 1580 2809 Fa-
