1754 3132
534 125 803 170 HISTORIA
834 123 1049 168 ARCANA
1086 123 1132 167 8.
1501 121 1566 167 57

98 245 316 304 ἐφικέσθαι
350 242 526 286 δυνατὸν
552 240 722 297 γέγονεν,
791 234 842 294 ἦν
866 239 1002 282 τοίνυν
1026 236 1047 280 ὃ
1071 235 1266 291 βασιλεὺς
1289 230 1410 286 οὗτος
1432 235 1564 293 εἴρων,
1590 247 1620 281 c

99 313 288 372 δολερὸς,
319 310 632 363 κατάπλαστος,
661 306 822 358 σκότιος
842 308 990 363 ὀργὴν,
1019 309 1213 359 διπλοῦς,
1242 305 1468 361 ἅνθρωπος
1487 309 1572 349 δει-

98 383 190 436 νὸς,
231 380 540 438 ὑποκρίνασθαι
579 377 744 436 γνώμην
779 375 1050 429 τελειότατος,
1096 377 1164 418 καὶ
1196 373 1358 433 δάκρυα
1387 375 1462 430 οὐχ
1489 374 1568 433 ὑφ’

98 451 253 507 ἡδονῆς
272 467 382 500 τινος
399 449 426 505 ἢ
448 447 616 498 πάθους
635 447 829 504 ἐκφέρων,
870 446 975 488 ἀλλὰ
994 443 1195 500 τεχνάζων
1214 445 1278 487 ἐπὶ
1298 448 1444 501 καιροῦ
1468 445 1574 487 κατὰ

67 527 88 563 5
101 520 148 564 τὸ
167 524 241 574 τῆς
257 520 399 576 χρείας
423 518 580 575 παρὸν,
615 514 870 571 ’ψευδόμενος
890 516 930 563 ἐς
950 514 1010 557 ἀεὶ
1023 548 1034 566 ,
1075 514 1150 557 οὐκ
1169 514 1254 568 εἰκῆ
1271 514 1435 568 μέντοι,
1470 513 1575 556 ἀλλὰ

100 591 168 633 καὶ
191 586 417 646 γράμματα
443 589 510 630 καὶ
535 585 682 643 ὅρκους
710 582 970 633 δεινοτάτους
1004 585 1066 625 ἐπὶ
1097 590 1182 633 τοῖς
1216 582 1485 639 ξυγκειμένοις
1505 601 1578 626 πε-

100 657 345 714 ποιημένος,
383 658 449 700 καὶ
481 661 616 699 ταῦτα
650 654 754 710 πρὸς
775 653 872 702 τοὺς
894 650 1123 707 κατηκόους
1142 652 1240 702 τοὺς
1266 650 1410 695 αὑτοῦ.
1483 651 1578 694 ἆνε-

99 725 223 782 χῶρει
243 727 288 769 δὲ
308 730 389 769 τῶν
413 742 455 768 τε
479 723 801 780 ὡμολογημένων
826 724 890 764 καὶ
920 721 1224 775 ὀμωμοσμένων
1250 721 1402 772 εὐθὺς,
1440 719 1577 774 ὥσπερ

104 799 188 839 τῶν
217 791 493 852 ἀνδραπόδων
526 793 578 837 τὰ
602 794 810 847 χείριστα,
848 791 926 833 δέει
946 795 1028 833 τῶν
1049 790 1283 845 ἐγκειμένων
1303 791 1419 847 σφίσι
1438 788 1578 843 βασά-

50 873 95 906 10
106 882 201 917 νων,
224 862 409 918 διώμοτα
427 864 484 912 εἷς
501 861 575 918 τὴν
598 859 817 916 ὁμολογίαν
836 859 1002 915 ἧγμένα.
1050 861 1168 915 φίλος
1192 858 1403 912 ἀβέβαιος,
1426 859 1579 915 ἐχθρὸς

105 932 326 985 ἄσπονδος,
355 929 494 989 φόνων
511 948 555 974 τε
575 932 641 973 καὶ
655 927 881 985 χρημάτων
903 926 1103 984 διάπυρος
1123 927 1314 983 ἐραστὴς,
1355 925 1518 983 δύσερίς
1535 945 1578 971 τε
1601 934 1633 968 D

106 1003 174 1045 καὶ
197 999 514 1056 νεωτεροποιὸς,
551 997 733 1054 μάλιστα
757 999 797 1047 ἒς
812 998 887 1051 μὲν
907 997 958 1039 τὰ
981 997 1086 1039 κακὰ
1107 995 1396 1053 εὐπαράγωγος
1405 1029 1419 1050 ,
1458 998 1499 1047 ἐς
1534 998 1578 1040 δὲ

60 1093 64 1097 ’
104 1070 159 1113 τὰ
189 1069 334 1126 ἀγαθὰ
366 1068 538 1128 οὐδεμιᾷ
566 1071 781 1124 ξυμβουλῇ
815 1065 951 1122 ἥκων,
997 1067 1211 1121 ἐπινοῆσαι
1242 1067 1316 1120 μὲν
1346 1066 1398 1108 τὰ
1436 1070 1579 1123 φαῦλα

107 1140 174 1182 καὶ
194 1138 418 1181 ἐπιτελέσαι
437 1137 545 1189 ὀξὺς,
580 1141 662 1180 τῶν
684 1137 729 1178 δὲ
750 1135 798 1190 δὴ
823 1135 996 1191 ἀγαθῶν
1016 1137 1082 1177 καὶ
1104 1133 1233 1189 αὐτήν
1252 1152 1332 1178 που
1356 1135 1432 1190 τὴν
1453 1135 1581 1190 ἀκοὴν

53 1213 96 1249 15
110 1205 298 1264 ἁλμυρὰν
323 1205 425 1249 εἶναι
457 1204 656 1260 οῗόμενος.
700 1232 704 1236 -
726 1209 814 1253 πῶς
843 1204 894 1246 ἄν
917 1221 977 1254 τις
999 1209 1082 1246 τῶν
1101 1204 1392 1246 Ἰουστινιανοῦ
1417 1202 1582 1260 τρόπεον
1606 1209 1641 1245 V
1663 1211 1732 1246 297

109 1276 326 1334 ἐφικέσθαι
354 1279 412 1333 τῷ
444 1273 551 1332 λόγῳ
586 1273 763 1323 δυνατὸς
796 1272 883 1327 dn,-
921 1271 1055 1315 ταῦτα’
1076 1290 1119 1316 τε
1139 1275 1207 1315 καὶ
1227 1273 1361 1315 πολλὰ
1384 1271 1443 1315 ἔτι
1461 1275 1585 1328 μείζω

108 1344 215 1387 κακοὶ
248 1343 296 1387 οὐ
327 1343 433 1386 κατὰ
463 1342 690 1399 ἄνθρωπον
719 1341 820 1396 ἔχων
850 1342 1063 1398 ἐφαίνετο,
1101 1341 1209 1384 ἀλλὰ
1238 1345 1379 1384 πᾶσαν
1411 1340 1436 1395 ἦ
1461 1340 1586 1398 φύσις

109 1410 239 1456 ἐδόκει
261 1412 336 1467 τὴν
357 1412 634 1469 κακοτροπίαν
654 1409 883 1467 ἀφελομένη
906 1427 1005 1460 τους
1025 1410 1100 1452 α’λλ
1104 1427 1175 1460 ους
1197 1408 1490 1465 ἀνθριῦποιμς
1473 1428 1514 1453 εν
1534 1415 1586 1469 τῆ

108 1483 231 1524 τοῦδε
252 1485 326 1524 τοῦ
351 1480 504 1536 ἀνδρὸς
526 1479 793 1522 καταθέσθαι
814 1483 944 1536 ψυχῇ.
1015 1497 1067 1534 ην
1091 1480 1136 1522 δὲ
1157 1479 1262 1534 πρὸς
1283 1486 1369 1528 τοῖς
1389 1479 1438 1521 ἄλ
1443 1481 1566 1530 λοις’
1547 1497 1590 1529 ες

54 1550 184 1605 Ξομὲν
213 1549 290 1600 τὰς
320 1549 492 1603 διαβολ
471 1566 520 1599 ας
551 1547 756 1597 εύκολος’
737 1565 864 1603 αγαν,
906 1549 946 1597 ἔς
968 1548 1012 1590 δὲ
1032 1548 1107 1597 τὰς
1128 1549 1330 1604 τιμωρίας
1355 1546 1462 1598 ὀξυς.
1538 1549 1588 1591 οὗ

108 1616 190 1675 γάρ
211 1635 252 1660 τι
273 1615 438 1661 πώποτε
460 1615 859 1673 διερευνησάμενος
845 1616 1021 1672 ἔκρινεν,
1059 1616 1165 1659 ἀλλὰ
1189 1614 1373 1666 ἀκούσας
1397 1622 1471 1660 τοῦ
1495 1619 1590 1659 δια-

110 1685 340 1743 βάλλοντος
361 1686 437 1742 τὴν
465 1691 612 1743 γνῶσιν
631 1685 759 1735 εὐθὺς
780 1687 991 1742 ἐξενεγκεῖν
1012 1684 1126 1741 ἔγνω.
1199 1685 1356 1743 ἔγραφέ
1380 1703 1424 1729 τε
1453 1684 1590 1743 γράμ-

204 1785 240 1820 2.
265 1781 420 1827 δολερᾶς
442 1802 486 1808 -
511 1779 648 1827 ὀργὴν]
674 1781 800 1816 Suidas
825 1794 853 1819 s.
880 1795 914 1817 v.
939 1781 1097 1824 σκότιος.
1235 1783 1320 1817 ibid.
1347 1782 1471 1825 δεινὸς
1493 1796 1589 1819 υπο-

204 1831 409 1874 κρίνασθαι
433 1828 584 1875 γνώμην
606 1827 835 1869 τελεωτάτως
860 1830 978 1864 Reisk.
1088 1829 1122 1865 8.
1146 1826 1441 1874 ὀμωμοσμένων]
1468 1827 1590 1873 ὅμωσ-

203 1876 327 1922 μένων
365 1876 436 1912 ΑΡ.
575 1877 631 1910 18.
671 1875 860 1933 ξυμβουλῇ
897 1875 1005 1910 Alem.
1053 1876 1218 1922 ξυμβολῇ
1263 1877 1334 1910 ΑΡ.
1382 1877 1589 1922 ξυμβουλίᾳ

207 1922 375 2003 §emt-A
479 1921 566 1956 ibid.
595 1918 719 1967 ἥκων]
757 1921 866 1956 εἴκων
899 1921 1019 1956 Reisk.
1175 1924 1234 1959 20.
1269 1922 1365 1968 ἄγαν
1400 1923 1507 1957 Alem.
1545 1924 1587 1958 P.

207 1981 310 2005 απαν

117 2047 235 2096 potui3
261 2047 329 2082 fuit
350 2047 407 2081 hic
428 2047 590 2093 princeps
613 2057 722 2093 usque
746 2046 833 2081 adeo
857 2047 934 2081 veri
957 2045 1205 2090 dissimulator,
1229 2051 1269 2082 ut
1291 2047 1449 2083 fraudum
1466 2050 1592 2094 tegen-

118 2097 240 2130 darum
271 2098 309 2128 et
341 2094 486 2128 obscure
508 2094 674 2128 ferendae
704 2093 953 2138 indignationis
985 2099 1194 2138 versuteque
1226 2095 1370 2139 agendi,
1407 2100 1442 2128 et
1475 2096 1594 2129 occul-

117 2141 246 2176 tandae
277 2139 380 2174 animi
414 2139 605 2174 sententiae
636 2144 731 2174 esset
762 2139 1035 2173 absolutissimus
1058 2140 1197 2174 artifex.
1245 2141 1328 2175 Non
1352 2140 1505 2182 laetitia,
1538 2141 1595 2175 vel

118 2187 240 2222 dolore
261 2185 313 2220 illi
319 2196 420 2241 opus
445 2186 490 2219 ad
513 2186 694 2227 lacrimas,
718 2189 794 2220 arte
815 2186 882 2219 iam
907 2190 1051 2230 paratas
1076 2197 1139 2230 pro
1164 2187 1446 2231 opportunitate,
1471 2191 1508 2221 et
1533 2199 1596 2221 oc-

118 2233 258 2267 casione
279 2231 332 2266 rei
358 2231 561 2277 praesentis.
609 2231 800 2266 Mendaciis
823 2231 988 2273 fallebat,
1021 2232 1087 2265 etsi
1112 2243 1269 2277 semper,
1294 2245 1362 2267 non
1386 2237 1499 2267 tamen
1523 2234 1599 2267 sor-

118 2278 231 2320 tuito‚
265 2278 328 2312 sed
353 2278 518 2312 confectis
541 2278 688 2320 tabulis,
721 2278 872 2322 dataque
894 2259 1013 2312 verbis
1037 2277 1304 2322 religiosissimis
1328 2279 1419 2321 fide,
1452 2279 1495 2312 de
1519 2280 1598 2324 qui-

119 2325 186 2359 bus
217 2328 311 2358 esset
342 2328 544 2358 conventum
569 2323 672 2357 etiam
696 2335 770 2357 cum
795 2324 965 2358 subditis·
999 2330 1068 2358 tum
1101 2336 1183 2358 vero
1208 2337 1228 2359 a
1239 2324 1527 2380 conditionibus?
1564 2328 1600 2360 et

121 2374 337 2406 sacramento
368 2369 574 2411 recedebat,
605 2381 673 2403 non
704 2380 803 2403 secus
836 2381 878 2404 ac
909 2369 1072 2404 vilissima
1102 2371 1297 2416 mancipia,
1333 2382 1422 2416 quae
1445 2371 1599 2416 periura,

122 2416 261 2450 tandem
284 2415 328 2450 ad
351 2416 594 2450 conventiones
618 2415 805 2460 adiguntur
830 2415 944 2461 parati
967 2416 1127 2461 supplicii
1152 2417 1346 2453 formidine.
1392 2417 1599 2451 Inconstans

123 2461 242 2496 amicis
271 2461 340 2496 fuit
374 2466 412 2495 et
445 2461 591 2495 inimicis
624 2461 860 2496 inexorabilis.
909 2464 1035 2496 Aurum
1060 2462 1301 2498 ardentissime
1324 2463 1436 2498 sitivit
1460 2467 1496 2497 et
1520 2474 1603 2496 san-

123 2507 271 2552 guinem.
319 2507 582 2542 contentionum
621 2519 803 2552 rerumque
845 2519 1009 2542 novarum
1049 2509 1333 2543 studiosissimus.
1381 2509 1434 2543 Ad
1468 2509 1602 2543 scelera

125 2553 303 2608 perfacile,
327 2553 372 2588 ad
395 2555 526 2600 optima
548 2553 649 2588 nullis
673 2553 890 2588 suasionibus
913 2555 1119 2589 commoveri
1136 2560 1287 2600 poterat.
1335 2556 1425 2589 Acer
1448 2555 1484 2588 in
1509 2566 1603 2588 com-

125 2597 345 2634 miniscendis
368 2600 679 2654 perpetrandisque
706 2600 942 2641 facinoribus,
979 2601 1114 2635 honesti
1138 2612 1220 2636 vero
1245 2601 1303 2636 vel
1326 2612 1448 2635 nomen
1473 2599 1522 2634 illi
1546 2600 1603 2634 in-

126 2654 248 2679 suave.
294 2645 363 2679 His
397 2651 501 2691 atque
534 2646 688 2701 plurimis
723 2645 802 2680 aliis
835 2646 1007 2680 laboravit
1038 2647 1135 2681 vitiis
1157 2648 1252 2681 ultra
1274 2648 1410 2682 modum
1434 2647 1603 2680 humanae

127 2689 334 2735 pravitatis,
367 2702 468 2736 quum
499 2704 520 2727 a
550 2691 692 2737 singulis
727 2692 922 2726 hominibus
956 2692 1104 2727 elicitam
1136 2693 1171 2727 in
1195 2694 1286 2727 illius
1310 2692 1500 2727 coniecisse
1527 2692 1602 2726 ani-

129 2747 218 2770 mum
250 2739 375 2771 natura
405 2737 483 2773 visa
511 2742 577 2773 est.
630 2739 720 2773 Nam
756 2742 938 2783 praeterea
970 2739 1160 2773 delationes
1192 2738 1356 2773 facillime
1391 2738 1530 2772 admisit
1564 2741 1602 2772 et

129 2781 300 2827 irrogavit
317 2793 456 2829 poenas.
502 2784 690 2830 Nunquam
713 2785 854 2830 cognita
876 2796 982 2821 causa
1004 2785 1182 2825 iudicavit,
1216 2785 1279 2820 sed
1302 2784 1420 2820 audito
1444 2784 1600 2819 delatore
