1858 3126
552 149 821 196 HISTORIA
853 149 1063 194 ARCANA
1095 147 1175 195 28.
1504 148 1599 195 155

136 266 295 324 κόμενοι
322 266 389 308 καὶ
403 263 598 324 χρήματα
619 265 775 324 μεγάλα
798 271 855 326 τῷ
882 271 1050 323 βασιλεῖ’
1059 263 1189 324 τούτῳ
1212 258 1423 323 προέμενοι
1446 263 1602 308 ἐδέοντο

133 338 250 394 σφίσι
277 335 347 379 τὸν
375 341 457 379 τῶν
485 340 658 379 πολιτῶν
687 336 859 394 ὄλεθρον
892 336 1008 379 οὐδὲν
1034 333 1300 394 ὥφεληκότων
1331 333 1604 390 ξυγκατεργά-

135 407 293 458 ζεσθαι.
362 402 383 446 ὃ
411 405 454 447 δὲ
481 405 532 448 τὰ
557 403 752 462 χρήματα
772 406 1058 460 κεκομισμένος
1073 402 1262 459 μελλήσει
1287 404 1457 463 οὐδεμιᾷ
1479 401 1605 456 νόμον

135 471 324 531 ἔγραψεν,
352 473 399 514 οὗ
418 473 582 531 χρόνοις
605 475 679 526 τὰς
700 476 912 529 ἐκκλησίας
933 482 1017 525 τοῖς
1035 472 1312 528 καθήκουσιν,
1347 473 1444 515 ἀλλ’
1470 474 1605 515 ἐνιαυ-

101 547 216 590 5τῶν
239 540 383 587 ἑκατὸν
404 542 555 598 πλήθει
577 546 699 587 δικῶν
711 547 790 586 τῶν
813 545 954 593 αὐταῖς
967 547 1258 601 προσηκουσῶν
1277 544 1606 592 ἀποκεκλεῖσθαι,

134 612 204 655 καὶ
223 614 351 654 ταῦτα
373 612 447 654 οὐκ
472 614 513 655 ἓν
529 613 676 670 Ἔμέσῃ
704 610 828 666 μόνον
855 610 976 670 κύρια
1000 612 1112 665 εἶναι,
1150 611 1255 654 ἀλλὰ
1275 614 1341 654 καὶ
1365 611 1441 654 ἀνὰ
1466 615 1601 653 πᾶσαν
1625 612 1656 647 C

133 679 208 734 ’τὴν
236 677 445 734 Ῥωμαίων
477 681 618 738 ἀρχήν.
692 681 924 735 Ἐμεσηνοῖς
954 699 996 724 τε
1024 682 1070 724 τὸ
1098 686 1268 738 πρᾶγμα
1300 685 1420 724 τοῦτο
1444 682 1602 729 διαιτᾶν
1626 682 1658 718 A
1678 681 1744 718 125

133 746 248 799 ἔταξε
279 748 488 806 Λογγῖνόν
517 767 606 792 τινα
636 748 881 806 δραστήριόν
908 767 950 793 τε
981 750 1114 808 ἄνδρα
1141 752 1208 793 καὶ
1232 751 1277 792 τὸ
1297 754 1417 804 σῶμα
1439 748 1607 806 ἴσχυρόν

133 815 262 874 ι’ίγαν,
305 817 349 869 ὃς
378 821 445 861 καὶ
473 819 545 874 τὴν
574 824 647 862 τοῦ
677 818 808 874 δήμου
838 819 969 877 ἀρχὴν
999 820 1042 862 ἓν
1060 821 1270 877 Βυζαντίῳ
1291 818 1461 875 ὕστερον
1481 817 1608 872 ἴσχεν.

80 893 127 930 10
137 887 175 929 οἱ
197 887 242 930 δὲ
260 891 332 942 τῆς
350 888 560 943 ἐκκλησίας
582 889 634 932 τὰ
653 887 874 946 πράγματα
897 887 1164 942 διοικούμενοι
1194 889 1246 931 τὰ
1269 889 1343 942 μὲν
1364 892 1506 944 πρῶτα
1527 890 1607 929 τῶν

133 973 212 1000 τινι
227 960 400 1000 πολιτῶν
424 958 537 1012 δίκην
559 959 828 1014 κεντηναρίοιν
853 959 895 1000 ἐκ
919 960 1091 1012 βιβλίων
1119 961 1200 1000 τῶν
1218 957 1437 1014 εἲρημένων
1453 954 1607 1010 λαχόν-

121 1042 201 1082 fteg-
217 1026 342 1078 δυοῖν,
363 1025 676 1070 κατεδικάσαντο
699 1027 796 1076 τοὺς
816 1025 1063 1083 ἀνθρώπους
1086 1026 1226 1079 εὐθὺς,
1258 1025 1279 1069 ὅ
1303 1044 1341 1068 τι
1368 1027 1434 1068 καὶ
1454 1025 1608 1086 ἀπολο-

133 1093 325 1150 γήσαιντο
349 1095 510 1151 οὐδαμῆ
530 1095 694 1151 ἔχοντας
714 1094 780 1138 διά
801 1113 843 1138 τε
860 1095 1010 1152 χρόνου
1025 1095 1338 1150 τοσόνδεμῆκος
1355 1096 1422 1137 καὶ
1445 1094 1611 1150 ἄγνοιαν

133 1167 216 1206 τῶν
246 1162 335 1207 τότε
371 1167 672 1223 πεπραγμένων.
753 1166 794 1207 ἓν
826 1165 966 1208 πένθει
998 1166 1042 1207 δὲ
1072 1164 1234 1222 μεγάλῳ
1263 1163 1465 1218 ἐκάθηντο
1499 1164 1538 1205 οἵ
1565 1179 1608 1204 τε

78 1236 126 1275 15
139 1231 255 1274 ἄλλοι
279 1232 506 1287 ξύμπαντες
526 1234 738 1292 ἄνθρωποι
758 1234 879 1287 ὠμῶς
907 1241 991 1284 τοῖς
1014 1233 1287 1291 συκοφάνταις
1307 1225 1520 1286 ε’κκείμενοι
1542 1232 1611 1273 καὶ

136 1300 307 1344 πάντων
328 1301 509 1355 μάλιστα
538 1304 575 1345 οἷ
601 1308 682 1346 τῶν
699 1303 928 1357 Ἐμεσηνῶν
950 1302 1200 1358 λογιώτατοι.
1269 1307 1341 1344 τοῦ
1362 1302 1404 1343 δὲ
1425 1306 1550 1343 κακοῦ
1569 1300 1610 1350 ἐς

136 1371 234 1420 τοὺς
251 1371 463 1421 πλείστους
481 1369 561 1425 ἤδη
580 1375 661 1414 τῶν
684 1375 856 1413 πολιτῶν
877 1371 1127 1427 ἐπιρρέοντος
1153 1369 1411 1427 προμήθειάν
1430 1387 1520 1412 τινα
1538 1371 1612 1411 τοῦ

136 1442 244 1482 θεοῦ
258 1440 482 1494 ξυνηνέχθη
501 1441 691 1495 γενέσθαι
712 1437 884 1482 τοιάνδε.
931 1441 1116 1497 Πρίσκον
1135 1438 1155 1481 ὁ
1175 1438 1382 1494 Λογγῖνος
1398 1440 1468 1481 τὸν
1491 1442 1610 1480 τοῦτο
1632 1440 1666 1475 D

137 1507 191 1562 δὴ
213 1508 259 1550 τὸ
280 1507 410 1551 σκαιοί
415 1525 526 1564 ρημα
547 1506 820 1565 ἐργασάμενον
840 1508 1000 1551 ἅπαντα
1021 1506 1124 1563 ὁμοῦ
1151 1510 1324 1562 κομίζειν
1344 1508 1379 1549 οἱ
1403 1508 1454 1550 τὰ
1475 1506 1611 1563 γράμ-

80 1586 250 1631 mpura
279 1577 494 1628 ἐκέλευσεν,
530 1576 803 1631 ἀναδυόμένον
829 1595 871 1620 τε
900 1578 973 1631 τὴν
995 1581 1142 1635 πρᾶξιν
1159 1576 1351 1635 ἓρράπισε
1372 1574 1540 1630 δυνάμει
1561 1578 1613 1631 τῇ

138 1644 264 1703 πάσῃ.
333 1643 354 1688 ὃ
388 1647 433 1689 δὲ
464 1646 612 1703 ἀνδρὸς
639 1649 808 1703 ἰσχυροῦ
847 1648 937 1689 λίαν
966 1647 1040 1702 τὴν
1068 1647 1223 1703 πληγὴν
1252 1647 1414 1700 οὐδαμῆ
1444 1645 1613 1701 ἐνεγκὼν

138 1713 276 1758 ἔπεσεν
291 1713 445 1766 ὕπτιος,
463 1716 621 1773 τρέμων
642 1717 685 1758 δὲ
704 1715 782 1771 ἤδη
803 1718 870 1759 καὶ
891 1716 1077 1773 περιδεὴς
1098 1717 1283 1772 γεγονὼς,
1307 1715 1411 1765 ὅλως
1429 1732 1471 1756 τε
1490 1716 1613 1768 Λογ-

137 1790 248 1840 γῖνον
267 1784 487 1841 ᾐσθῆσθαι
518 1786 569 1827 τὰ
589 1785 847 1841 πεπραγμένα
869 1783 1053 1828 ὑπονοῶν
1073 1783 1326 1840 ἓξωμολόγει,
1347 1783 1453 1827 οὕτω
1476 1801 1517 1826 τε
1540 1787 1614 1837 τῆς

139 1855 362 1910 σκαιωρίας
382 1851 545 1908 ἁπάσης
563 1855 604 1904 ἐς
622 1858 712 1911 φῶς
733 1855 962 1909 ἐνεχθείσης
984 1855 1057 1910 τὴν
1077 1856 1352 1911 συκοφαντίαν
1375 1856 1615 1895 πεπαῦσθαι

230 1938 266 1975 5.
287 1938 402 1973 δικῶν
419 1939 448 1973 Ρ
474 1951 517 1974 ex
535 1939 656 1975 Suida.
701 1939 826 1974 δοκῶν
848 1943 891 1975 A.
1034 1941 1088 1975 10.
1114 1940 1188 1973 τῶν
1204 1950 1278 1973 τινι
1292 1939 1410 1973 Reisk.
1455 1937 1617 1981 Legeba-

232 1989 290 2018 tur
312 1985 388 2019 τῶν
407 1997 482 2019 τινι
501 1985 589 2021 τῶν.
700 1989 757 2023 23.
782 1983 962 2021 ὑπονοῶν
982 1986 1114 2020 addidit
1135 1986 1252 2021 Reisk.
1370 1985 1454 2019 ibid.
1479 1981 1614 2027 ἐξωμο-

233 2029 334 2076 λόγει
354 2030 474 2066 Reisk.
521 2029 701 2076 (ὁμολόγει
723 2033 831 2070 Alem.
880 2029 1073 2076 ὁμολογῶν
1090 2032 1165 2067 ΑΡ.

140 2099 268 2145 ferunt,
295 2104 487 2146 rogantque
501 2106 540 2135 ut
555 2101 618 2135 sibi
634 2113 709 2136 esse
727 2106 863 2147 praesto
878 2101 966 2136 velit
980 2101 1023 2135 ad
1039 2104 1168 2136 tantam
1188 2100 1310 2135 civium
1326 2099 1520 2146 perniciem,
1553 2098 1618 2133 Ille

141 2151 286 2193 accepta
305 2147 449 2192 pecunia
468 2159 546 2182 mox
560 2147 670 2191 legem
684 2147 815 2190 scribit,
837 2151 876 2182 ut
900 2147 1051 2181 actiones
1074 2159 1163 2192 quae
1182 2147 1345 2183 Ecclesiis
1369 2150 1615 2191 competerent,

143 2203 211 2226 non
227 2193 307 2227 stati
321 2198 388 2228 tem
416 2192 495 2236 oris,
518 2193 581 2228 sed
596 2199 730 2228 centum
745 2205 906 2228 annorum
921 2193 1194 2239 praescriptione
1209 2193 1490 2232 excluderentur3
1512 2191 1617 2237 idque

142 2249 212 2273 non
230 2239 374 2274 Emesae
412 2243 576 2282 umtaxat‚
599 2240 662 2274 sed
675 2239 711 2274 in
726 2240 885 2275 universo
899 2241 1052 2274 Romano
1072 2240 1211 2286 imperio
1231 2239 1370 2285 perinde
1385 2239 1531 2274 valeret.
1565 2241 1617 2271 Ac

143 2289 215 2319 mm
230 2285 336 2320 mittit
349 2285 536 2330 Longinum
554 2285 664 2320 virum
678 2286 878 2320 industrium
904 2292 940 2320 et
956 2298 1101 2332 corpore
1120 2293 1294 2320 strenuum
1313 2286 1388 2330 (qui
1403 2284 1618 2331 postmodum

145 2330 220 2376 egit
233 2331 326 2365 urbis
340 2333 569 2377 praefectum)
596 2332 649 2367 ius
673 2332 757 2367 iliud
775 2333 954 2367 Emesenis
971 2333 1150 2376 dicturum,
1174 2334 1467 2376 firmaturumque.
1515 2330 1619 2365 Prin-

145 2375 238 2422 cipio
257 2377 392 2422 quidem
417 2389 462 2412 ex
483 2379 639 2413 confictis
662 2378 729 2413 illis
752 2379 874 2414 libellis
896 2380 1141 2413 Emesenorum
1159 2379 1338 2414 Ecclesiae
1364 2382 1619 2424 procuratores,

147 2434 224 2457 cum
245 2423 280 2457 in
302 2424 476 2458 nonnullos
500 2425 593 2459 cives
617 2436 754 2459 causam
777 2426 829 2460 bis
853 2431 986 2460 centum
1006 2425 1079 2459 auri
1101 2426 1213 2471 pondo
1229 2425 1430 2468 tenuissent,
1455 2435 1514 2457 eos
1529 2421 1619 2456 iflico

122 2476 126 2482 ‘
149 2468 422 2514 condemnarunt,
447 2471 568 2515 quibus
588 2483 631 2506 ex
648 2476 744 2505 tanta
758 2475 944 2516 temporum
971 2471 1134 2506 distantia
1158 2476 1264 2516 atque
1285 2475 1386 2505 nocte
1409 2481 1523 2504 rerum
1540 2468 1619 2502 olim

149 2518 320 2564 gestarum
351 2516 442 2550 nulla
466 2517 617 2552 defensio
645 2523 856 2563 suppeteret.
905 2519 1133 2559 Quamobrem
1149 2530 1224 2552 cum
1241 2517 1321 2559 alii,
1343 2522 1415 2551 tum
1431 2516 1621 2549 Emeseno—

150 2568 225 2593 rum
241 2561 404 2605 primores
419 2562 452 2597 in
472 2575 595 2609 magno
612 2575 768 2598 moerore
784 2564 956 2609 iacebant,
981 2565 1294 2608 succensebantque
1309 2561 1621 2597 calumniatoribus,

153 2604 224 2639 Sed
249 2617 324 2640 cum
349 2607 413 2642 iam
438 2620 517 2654 pars
545 2610 690 2644 maxima
705 2610 826 2644 civium
848 2610 882 2644 in
901 2611 936 2644 id
954 2610 1049 2644 exitii
1063 2611 1207 2654 veniret,
1230 2622 1301 2644 rem
1317 2610 1366 2644 ita
1381 2609 1463 2642 deus
1480 2611 1533 2640 est
1548 2616 1621 2638 mo-

153 2650 301 2685 demtus.
346 2654 462 2688 Prisco
489 2655 629 2691 huiusce
650 2656 781 2691 fraudis
805 2656 954 2698 auctori,
978 2660 1017 2690 ut
1044 2658 1088 2692 ad
1115 2668 1154 2691 se
1174 2668 1288 2690 omnes
1308 2655 1441 2689 libellos
1459 2653 1622 2691 deferret,

153 2695 326 2750 {maginus
345 2699 508 2744 imperat3
530 2707 633 2748 atque
654 2714 728 2736 rem
757 2703 964 2737 detrectanti
990 2714 1114 2747 magna
1145 2703 1298 2748 impingit
1320 2701 1450 2744 alapam
1474 2698 1530 2740 vi;
1563 2697 1622 2730 ille

153 2745 225 2775 ictu
247 2743 348 2778 tortis
374 2745 536 2782 dexterae
560 2749 711 2783 afflictus
734 2749 874 2794 supinus
890 2749 1050 2791 concidit,
1069 2753 1286 2793 tremensque
1302 2759 1342 2781 ac
1358 2745 1511 2791 pavidus,
1531 2755 1624 2778 rem-

155 2797 223 2831 que
238 2788 412 2825 odoratum
430 2792 618 2838 Longinum
633 2800 727 2829 ratus
741 2796 870 2829 fatetur
889 2795 1066 2838 fraudem3
1086 2795 1135 2830 sic
1150 2806 1233 2829 vero
1250 2793 1359 2827 totius
1376 2791 1427 2825 rei
1441 2802 1544 2825 scena
1560 2789 1625 2823 de-

155 2837 251 2868 tecta
265 2834 408 2871 desitum
422 2839 594 2875 calumniis
608 2846 672 2876 est.
720 2840 804 2876 Non
819 2841 1049 2878 Romanorum
1065 2841 1161 2886 leges
1187 2840 1286 2876 modo
1313 2839 1364 2874 sic
1378 2837 1500 2872 diebus
1515 2838 1624 2872 ferme
