1800 3126
613 119 803 164 NOTAE
835 117 1129 164 ALEMANNI.
1508 118 1604 164 373

144 229 335 282 κυάνεον,
373 231 446 284 τῆς
483 225 709 283 θαλάσσης
724 225 930 272 ευπλοΐαν.
985 228 1069 271 Καὶ
1102 224 1274 283 η’ύχοντο
1304 226 1347 269 οἲ
1373 225 1446 281 μὲν
1483 243 1603 283 γεωρ-

143 289 209 344 γοὶ
242 286 310 330 τὸν
343 285 511 340 χλοανὸν
547 291 690 343 νικᾷν,
730 287 772 328 οἱ
807 285 851 328 δὲ
888 281 944 328 αὖ
977 283 1098 328 πάλιν
1133 286 1314 327 ναυτίλοι
1351 288 1409 340 τῷ
1444 289 1602 341 κυανέῳ

142 342 354 399 ἐβούλοντο
381 360 457 396 την
485 343 620 396 νίκην.
681 345 910 383 Oenomaus
937 345 1098 395 primus
1125 342 1336 381 adinvenit
1354 342 1604 380 Circensium.

143 402 310 448 colores,
339 401 488 452 quibus
515 408 645 440 terrae
672 415 722 439 ac
749 402 878 439 maris
907 402 1028 453 quasi
1055 407 1250 439 certamen
1277 401 1602 452 repraesentavit.

141 458 414 498 Mittebantur
451 465 577 496 sortes
584 475 598 508 ‚-
635 471 752 511 quem
786 471 878 497 vero
908 459 1142 510 contigisset
1169 465 1297 496 terrae
1323 458 1449 496 vicem
1487 470 1605 508 agere

142 513 354 561 certando,
395 514 466 554 ille
492 522 636 554 vestem
663 513 832 554 viridem
864 513 1076 566 induebat3
1107 515 1334 552 caeruleam
1367 520 1502 551 autem
1532 514 1605 564 qui

133 579 278 624 partes
303 573 433 610 maris
461 571 623 624 agebat.
676 573 770 610 Hoc
798 578 995 609 certamen
1013 573 1214 623 vigesima
1235 577 1388 623 quarta
1407 568 1472 608 die
1488 571 1606 608 Mar-

140 630 194 666 tii
211 630 439 668 Oenomaus
465 629 687 667 constituit.
747 626 869 679 Quod
896 630 936 666 si
963 628 1072 666 color
1099 627 1250 668 viridis
1276 628 1450 678 vicisset,
1479 634 1607 663 terrae

129 683 395 737 fertilitatem
424 698 559 724 omnes
586 684 826 736 sperabant;
858 687 898 722 si
926 685 1148 736 caeruleus,
1177 684 1451 735 tranquillam
1479 684 1608 721 maris

139 743 458 794 navigationem.
519 743 657 794 Quare
690 741 896 794 agricolae
922 741 1117 793 optabant
1142 743 1358 780 victoriam
1385 738 1512 779 viridi
1541 753 1609 777 co-

140 799 247 837 lori:
294 805 465 851 nautae,
503 799 696 838 caeruleo.
752 800 915 836 Praeter
950 796 1052 835 haec
1089 810 1192 850 quae
1219 798 1437 849 Procopius
1472 802 1606 834 narrat

142 854 193 892 de
221 856 485 905 Venetorum,
511 857 847 908 Prasinorumque
876 853 1156 903 seditionibus,
1196 855 1290 905 lege
1313 855 1343 892 l.
1375 855 1398 894 1
1429 852 1478 890 de
1507 853 1606 890 bell.

139 913 252 952 Pers.
292 913 510 964 Evagrium
540 911 715 960 ibidem,
755 913 1034 950 Marcellinum
1061 913 1104 948 in
1134 909 1341 960 chronico,
1383 908 1607 961 Theopha-

140 982 258 1018 nem,
297 976 338 1007 et
366 971 564 1007 Zonaram
598 971 641 1007 in
681 970 917 1008 Iustiniana.
969 967 1070 1008 Vide
1099 966 1174 1007 has
1200 975 1315 1007 notas
1342 967 1448 1004 infra
1476 965 1528 1003 ad
1562 979 1608 1018 p.

125 1024 732 1068 ·4311n.132t8311n.30.
864 1063 868 1068 ,

251 1084 300 1121 P.
329 1080 403 1131 48,
433 1082 474 1123 4·
542 1083 595 1120 Ut
623 1084 884 1135 Massagetae
922 1081 1072 1131 solent,
1114 1094 1241 1132 quare
1274 1079 1385 1117 hunc
1420 1079 1608 1117 habitum

138 1138 383 1178 manicam
410 1139 644 1192 appellant]
669 1142 760 1178 Non
784 1141 1035 1187 Hunnorum,
1063 1150 1146 1176 non
1169 1139 1505 1188 Massagetarum,
1537 1134 1610 1173 sed

139 1195 429 1235 Saracenorum
455 1198 661 1248 proprium
690 1197 760 1234 3111
784 1194 893 1233 1111110
920 1194 1104 1232 habitum
1130 1194 1256 1232 fuisse
1283 1201 1467 1241 narrant3
1498 1193 1608 1230 Geu-

139 1254 276 1292 tifibus
298 1252 449 1305 passim
472 1254 657 1292 omnibus
677 1251 754 1290 hoc
773 1253 911 1290 tribuit
930 1251 1153 1288 Hieremias
1181 1252 1293 1290 c.10
1317 1263 1438 1300 super
1456 1262 1609 1287 omnem

140 1317 348 1348 attonsum
376 1310 488 1346 circa
504 1310 664 1360 faciem
692 1322 825 1347 suam.
888 1307 941 1347 Οἱ
963 1305 1202 1376 Σαρακηνοὶ
1241 1305 1320 1374 (ad
1349 1319 1443 1344 eum
1474 1307 1610 1344 locum

140 1368 197 1404 ait
212 1365 449 1405 Theodorus
468 1364 790 1416 Mopsuesteuus)
820 1361 896 1415 τήν
923 1360 1058 1416 κόμην
1085 1379 1186 1403 κατα
1214 1361 1258 1404 τὰ
1287 1359 1460 1404 ’ὄπισθεν
1490 1361 1610 1414 μέρος

139 1422 287 1471 έωντες
313 1417 442 1488 μόνον
463 1417 747 1475 ἀποκείρονται
774 1418 817 1461 τὸ
838 1419 958 1472 μέρος
986 1418 1029 1460 τὸ
1048 1419 1116 1460 ἐπὶ
1143 1416 1187 1460 τό
1214 1418 1412 1472 μέτωπον,
1442 1419 1486 1459 οἵ
1507 1419 1611 1459 εἰσιν

140 1479 188 1520 οἱ
217 1482 296 1520 νῦν
332 1474 538 1532 λεγόμενοι
569 1478 766 1531 γεντίλιοι.
831 1477 998 1515 Comam
1027 1475 1087 1514 ad
1113 1478 1349 1528 occipitium
1372 1477 1614 1528 promitten-

140 1543 198 1574 tes
217 1536 423 1583 Saraceni,
450 1541 608 1585 partem
637 1532 890 1571 solummodo
909 1531 1089 1585 tondent,
1118 1547 1222 1585 quae
1238 1533 1379 1586 fronti
1407 1534 1613 1582 imminet3

140 1592 214 1631 lzos
240 1591 360 1631 hodie
391 1592 572 1630 Gentiles
599 1591 867 1642 appellamus.

253 1651 300 1688 P.
330 1647 398 1697 48,
427 1650 468 1690 9.
524 1648 685 1686 Intenta
713 1661 849 1696 manu,
881 1652 957 1684 etc·-
986 1645 1095 1683 alios
1117 1645 1350 1697 incitarent]
1388 1647 1496 1682 Haec
1525 1651 1613 1682 stu-

142 1702 213 1743 dia
236 1705 461 1744 faventium
481 1704 524 1740 111
552 1705 659 1742 circo·
682 1704 823 1742 festive
840 1704 1046 1741 Caesarius
1077 1701 1264 1740 describit
1292 1701 1452 1753 dialogo
1479 1703 1611 1752 primo

140 1763 280 1812 inifio3
311 1759 384 1799 sed
409 1758 476 1798 hie
504 1773 551 1798 ea
574 1766 731 1798 tautum
750 1760 882 1798 delibo
905 1772 1007 1812 quae
1036 1757 1090 1797 ad
1117 1759 1372 1811 χειρονομίαν
1396 1760 1613 1810 pertinent.

147 1816 230 1872 Τὴν
264 1823 398 1871 χεῖρα,
435 1818 587 1869 inquit,
624 1812 717 1857 κατ’
747 1813 881 1857 αυτῶν
919 1815 1225 1885 παρατείνοντες
1263 1814 1335 1856 καὶ
1370 1818 1428 1870 τῷ
1465 1816 1615 1882 λιχανῳ

142 1873 325 1930 δακτύλῳ
352 1888 447 1921 τους
474 1872 686 1926 ἐχομένους
707 1873 918 1921 παίοντες,
946 1871 1015 1912 καὶ
1043 1886 1119 1924 την
1146 1869 1320 1924 παρειοῖν
1348 1857 1614 1939 παρακνῶμε-

142 1947 238 1980 voi,
274 1916 343 1972 καὶ
383 1927 600 1997 αυτανδροι
642 1929 709 1970 ἐπὶ
750 1945 847 1977 τους
886 1929 1276 1997 σταδιοδρομουντας
1315 1924 1614 1979 διανιστάμενοι

140 1989 448 2044 χειρονομοῦσιν
477 1981 613 2034 αὐτοῖς
640 1983 689 2026 νοῒ
718 1987 918 2027 δοκοῦντα
944 1982 1043 2038 πρὸς
1070 1999 1114 2024 το
1142 1983 1335 2024 ἔπαθλον.

253 2047 301 2084 Ρ.
330 2044 398 2092 49,
429 2046 473 2084 2.
526 2042 713 2081 Antehac
742 2044 896 2080 armati
910 2042 1005 2093 jere
1033 2041 1188 2090 omnes]
1221 2042 1331 2078 Haec
1360 2038 1409 2078 de
1437 2042 1614 2079 Veneto-

139 2115 232 2140 rum
258 2102 594 2152 Prasinommque
620 2099 865 2138 faoffion'bus
891 2098 1065 2136 narratio
1096 2095 1304 2164 quaedam
1324 2098 1450 2135 veluti
1478 2097 1615 2134 tabula

142 2166 215 2208 est,
242 2159 287 2197 in
315 2170 393 2212 qua
421 2157 682 2208 contemplari
710 2157 826 2204 licet,
854 2154 952 2208 quid
980 2155 1264 2193 sceleratorum
1292 2155 1338 2191 111
1365 2154 1531 2192 urbibus
1559 2154 1613 2190 li-

142 2217 273 2254 centia
313 2215 460 2267 possit,
503 2212 663 2266 quando
701 2214 928 2265 principum
967 2212 1105 2250 favore
1147 2210 1372 2263 studiisque
1415 2211 1613 2249 foveatur.

141 2274 280 2325 Neque
319 2271 372 2309 ad
409 2269 510 2308 haec
538 2271 722 2321 Procopii
758 2267 1027 2308 confirmanda
1065 2270 1385 2320 operaepretium
1415 2274 1474 2306 est
1514 2268 1616 2304 alio-

144 2342 235 2368 rum
260 2327 488 2367 testimonia
513 2327 749 2377 scriptorum
769 2327 812 2363 iu
833 2324 1019 2364 medium.-
1037 2323 1251 2363 adducere.
1307 2326 1413 2363 Satis
1442 2326 1493 2362 sit
1514 2322 1615 2360 haec

144 2386 355 2424 Iustiniani
382 2391 564 2433 tempora
593 2395 647 2420 ex
674 2381 914 2420 modestiore
944 2388 1093 2430 aetate,
1124 2388 1163 2419 et
1192 2383 1361 2434 imperio
1391 2379 1614 2419 Theodosii

140 2443 284 2494 >magni
319 2441 534 2488 conficere,
579 2438 688 2491 quod
722 2440 816 2477 licet
851 2437 962 2477 hisce
1002 2439 1242 2478 factionibus
1276 2437 1503 2476 blanditum
1532 2450 1613 2473 non

147 2499 213 2547 sit,
243 2512 380 2538 earum
409 2503 547 2534 tamen
573 2496 805 2546 gravissime
835 2494 1030 2533 damnum
1057 2498 1193 2546 sensit,
1222 2503 1268 2535 ut
1287 2496 1501 2548 Gregorius
1529 2495 1612 2530 Na-

149 2556 360 2594 zianzenus
387 2552 534 2591 iambis
563 2551 776 2591 declaravit
806 2551 859 2590 ad
885 2553 1115 2591 Seleucum.

616 2608 751 2663 θέαμα
776 2612 965 2650 πωλικαῑν
995 2603 1260 2677 ἱπποδρόμων

367 2662 500 2715 πόλεις
529 2668 701 2722 διασποῖ,
730 2668 860 2720 δῆμον
888 2666 946 2714 εἰς
974 2661 1116 2707 στάσιν
1141 2664 1270 2717 φέρει,

369 2719 496 2775 μάχας
525 2706 723 2774 διδάσκει,
752 2724 937 2774 λοίδορον
964 2723 1075 2776 &lysi
1086 2718 1243 2788 στόμα,

372 2777 502 2832 τέμνει
527 2781 700 2822 πολιτων
728 2781 893 2834 φίλτρα,
924 2773 1134 2833 συγκρούει
1157 2776 1267 2831 γένη,

1640 2152 1739 2187 Α26

1633 2780 1661 2815 Ρ
1686 2780 1751 2816 108
