1800 3126
321 148 422 193 450
775 149 834 191 IN
861 147 1004 190 HIST.
1030 147 1285 192 ARGANAM

402 255 666 294 Consonus
783 256 966 291 PnAnr.
994 255 1182 291 Panna

784 333 1011 378 Dommcus,
1042 330 1091 367 ad
1118 330 1195 368 huc
1213 339 1346 369 extant
1362 335 1564 372 Iustiniani
1589 336 1746 373 novella

494 361 522 423 ἓ.
551 396 576 441 Ε·
844 388 920 426 162
948 384 1037 437 περὶ
1065 384 1265 438 διαφόρων
1291 389 1524 437 κεφαλαίων.

482 427 519 482 00
551 445 574 483 Ξ
786 442 1142 488 Ascmzmonorus,
1173 441 1221 478 de
1250 454 1326 493 quo
1353 441 1626 494 Theophanes.

495 508 519 547 g,
548 487 575 535 3}
784 498 999 544 Annuus,
1039 503 1082 532 ut
1109 498 1150 532 iu
1187 495 1272 534 cod.
1301 498 1387 534 vat.
1418 498 1520 538 1185
1548 499 1743 549 legebam.

493 551 520 598 ἒ
539 539 575 570 ‘²²
838 553 895 587 De
926 553 1010 588 aliis
1047 550 1162 588 huius
1200 552 1335 588 officiis
1363 553 1570 604 Procopius
1603 553 1668 591 hic
1702 567 1743 605 p.

483 603 519 634 α·
841 606 920 646 110
949 614 986 643 et
1012 607 1154 657 Evagr.
1180 607 1208 644 l.
1237 606 1262 647 5
1290 620 1323 644 c.
1353 610 1393 647 3.

197 698 227 733 A
249 699 292 736 98
427 694 657 741 P.120‚2.
714 693 914 758 Perquam
933 697 1098 732 maximi
1115 696 1393 746 praefecturae
1410 693 1573 745 locavit]
1602 695 1744 745 Evagr.

318 749 347 785 l.
370 746 396 787 4
429 761 461 784 c.
488 751 555 789 39.
583 744 625 787 τὸ
652 743 832 798 υπήκοον
860 746 967 789 ἅπαν
995 751 1156 802 χρυσίου
1185 750 1396 802 ἐπίπρασκε
1422 754 1502 796 τοῖς
1527 764 1597 796 τας
1625 746 1743 802 ἆρχας

317 799 652 854 ἐπιτροπευουσιν.
709 803 909 840 Subiectos
929 819 1059 842 omnes
1078 805 1123 842 cb
1143 807 1357 856 pecuniam
1375 807 1427 842 iis
1447 803 1644 853 vendebat,
1672 806 1744 855 qai

308 860 589 909 praefecturas
616 855 964 898 administrabant.

421 915 466 950 P.
490 915 580 961 120,
600 916 639 954 7·
695 913 880 964 Acceptis
909 921 1047 952 mutuo
1070 915 1417 965 praefecturarum
1438 912 1594 967 pretiis]
1623 913 1742 950 Iusti-

313 969 454 1006 nianus
482 969 638 1005 novella
665 968 703 1007 8.
742 970 949 1006 Flammas
977 984 1125 1006 necesse
1154 978 1208 1006 est
1238 983 1384 1006 manus
1411 969 1615 1006 circumire
1642 981 1742 1017 eum,

315 1025 387 1075 qui
416 1022 666 1060 donationem
689 1023 824 1073 facit.-
866 1032 901 1061 et
926 1025 998 1062 stoc
1027 1039 1106 1061 non
1135 1023 1182 1061 de
1211 1038 1280 1061 suo
1298 1026 1412 1073 forte
1431 1023 1637 1074 praebere,
1674 1021 1746 1059 secl

314 1085 566 1127 mutuatum,
596 1085 631 1114 et
661 1086 706 1114 ut
733 1086 915 1116 mutuare
937 1082 1068 1130 possit
1097 1078 1422 1130 damnificatum,
1451 1086 1488 1115 et
1516 1085 1751 1128 computare*

316 1132 431 1184 apud
466 1148 525 1182 se,
567 1134 664 1183 quia
701 1137 878 1170 convenit
915 1149 1003 1171 eum
1035 1142 1191 1171 tantam
1229 1148 1272 1171 ex
1303 1135 1515 1185 provincia
1547 1135 1746 1183 percipere

314 1195 509 1240 quantam
539 1188 673 1225 liberet
701 1188 859 1239 quidem
887 1191 922 1225 ei
951 1189 1102 1239 debita,
1132 1197 1254 1227 sortes
1282 1197 1317 1226 et
1345 1203 1511 1239 usuras,
1540 1195 1574 1224 et
1595 1187 1746 1225 damna

308 1256 386 1294 pro
416 1245 501 1292 ipso
531 1251 696 1280 mutuo:
725 1244 971 1294 computabit
998 1252 1132 1282 autem
1159 1252 1194 1282 et
1222 1246 1264 1282 in
1288 1243 1415 1282 medio
1443 1256 1630 1294 expensas
1659 1243 1746 1279 lar-

314 1313 458 1350 giores.

427 1355 474 1391 P.
506 1354 596 1399 120,
629 1352 693 1392 15.
748 1354 895 1403 Legem
924 1354 1160 1405 scripserat]
1199 1356 1243 1391 In
1271 1351 1345 1390 hac
1372 1351 1522 1390 edenda
1548 1353 1636 1404 lege
1665 1353 1742 1404 (est

315 1416 448 1446 autem
475 1408 629 1445 novella
658 1408 702 1456 8)
731 1410 899 1445 multum
927 1411 1010 1459 ipse
1039 1410 1112 1446 sibi
1141 1410 1285 1460 plausit
1313 1409 1570 1456 lastinianus3
1605 1403 1741 1446 dicbus

314 1463 529 1509 Paschafis‚
560 1476 631 1500 ceu
658 1475 742 1500 rem
769 1465 923 1514 populis
953 1467 1233 1514 gratissimam,
1264 1465 1439 1513 evulgari
1465 1465 1613 1512 voluit3
1642 1465 1743 1500 iuci-

314 1533 399 1557 sam
420 1517 627 1569 lapidibus,
656 1519 698 1553 iu
720 1520 968 1555 ecclesiarum
988 1520 1210 1569 porticibus,
1242 1520 1395 1570 publice
1414 1517 1572 1566 haberi3
1603 1532 1742 1556 exem-

313 1576 427 1625 plum
463 1576 504 1610 in
532 1573 769 1610 membranis
809 1573 1045 1624 descriptum
1073 1576 1217 1611 servari
1247 1588 1336 1611 cum
1367 1587 1474 1611 sacra
1501 1575 1742 1624 supellectile

311 1631 355 1666 in
385 1629 566 1666 omuibus
595 1628 766 1665 ecclesiis
790 1630 891 1666 orbis
913 1631 1099 1675 Romani3
1130 1629 1179 1666 ad
1198 1632 1340 1679 gratias
1360 1630 1432 1666 deo
1461 1629 1630 1679 agendas
1650 1631 1743 1666 uui-

310 1697 442 1721 versos
461 1684 626 1734 populos
646 1685 820 1727 excitari.
875 1683 981 1720 Illud
1000 1685 1114 1734 plane
1134 1685 1339 1730 iactanter3
1370 1683 1629 1735 dedignantes
1649 1686 1742 1726 imi.-

312 1741 394 1776 tari
421 1752 506 1787 eos,
535 1739 606 1789 qui
634 1745 725 1774 ante
752 1751 825 1774 nos
852 1740 1160 1789 imperaverunt,
1199 1741 1270 1790 qai
1290 1741 1469 1789 pecuniis
1501 1738 1742 1777 ordinabant

311 1794 689 1832 administrationes.
746 1795 846 1830 Nam
870 1795 910 1829 in
938 1795 1174 1842 uuiversum,
1205 1807 1324 1845 quam
1352 1808 1489 1831 verum
1510 1796 1559 1831 sit
1585 1797 1739 1832 nescio:

311 1848 558 1886 Theodosius
589 1850 693 1884 euim
722 1849 850 1897 legem
879 1848 1017 1885 eadem
1047 1863 1163 1899 super
1194 1863 1234 1886 re
1263 1851 1438 1900 scripsit:
1478 1848 1662 1901 idemque
1691 1849 1740 1886 de

310 1906 505 1942 Marciano
534 1909 697 1940 testatur
724 1902 956 1940 Theodorus
984 1906 1143 1952 Lector,
1178 1902 1345 1957 ἄρχοντα
1373 1904 1436 1944 ἐπὶ
1464 1902 1570 1944 δόσει
1600 1921 1652 1956 μη
1683 1906 1740 1957 γί-

311 1964 454 1999 νεσθαι
483 1958 676 2005 ἐκέλευσε,
704 1961 986 2009 magistratum
1010 1934 1150 2026 Ριέιίο,υ
1167 1962 1293 1996 creari
1317 1962 1462 2009 ietait3
1490 1967 1528 1996 et
1557 1959 1605 1996 de
1631 1962 1739 1996 Ana-

311 2016 447 2061 stasio‚
484 2011 554 2060 τοὶς
582 2009 706 2063 ἆρχας
732 2010 875 2060 ωνίους
905 2012 1025 2060 οὔσας
1052 2018 1196 2065 προῖκα
1221 2018 1421 2065 παρεῖχεν,
1460 2016 1738 2065 magistratus,

312 2071 384 2120 qui
410 2069 565 2107 venales
580 2070 775 2118 fuerant,
801 2070 936 2118 gratis
964 2070 1144 2106 contulit.

419 2126 465 2160 P.
495 2125 594 2171 120,
628 2125 691 2162 16.
747 2125 1000 2160 sacramento
1030 2124 1326 2173 profiterentur]
1368 2124 1595 2159 Etiamnum
1630 2131 1738 2161 extat

310 2179 519 2215 iuramenti
546 2178 672 2215 forma
702 2177 751 2214 ad
781 2179 926 2214 calcem
952 2179 1097 2215 novell.
1128 2181 1166 2218 8.
1223 2178 1334 2223 Quod
1361 2180 1434 2226 ait,
1474 2177 1576 2215 diris
1605 2181 1738 2216 omni-

309 2233 385 2270 bus
423 2246 527 2269 more
560 2234 756 2269 maiorum
784 2232 1079 2271 devoverentur:
1119 2246 1182 2270 eas
1220 2234 1426 2283 intelligit:
1463 2234 1501 2269 si
1537 2247 1625 2272 vero
1660 2248 1738 2271 non

308 2287 405 2325 lzaec
435 2288 569 2324 omnia
595 2289 655 2323 ita
680 2301 904 2338 servavero,
947 2290 1135 2338 recipiam
1162 2288 1228 2324 liic
1264 2295 1300 2324 et
1339 2290 1382 2324 in
1405 2289 1554 2337 futuro
1580 2289 1736 2326 saeculo

309 2345 353 2380 in
381 2342 550 2379 terribili
576 2341 726 2379 iudicio
755 2345 894 2394 magni
914 2342 1066 2381 domini·
1094 2342 1173 2387 dei,
1201 2350 1237 2379 et
1261 2343 1475 2380 salvatoris
1502 2346 1631 2381 nostri
1647 2346 1739 2382 Iesu

312 2397 478 2446 Christi,
508 2404 542 2433 et
569 2397 736 2435 habeam
755 2406 914 2449 partem
943 2412 1034 2436 cum
1062 2397 1181 2448 Iuda,
1209 2405 1246 2435 et
1273 2399 1422 2448 lepram
1449 2399 1570 2448 Giezi,
1600 2406 1636 2436 et
1661 2406 1738 2436 tre..

226 2458 231 2461 “
284 2494 294 2509 ·
309 2466 453 2490 morem
486 2452 599 2492 Cain.

419 2509 580 2554 P.121‚
609 2509 648 2547 9.
709 2508 791 2556 Qui
810 2521 938 2544 omnes
966 2506 1024 2544 acl
1048 2521 1135 2544 eum
1163 2509 1337 2544 locorum
1362 2514 1575 2557 proventus
1601 2521 1736 2546 conve.

309 2562 454 2612 herent]
496 2564 575 2599 Hos
603 2562 748 2598 indicat
775 2564 964 2612 Evagrius
995 2560 1275 2602 1.4.29.Τὸ
1300 2559 1482 2613 ’ὑπήκοον
1508 2578 1615 2602 απαν
1642 2579 1735 2615 χρυ-

311 2619 400 2658 σίου
429 2617 640 2667 ἐπίπρασκε
666 2621 747 2665 τοῖς
775 2615 867 2664 τοὺς
904 2614 1054 2669 φόρους
1088 2616 1319 2668 ἐκλέγουσιν.
1376 2617 1578 2655 Subiectos
1606 2632 1734 2656 omnes

311 2687 410 2711 auro
438 2672 626 2710 vendebat
653 2674 726 2723 iis,
757 2674 828 2722 qui
856 2673 1093 2736 colligebant
1120 2673 1283 2711 tributa.

417 2729 463 2765 P.
487 2729 587 2776 121,
619 2726 684 2768 14.
750 2728 799 2765 Ut
827 2728 971 2779 quique
1007 2730 1092 2764 sine
1131 2729 1400 2766 controversia
1439 2727 1733 2766 sceleratissimi
