1800 3126
286 183 383 228 390
738 181 795 225 IN
828 180 971 224 HIST.
1002 178 1254 222 ARGANAM

285 287 512 342 ἐπαρχίας’
490 287 671 358 ἄρχοντι,
707 287 775 328 καὶ
803 285 970 334 ἄκοντας
1006 301 1114 338 αγειν
1140 284 1236 338 πρὸς
1264 284 1425 335 ἓαυτους
1452 302 1545 335 τους
1574 288 1708 339 βιασα-

285 346 444 398 μένους,
480 343 510 397 ἢ
544 360 636 392 τους
674 340 987 382 ἀπαλλάττεσθαι
1022 344 1099 408 τῆς
1128 340 1307 393 ἐργασίας
1351 339 1597 390 κωλύοντας,
1641 341 1709 382 καὶ

285 402 478 452 δημοσίαν
514 399 584 451 μὲν
615 395 747 438 αῦτων
783 401 912 437 ποιεῖν
946 394 1021 448 τῆν
1051 392 1210 444 ούσίαν,
1248 395 1418 444 ἐκείνους
1457 396 1500 436 δὲ
1535 400 1608 448 τῆς
1641 394 1709 437 πό-

285 459 382 503 λεως
415 452 644 504 ἐξελαύνειν.
702 453 737 492 εἰ
770 451 813 492 δὲ
842 451 865 493 ὅ
891 449 965 503 τῆν
997 451 1183 503 ἐπαρχίαν
1211 448 1367 491 ἰθύνων
1394 448 1507 499 αὐτὸς
1534 451 1555 492 ὅ
1568 449 1711 520 βιαζό-

147 516 179 551 V
199 515 264 552 355
288 527 405 576 μενος
444 511 524 560 εἴη,
564 506 592 560 ῆ
630 523 703 559 την
739 507 782 548 ἐκ
815 509 887 558 τῆς
924 505 1128 574 εἰρημένης
1163 505 1342 558 ἐργασίας
1379 502 1605 572 απαλλαγήν
1638 523 1712 547 κω-

286 563 414 614 λύων,
454 566 642 604 διδοῦσαν
679 561 817 602 ἄδειαν
849 561 916 602 καὶ
944 559 1082 613 μόνοις
1107 564 1190 608 τοῖς
1217 558 1533 629 θεοφιλεστατοις
1559 559 1714 602 ἐπισκό-

287 637 379 668 ποις
406 618 610 671 προσιέναι
636 615 711 669 τῆν
737 620 858 657 ταῦτα
884 619 1179 686 παρασχοῦσαν,
1217 612 1246 668 ἢ
1272 613 1336 656 τὸν
1365 612 1484 667 αὐτῆς
1511 614 1713 669 ἐγγυητήν.

287 675 353 717 τόν
391 674 432 715 δὲ
469 674 748 714 ἐναντιοῦσθαι
777 675 833 727 τῷ
866 688 940 720 την
970 668 1093 738 αρχῆν
1126 670 1249 722 ἔχοντι
1259 700 1271 719 ,
1307 671 1375 710 καὶ
1414 669 1468 722 μή
1507 677 1715 739 συγχωρεῖν

289 729 455 777 αδικεῖν,
483 726 512 780 ῆ
533 726 621 780 εἰμὴ
638 729 812 780 γένοιντο
841 724 938 779 πρὸς
965 730 1079 767 τοῦτο
1107 725 1247 775 ἱκανοὶ,
1277 723 1441 776 μηνύειν
1469 725 1524 773 εἰς
1550 724 1622 776 τῆν
1648 729 1717 778 βα-

290 787 460 831 σιλείαν,
501 781 596 823 ω’στε
635 784 674 831 ἐξ
710 783 827 835 ημοῖν
861 781 935 833 τήν
973 777 1252 834 προσήκουσαν
1281 780 1532 848 ἐξενεχθῆναι
1559 780 1716 832 ποινὴν,

290 855 370 880 των
400 841 548 908 ἐγγυῶν
575 835 760 886 καθαπαξ
789 837 1000 902 λυομένων,
1029 837 1095 876 καὶ
1123 839 1200 876 τῶν
1226 835 1422 888 ἐγγυητῶν
1445 831 1618 901 ἆζημίων
1644 851 1719 886 φυ-

291 894 545 945 λαττομένων.
602 891 736 933 αδειαν
755 889 928 940 διδόντες
955 896 1038 939 ταῖς
1058 889 1410 941 απαλλαττομέναις
1434 887 1632 938 τοιαύταις
1655 907 1721 957 γυ-

292 949 442 998 ναιξὶν,
477 947 701 1000 ἐλευθέραις
729 947 795 987 καὶ
825 944 1020 1000 εύγενέσιν
1049 944 1186 994 οὔσαις
1212 945 1308 1014 πρὸς
1335 961 1462 998 γαμον
1489 950 1628 996 χωρεῖν
1654 942 1721 986 νό-

293 1021 426 1070 μιμον,
454 1006 520 1044 καὶ
549 1004 584 1043 εἰ
609 1017 838 1056 τυγχανοιεν
864 1007 948 1050 ταῖς
976 1015 1226 1052 σεμνοταταις
1254 997 1379 1050 ἆξίαις
1405 1001 1446 1040 oi
1468 997 1610 1048 ταύτας
1630 1004 1723 1052 λαμ-

295 1057 484 1128 βανοντες
510 1058 812 1109 κεκοσμημένοι,
846 1057 979 1109 μηκέτι
1007 1056 1206 1107 δεομέναις
1235 1058 1437 1108 βασιλικῆς
1467 1052 1722 1108 ἀντιγραφῆς,

295 1112 392 1155 αλλὰ
440 1110 528 1152 κατ’
557 1113 736 1160 ἐξουσίαν
778 1110 843 1152 τὸν
885 1127 1013 1164 γαμον
1050 1109 1332 1163 πραττούσαις,
1379 1114 1556 1164 γαμικῶν
1592 1111 1751 1163 μέντοι.

294 1170 546 1220 συμβολαίων
580 1168 623 1207 ἐκ
661 1165 810 1220 τρόπου
847 1165 990 1215 παντὸς
1034 1165 1174 1218 μεταξυ
1214 1164 1344 1206 αὐτῶν
1385 1165 1613 1232 γινομένων.
1676 1181 1724 1206 τα

294 1222 395 1264 αὐτα
424 1223 491 1263 καὶ
519 1237 610 1275 περι
637 1238 716 1261 των
744 1221 972 1274 θυγατέρων
998 1237 1079 1260 των
1107 1224 1306 1272 σκηνικῶν
1333 1218 1624 1271 διαταξάμενοι,
1653 1219 1726 1272 τήν

296 1277 369 1346 μὲν
398 1277 607 1343 εἰρημένην
636 1274 811 1325 διαταξιν
839 1277 905 1316 καὶ
933 1277 976 1316 ἐν
1003 1279 1056 1328 τῷ
1084 1275 1199 1344 ἑτέρῳ
1229 1276 1365 1330 βιβλίω
1394 1291 1447 1329 τῳ
1480 1279 1619 1314 πασων
1647 1277 1727 1315 δια-

295 1331 456 1382 τάξεων,
485 1329 626 1373 τούτου
656 1330 706 1399 δῆ
734 1335 806 1371 τοῦ
831 1335 902 1383 τῆς
922 1318 1109 1399 ἡμετέρας
1129 1317 1324 1382 εὐσεβείας
1339 1315 1554 1382 ἐπωνύμου
1573 1331 1729 1382 βιβλίου

296 1387 394 1440 πρὸς
421 1404 490 1435 τας
518 1386 716 1434 πολιτικας
752 1402 874 1452 αρχας
911 1383 1268 1438 αντιγεγραμμένην
1297 1386 1540 1436 τεθείκαμεν.
1594 1384 1729 1437 ἐπειδή

298 1443 343 1484 δὲ
371 1444 488 1495 ἐχρῆν
517 1440 582 1482 διοῖ
611 1445 680 1493 τῆς
706 1438 910 1494 παρούσης
938 1442 1175 1492 νομοθεσίας
1202 1440 1269 1480 καὶ
1296 1440 1392 1492 ύμῖν
1420 1444 1501 1487 τοῖς
1528 1443 1731 1491 πανταχοῦ

297 1501 372 1552 γῆς
395 1495 713 1547 θεοφιλεστάτοις
742 1495 969 1543 ἐπισκόποις
996 1499 1117 1535 ταῦτα
1142 1498 1304 1547 ποιῆσαι
1326 1492 1492 1547 φανερα,
1521 1494 1588 1535 δια
1615 1499 1729 1536 τοῦτο

300 1550 527 1600 συνελόντες
555 1568 603 1591 τα
631 1548 721 1592 κατ’
752 1550 905 1603 ἐκείνην
943 1547 1142 1618 αφηγῆσει
1169 1549 1383 1604 πλατυτέρα
1410 1549 1732 1602 νομοθετηθέντα

298 1605 418 1660 τήνδε
445 1623 520 1659 την
548 1607 667 1646 θείαν
695 1604 869 1654 διαταξιν
896 1603 1122 1657 ποιούμεθα
1147 1605 1214 1646 καὶ
1242 1603 1335 1658 πρὸς
1362 1604 1510 1672 υμᾶς,
1523 1622 1632 1653 οπως
1659 1603 1734 1656 τῆν

301 1661 501 1714 ἱερατικην
537 1658 790 1709 διασωζοντες
823 1658 1058 1712 σεμνότητα,
1097 1660 1165 1700 καὶ
1194 1656 1456 1712 σωφροσύνης
1485 1656 1735 1712 αντεχόμενοι

301 1721 424 1757 ταῦτα
453 1714 700 1767 φυλαττοιτε,
739 1713 822 1756 τότε
851 1717 893 1756 ἐκ
920 1720 992 1756 τοῦ
1016 1713 1184 1768 μεγάλου
1215 1718 1318 1755 θεοῦ
1343 1714 1452 1763 δέος,
1491 1716 1559 1756 καὶ
1587 1718 1735 1768 βασιλι-

299 1771 375 1823 κὴν
405 1768 690 1823 αγανοὶκτησιν,
721 1771 791 1810 εἴτι
818 1767 966 1811 τούτων
995 1771 1284 1822 παραβαίνοιτε,
1313 1767 1560 1822 λογιζόμενοι.
1617 1785 1659 1809 n.
1686 1783 1734 1810 K.

300 1839 398 1865 non.
430 1839 486 1864 cr.
516 1828 836 1864 υΝ.Ιιιεῑίη.Ρε.
866 1838 995 1864 A.1V.
1027 1834 1065 1863 et
1091 1827 1257 1863 Paulino
1287 1827 1396 1863 Coss.

412 1883 458 1919 P.
486 1884 556 1930 67,
589 1885 626 1922 1.
698 1881 796 1919 Cum
823 1882 1036 1919 Αναηοιιίο
1066 1883 1340 1918 Romanorum
1374 1881 1520 1918 Caesar
1546 1881 1736 1918 consala-

303 1938 439 1987 tatur]
476 1938 544 1974 Vir
581 1935 829 1974 doctissimus
866 1939 1124 1974 Iustinianum
1158 1943 1244 1973 tum
1275 1937 1479 1974 Caesarem
1515 1937 1735 1973 consaluta-

303 1999 390 2028 tum
418 1998 549 2042 putat‚
589 2005 679 2028 cum
707 1992 976 2029 nobilissimus
1005 1999 1062 2029 est
1090 1993 1330 2042 appellatus,
1359 2004 1412 2028 ex
1440 2005 1485 2029 eo
1514 1992 1601 2028 loco
1629 1993 1736 2028 Mar-

305 2048 452 2083 cellini.
507 2046 627 2084 Anno
652 2049 783 2098 regiae
805 2047 918 2084 urbis
944 2046 1126 2084 conditae
1147 2059 1300 2085 cxcvn.
1320 2046 1502 2084 Iustinus
1525 2048 1737 2096 imperator

305 2103 581 2138 lastinianum
617 2116 662 2138 ex
690 2117 819 2140 sorore
846 2116 924 2139 ειια
951 2109 1125 2152 nepotem
1158 2103 1242 2138 iam
1269 2100 1423 2138 dudam
1450 2115 1476 2139 a
1503 2114 1544 2137 ee
1570 2101 1739 2138 nobilis-

187 2159 220 2194 A
240 2159 287 2194 42
308 2158 453 2193 simum
482 2155 748 2207 designatum,
770 2159 1007 2207 participem
1036 2171 1190 2207 quoque
1217 2158 1329 2207 regni
1355 2158 1435 2204 sui,
1460 2170 1741 2193 successorem-

309 2225 384 2262 que
423 2213 584 2248 creavit.
642 2214 777 2262 Neque
812 2211 910 2249 vidit
952 2212 1137 2249 Caesaris
1176 2219 1214 2249 et
1253 2212 1491 2248 nobilissimi
1531 2211 1737 2262 dignitates

310 2267 430 2302 etiam
462 2272 637 2316 tempore
675 2265 739 2302 hic
776 2280 798 2303 a
831 2268 1057 2304 Marcellino
1088 2266 1299 2304 distinctas.
1355 2268 1647 2305 Valentinianus
1675 2269 1740 2303 iu-

309 2321 418 2368 nior,
449 2327 490 2356 ut
518 2322 635 2357 refert
664 2321 963 2372 Olympiodorus
994 2321 1206 2359 Thebanus
1237 2320 1341 2372 apud
1364 2321 1571 2369 Photium,
1613 2321 1740 2359 adhue

310 2376 354 2411 in
393 2375 593 2413 cunabulis
631 2376 677 2412 ab
721 2379 892 2415 Honorio
925 2379 1158 2428 imperatore
1195 2377 1467 2415 nobilissimus
1506 2376 1630 2414 dictus
1670 2384 1740 2425 est,

314 2431 450 2481 quinto
487 2444 578 2467 vero
618 2438 707 2481 post
749 2445 849 2469 anno
895 2446 917 2469 a
953 2431 1178 2470 Theodosio
1221 2445 1291 2483 per
1326 2433 1486 2469 Helium
1525 2431 1742 2469 officiorum

313 2487 546 2534 magistrmn
570 2485 875 2524 Thessalonicae
899 2487 1047 2525 Caesar
1073 2489 1348 2538 pronunciatus
1375 2488 1463 2524 fuit.
1519 2486 1616 2525 Vide
1635 2489 1742 2524 Mar-

316 2541 503 2577 cellinum
530 2539 581 2576 ad
611 2543 856 2579 consulatum
884 2544 1070 2590 Maximi,
1101 2550 1138 2579 et
1164 2544 1336 2590 Plintae‚
1367 2549 1482 2593 atque
1510 2543 1674 2580 Victoris
1703 2549 1742 2579 et

174 2603 202 2635 Ρ
227 2602 293 2637 120
316 2597 478 2632 Castini.
535 2596 699 2634 Sanctus
718 2596 968 2662 Nicephorus
999 2599 1041 2634 in
1076 2596 1212 2635 histor.
1254 2599 1341 2636 Τῶν
1371 2598 1474 2637 υιών
1504 2594 1626 2637 αὐτοῦ
1651 2612 1742 2644 τους

315 2649 387 2702 μὲν
424 2646 498 2690 δύο
529 2648 803 2703 Χριστοφόρον
842 2651 909 2691 καὶ
939 2649 1173 2704 Νικηφόρον
1210 2652 1437 2704 Καίσαρας,
1480 2649 1659 2703 Νικήταν
1699 2649 1742 2691 δὲ

314 2706 598 2757 νοβελίσσιμον.
653 2709 773 2744 Duos
800 2720 821 2743 e
849 2707 983 2744 liberis
1009 2709 1098 2743 suis
1127 2707 1452 2758 Clzristoplzorum
1478 2714 1515 2744 et
1542 2707 1744 2758 Nicepho-

316 2775 406 2799 rum·
427 2761 629 2813 Caesares,
661 2763 843 2800 Nicetam
871 2775 958 2800 vero
985 2762 1278 2800 nobilissimum
1299 2770 1413 2803 creat.
1469 2763 1571 2802 Sane
1598 2763 1742 2801 multos
