1800 3126
11 784 15 797 „
0 707 17 775 .-,..;.-ι
0 645 25 693 ἐς·
0 319 27 636 Ψὲ.ρὲτῡ·ῑεσαειειῑε’»ῑ·>
0 292 7 308 ··

495 135 554 180 IN
581 135 785 180 LIBROS
812 134 932 181 VIII.
1002 135 1079 178 DE
1110 133 1317 178 BELLIS.

222 244 388 286 chosroe,
412 252 451 278 se
475 242 601 290 recipit
625 243 828 289 Hierapolin
855 242 885 286 1,

221 290 303 332 241,
319 290 374 326 14.
399 289 434 324 in
450 289 716 324 Persarmeniam
731 289 887 336 irrumpit

221 336 253 380 1,
269 336 422 416 262,518.
445 336 524 379 267,
540 336 594 371 12.
611 336 729 370 morbo
753 335 828 370 obit
856 335 886 378 Ι,

221 382 304 424 280,
326 383 347 417 1
376 407 385 416 .

174 427 309 462 Labula
323 428 375 506 Iin
414 426 588 463 Lucaniae
630 426 800 462 montibus
839 425 887 468 11,

223 473 303 514 396,
342 498 352 507 .

174 517 357 553 Lactarius
371 529 464 552 mons
479 517 527 562 ΙΙ,
542 518 620 560 638,
633 517 690 554 23.

174 563 381 609 Langivffla,
397 575 481 609 ager
493 563 619 597 fertilis
634 564 682 606 ΙΙ,
699 565 757 606 80,
774 564 830 599 18.

174 610 394 655 Langobardi
432 609 618 644 Christiani
650 609 815 644 Catholici
839 608 888 652 ΙΙ,

219 655 304 699 423,
337 657 371 691 8.
407 655 588 690 Erulorum
619 655 807 700 vectigales
838 655 885 698 11,

221 703 301 745 200,
319 703 374 738 16.
394 702 471 736 illos
485 701 627 736 vincunt
649 713 717 735 non
737 701 811 735 sine
826 701 889 734 mi-

221 747 339 782 raculo
355 747 402 790 11,
427 748 508 790 202,
531 748 585 782 16.
603 747 800 781 societatem
815 757 891 781 cum

224 793 366 828 Gotthis
380 792 467 826 inire
481 797 626 827 renuunt
650 793 695 834 ΙΙ,
720 793 801 835 236,
834 794 889 829 11.

222 839 340 874 donati
353 838 487 874 munitis
512 838 710 873 Pannoniae
724 838 821 881 locis,
847 837 891 872 ad

222 885 347 920 Istrum
368 884 566 926 consident3
588 884 800 918 nihilominus
816 884 891 917 Ro-

221 941 340 965 manos
353 930 518 964 infestant
540 930 587 972 ΙΙ,
609 930 689 972 518,
718 930 773 964 14.
799 929 890 964 bello

223 987 298 1010 cum
313 975 536 1022 Gepaedibus
550 980 708 1022 suscepto
720 976 782 1010 sub
793 975 889 1009 Aud-

222 1022 301 1056 uino
316 1033 412 1066 rege,
436 1022 614 1056 Iustiniani
644 1033 742 1067 opem
766 1022 889 1067 implo-

222 1068 443 1110 rantll‚519‚
457 1070 511 1103 10.
531 1073 643 1113 etseq.
664 1067 891 1112 etimpetrant

222 1113 270 1155 ΙΙ,
300 1113 382 1156 426,
406 1115 440 1148 3.
481 1125 600 1159 pacem
631 1113 814 1150 conficiunt
843 1114 889 1157 11,

222 1159 305 1204 426,
330 1159 384 1196 14.
408 1170 524 1194 eorum
549 1160 604 1194 lex
627 1159 671 1194 de
694 1159 790 1204 regni
812 1171 891 1194 suc-

222 1204 377 1239 cessione
390 1205 436 1248 ΙΙ,
445 1206 527 1250 429,
544 1207 598 1240 10.
621 1216 697 1240 cum
714 1205 891 1251 Gepaedi—

222 1251 288 1286 bus
303 1251 496 1296 pugnaturi,
517 1257 648 1286 terrore
664 1251 794 1285 Panico
822 1251 890 1285 dis-

223 1297 380 1341 sipantur
392 1297 438 1338 ΙΙ,
452 1297 531 1338 550,
556 1300 609 1333 10.
633 1297 787 1331 inducias
804 1308 892 1342 pan-

223 1346 311 1388 gunt
329 1342 375 1385 11,
391 1343 470 1384 551,
496 1344 551 1378 19.
598 1348 766 1377 renovato
800 1342 891 1377 bello

225 1387 356 1422 auxilia
371 1388 416 1422 ab
431 1387 513 1433 imp.
537 1389 707 1443 accipiunt
738 1389 783 1432 ΙΙ,
811 1390 891 1432 592,

223 1435 284 1469 21.
316 1433 467 1467 vincunt.
498 1434 580 1470 ibid.
609 1446 646 1469 in
670 1434 769 1469 Italia
798 1434 894 1468 Nar-

224 1479 292 1515 seti
307 1478 451 1513 militant
471 1479 519 1521 ΙΙ,
543 1481 622 1521 598,
645 1481 700 1515 16.
733 1480 895 1526 capitales

225 1525 434 1560 Francorum
448 1525 563 1560 hostes
580 1526 628 1569 ΙΙ,
643 1526 723 1567 600,
742 1528 797 1561 11.
819 1526 896 1570 qui-

225 1570 304 1605 dam
328 1570 365 1604 in
388 1571 541 1606 Thracia
569 1576 817 1606 commorantes
848 1571 894 1613 ΙΙ,

226 1617 308 1659 602,
340 1616 395 1652 13.
432 1617 544 1652 victor
578 1617 725 1662 Narses,
755 1617 896 1662 Lango-

224 1660 352 1696 bardos
375 1662 519 1697 remittit
542 1663 586 1697 ob
616 1663 750 1698 nimiam
781 1674 896 1697 eorum

226 1707 394 1741 licentiam
409 1708 438 1750 Ι,
452 1710 531 1751 627,
549 1710 603 1744 19.

179 1751 336 1798 Lapato,
367 1754 449 1788 urbs
476 1754 651 1788 Vazainae
676 1753 712 1788 in
738 1753 895 1796 Perside,

225 1804 387 1879 Ιιιαόιιὸἓω
405 1799 509 1833 distet
517 1801 559 1834 ab
570 1800 654 1834 urbe
670 1799 895 1845 Ctesiphonte

180 1889 342 1925 Laribum
352 1891 432 1925 urbs
444 1890 583 1925 Africae
595 1891 640 1934 ΙΙ,
651 1891 731 1934 508,
751 1891 806 1926 13.
816 1891 895 1934 533,

181 1981 307 2015 Latina
320 1981 380 2016 via
394 1981 442 2024 ΙΙ,
460 1982 517 2024 74,
530 1982 562 2018 7.
595 1981 673 2024 154,
689 1983 743 2018 22.
767 1983 843 2025 164,
859 1983 893 2017 4.

180 2027 370 2070 Lamenta,
391 2027 486 2061 locus
503 2028 686 2062 maritimus
703 2028 738 2061 in
754 2028 894 2062 Dalma-

226 2073 277 2106 tia
292 2073 338 2117 ΙΙ,
353 2074 433 2111 431.
452 2074 506 2108 13.

179 2118 314 2153 Laurus
328 2119 483 2164 proditor
491 2118 708 2164 suspenditur
719 2119 746 2162 Ι,
761 2118 841 2160 413,
860 2120 892 2155 1.

181 2164 334 2244 La4zarus
352 2165 450 2200 Rom.
467 2165 535 2200 dux
544 2166 578 2199 in
597 2176 682 2210 agro
697 2165 830 2199 Veneto
845 2165 892 2208 11,

251 2212 306 2251 30,
323 2211 378 2245 17.

180 2255 317 2296 Lazica,
333 2255 408 2289 olim
421 2255 559 2290 Colchis
573 2256 620 2298 11,
638 2256 719 2297 462,
742 2257 795 2291 10.
820 2256 893 2290 eius

227 2301 335 2344 situs,
356 2301 499 2342 limites,
515 2302 617 2336 urbes
633 2302 661 2343 1,
677 2303 758 2343 289,
776 2301 808 2336 4.
835 2314 896 2336 oc-

229 2347 329 2381 cidua
346 2352 397 2381 est
421 2346 552 2380 iberiae
577 2348 606 2389 Ι,
633 2349 690 2387 57,
722 2349 755 2382 3.
783 2349 898 2382 multis

226 2393 363 2427 firmata
376 2393 610 2427 munitionibus
625 2393 651 2433 1,
668 2394 749 2434 293,
766 2395 798 2428 9.
817 2395 896 2436 296,

230 2440 287 2474 12.
311 2439 600 2484 propugnaculum
618 2439 780 2474 adversus
796 2440 896 2473 Hun-

228 2495 292 2518 nos
322 2485 507 2519 Caucasios
532 2485 568 2527 Ι,
601 2486 688 2526 283,
723 2486 757 2520 2.
798 2497 898 2530 quam

228 2530 348 2564 Persis
363 2531 536 2564 commoda
547 2531 575 2572 l,
591 2532 672 2572 219,
687 2532 723 2566 3.
751 2532 819 2566 283
830 2557 840 2572 ,
863 2533 898 2566 6.

228 2576 286 2610 22.
303 2576 348 2618 ΙΙ,
361 2577 443 2618 490,
459 2577 493 2611 9.
517 2578 721 2621 confragosa
731 2577 759 2619 I,
778 2578 858 2620 290,
866 2577 900 2611 4.

230 2621 357 2655 sterilis
372 2622 399 2662 Ι,
416 2623 472 2662 58,
488 2624 546 2657 20.
562 2623 642 2665 283,
659 2624 716 2658 23.
742 2623 791 2657 sal
809 2624 845 2657 in
858 2634 902 2657 ea

232 2677 299 2700 non
315 2667 356 2700 fit
366 2667 395 2708 1,
405 2669 486 2710 217,
503 2669 538 2703 3.
564 2668 675 2703 media
689 2669 784 2714 regio
807 2680 901 2702 com-

232 2712 355 2746 mentis
369 2712 413 2746 de
428 2713 551 2748 Medea
567 2719 602 2748 et
617 2715 739 2748 Iasone
755 2715 902 2749 celebris

233 2759 262 2798 Ι,
277 2758 357 2798 225,
372 2759 407 2792 8.
438 2763 534 2793 trans
555 2760 679 2794 Phasin
706 2761 810 2795 vellus
841 2772 901 2795 au-

233 2814 329 2838 reum
347 2803 424 2839 olim
438 2810 648 2841 asservatum
670 2807 723 2850 11,
751 2807 842 2852 468,
865 2810 900 2842 9.

1542 133 1640 181 507

978 242 1068 276 ultra
1100 242 1189 276 hunc
1215 251 1344 276 amnem
1373 240 1528 276 habitant
1556 240 1644 275 Lazi

976 288 1023 330 ΙΙ,
1038 289 1117 332 468,
1131 289 1164 323 5.
1189 287 1306 334 optimi
1322 287 1506 322 Christiani
1521 287 1550 330 I,
1562 287 1644 329 283,

976 335 1034 369 20.
1057 345 1124 380 qua
1148 334 1340 369 conditione
1369 333 1530 368 Romanis
1560 334 1646 367 sub-

978 379 1043 414 diti
1050 381 1079 422 I,
1095 381 1175 424 216,
1194 380 1250 416 14.
1261 381 1420 414 immunes
1435 382 1543 413 erant.
1558 380 1644 413 ibid.

978 426 1057 460 olim
1066 426 1245 460 Persarum
1260 426 1344 461 socii
1353 426 1381 467 1,
1397 426 1477 469 219,
1488 426 1522 460 4.
1532 436 1648 460 eorum

976 471 1144 518 Episcopi
1169 472 1265 516 genti
1287 471 1451 506 finitimae
1480 471 1564 505 dant
1590 482 1649 504 sa-

979 518 1147 552 cerdotes.
1166 519 1245 553 168.
1260 530 1288 553 c.
1307 518 1384 552 Rex
1403 517 1537 563 Apsiliis
1561 528 1649 562 quo—-

979 575 1046 609 que
1061 564 1206 611 imperat
1216 564 1262 607 ΙΙ,
1280 566 1360 607 468,
1376 565 1434 599 22.
1466 563 1650 607 Scymniae

980 615 1015 644 et
1032 610 1183 644 Suaniae
1208 610 1380 655 principes
1396 614 1492 644 creat
1503 608 1553 651 ΙΙ,
1571 608 1653 651 467,

980 656 1013 690 9.
1039 656 1248 701 principatus
1261 656 1408 701 insignia.
1423 655 1579 700 accipere
1590 666 1651 688 so·-

980 701 1059 736 litus
1070 703 1113 736 ab
1121 702 1326 747 imperatore
1340 703 1439 738 Rom.
1458 701 1488 744 Ι,
1497 702 1578 742 216,
1593 701 1650 735 18.

982 751 1020 781 et
1056 758 1195 781 uxorem
1238 760 1282 783 ex
1322 748 1440 782 ordine
1477 746 1651 781 senatorio

980 792 1026 831 ΙΙ,
1049 792 1129 837 498,
1148 794 1183 828 9.
1206 793 1341 839 indigne
1366 793 1524 828 subditus
1543 793 1653 826 Prae-

979 838 1048 872 tori
1073 839 1226 873 Romano
1252 840 1284 884 Ι,
1315 839 1393 882 164,
1419 841 1476 874 12.
1522 838 1652 873 Lazica

982 884 1152 919 Romanos
1177 885 1268 919 inter
1293 897 1334 919 ac
1358 886 1482 919 Persas
1512 889 1653 918 contro-

979 940 1080 964 versa
1106 931 1135 973 Ι,
1160 931 1217 973 55,
1244 933 1275 966 1.
1313 931 1464 965 Iustinus
1497 931 1587 975 Aug.
1609 941 1651 965 eo

979 976 1098 1010 ducem
1114 975 1217 1010 mittit
1231 976 1261 1018 Ι,
1285 977 1343 1018 58,
1370 978 1402 1011 1.
1425 976 1574 1020 regionis
1591 987 1650 1010 ca-

980 1022 1080 1056 stella
1109 1021 1281 1056 limitanea
1309 1022 1451 1056 Romani
1477 1023 1651 1066 deserunt,

980 1067 1110 1102 Persae
1125 1071 1296 1114 occupant
1311 1069 1339 1108 1.
1362 1069 1419 1110 59,
1441 1068 1474 1105 5.
1497 1079 1560 1102 nec
1575 1067 1651 1102 vult

980 1113 1125 1148 reddere
1140 1114 1313 1148 Chosroes
1327 1114 1355 1156 Ι,
1367 1115 1444 1153 112,
1462 1115 1492 1148 1.
1510 1114 1650 1148 tandem

980 1159 1096 1193 reddit
1104 1159 1135 1201 1,
1151 1161 1228 1200 114,
1245 1160 1277 1195 5.
1300 1159 1500 1204 Lazipelles
1509 1164 1544 1194 et
1554 1171 1650 1194 man-

982 1205 1071 1250 cipia
1086 1213 1188 1239 rebus
1204 1205 1268 1240 sibi
1287 1205 1490 1240 necessariis
1511 1217 1651 1251 permu-

981 1255 1068 1285 tant.
1092 1251 1119 1293 Ι,
1145 1252 1227 1293 217,
1255 1253 1289 1286 3.
1313 1251 1504 1296 monopolio
1519 1253 1650 1286 Petrae

981 1297 1139 1331 instituto
1150 1298 1281 1340 vexati,
1297 1297 1340 1331 ad
1352 1298 1472 1331 Persas
1487 1297 1651 1332 deficiunt

981 1342 1011 1385 I,
1026 1344 1105 1384 218,
1125 1343 1179 1378 14.
1204 1355 1245 1376 eo
1271 1345 1446 1389 profectus
1465 1343 1652 1387 Chosroes,

983 1388 1145 1422 adoratur
1162 1400 1182 1422 a
1198 1399 1282 1433 rege
1310 1389 1456 1423 Gubaze
1471 1389 1498 1431 Ι,
1515 1390 1597 1434 225,
1613 1390 1650 1424 7.

985 1445 1049 1468 cur
1065 1434 1225 1468 Lazicam
1241 1435 1417 1469 affectarit
1441 1434 1487 1477 11,
1506 1435 1586 1477 490,
1620 1436 1655 1471 6.

987 1480 1061 1514 vult
1076 1480 1146 1513 illic
1164 1481 1306 1514 classem
1323 1481 1506 1515 aedificare
1530 1481 1558 1522 Ι,
1575 1482 1656 1524 286,

990 1527 1044 1560 16.
1071 1526 1244 1560 dominatu
1260 1527 1399 1561 Persico
1416 1527 1536 1560 ofl’ensi
1558 1526 1659 1561 Lazi.

987 1573 1069 1607 ibid.
1089 1573 1169 1614 283,
1198 1571 1252 1607 14.
1275 1572 1455 1606 rebellant.
1488 1573 1545 1613 ΙΙ,
1573 1572 1656 1615 491,

986 1619 1021 1653 7.
1045 1617 1081 1650 ἰῐι
1104 1618 1234 1662 praelio
1262 1619 1399 1663 fugiunt
1421 1619 1467 1661 ΙΙ,
1491 1618 1573 1660 493,
1602 1619 1659 1653 16.

986 1663 1139 1707 regionis
1166 1668 1296 1708 partem
1325 1664 1454 1698 Persae
1482 1665 1658 1698 maximam

986 1712 1106 1743 tenent
1122 1709 1170 1752 ΙΙ,
1187 1709 1278 1752 3535,
1307 1711 1340 1744 6.
1365 1710 1408 1743 de
1423 1710 1483 1744 illa
1511 1722 1572 1756 per
1604 1711 1659 1744 le-

984 1759 1085 1799 gatos
1094 1754 1298 1799 disceptatio
1314 1755 1506 1789 instituitur
1517 1756 1565 1799 ΙΙ,
1577 1757 1657 1799 536,

987 1801 1042 1836 19.
1067 1799 1153 1834 Lazi
1168 1801 1330 1834 Romanis
1357 1801 1478 1835 offensi
1505 1801 1550 1842 ΙΙ,
1576 1802 1658 1844 541,

987 1847 1021 1925 ὲ.
1039 1857 1163 1924 leorum
1178 1846 1356 1881 calamitas
1367 1847 1414 1890 Il,
1429 1847 1509 1890 544,
1526 1846 1560 1882 4.
1576 1849 1658 1884 vide

1018 1903 1037 1924 o
1053 1891 1133 1925 obis.

939 1936 1141 1971 Lebanthae
1152 1936 1264 1970 Mauri
1282 1936 1310 1981 Ι,
1328 1936 1408 1979 504,
1429 1938 1482 1972 13.
1500 1938 1578 1982 508,
1595 1939 1654 1974 22.

985 1983 1145 2017 Ioannem
1161 1983 1364 2026 Magistrum
1381 1983 1447 2017 mil.
1473 1984 1611 2018 vincunt
1625 1985 1656 2028 Ι,

985 2029 1141 2071 533,15.
1168 2028 1270 2062 iidem
1287 2029 1378 2062 forte
1411 2040 1487 2063 cum
1520 2031 1656 2065 Leuca-

984 2075 1074 2115 this,
1092 2075 1134 2108 de
1147 2074 1269 2118 quibus
1285 2074 1384 2108 infra.

938 2121 1131 2156 Lechaeum
1149 2120 1192 2154 ad
1218 2121 1374 2154 isthmum
1400 2120 1656 2156 Corinthiacum

983 2167 1032 2208 11,
1049 2167 1106 2208 79,
1123 2167 1158 2201 7.

938 2212 1081 2256 Legatis
1098 2212 1172 2256 quis
1188 2212 1296 2246 honos
1314 2211 1448 2246 debitus
1467 2212 1511 2254 ΙΙ,
1526 2211 1605 2254 341,
1622 2214 1655 2248 7.

986 2259 1068 2299 344,
1088 2259 1141 2292 17.
1166 2258 1319 2291 adhiberi
1336 2258 1461 2292 solitae
1481 2259 1659 2293 custodiae

986 2303 1152 2348 Byzantii
1165 2304 1211 2344 ΙΙ,
1230 2304 1308 2348 539,
1339 2304 1392 2338 15.
1422 2303 1466 2337 de
1489 2304 1563 2338 iure
1590 2305 1659 2338 Le-

988 2355 1144 2394 gatorum
1163 2349 1366 2395 disceptatio
1377 2349 1423 2391 ΙΙ,
1440 2350 1496 2390 35,
1513 2351 1546 2385 4.
1564 2352 1660 2384 Ana—-

988 2395 1093 2429 tolius
1122 2395 1313 2429 Theodosii
1338 2396 1428 2439 Aug.
1454 2396 1588 2439 legatus
1615 2396 1659 2429 ad

988 2442 1201 2476 Vararanem
1217 2442 1399 2475 Persarum
1414 2452 1529 2485 regem
1554 2442 1582 2485 1,
1602 2441 1658 2483 15,

989 2488 1023 2522 2.
1062 2487 1188 2531 Legati
1229 2487 1378 2521 Cabadis
1412 2487 1456 2520 ad
1495 2487 1661 2521 Iustinum

993 2536 1082 2577 Aug.
1113 2535 1140 2574 Ι,
1172 2533 1229 2574 51,
1256 2535 1291 2568 8.
1335 2531 1512 2576 utriusque
1555 2533 1662 2576 legati

992 2579 1198 2613 conveniunt
1215 2580 1342 2612 frustra
1360 2579 1389 2621 Ι,
1413 2578 1469 2622 55,
1497 2579 1532 2613 6.
1558 2578 1662 2611 Iusti-

991 2625 1082 2659 niani
1109 2625 1153 2658 ad
1180 2624 1373 2658 Homeritas
1398 2623 1533 2667 legatus
1559 2624 1663 2658 Iulia-

992 2682 1055 2705 nus
1070 2671 1098 2713 Ι,
1115 2671 1194 2715 106,
1214 2672 1246 2706 5,
1270 2669 1414 2703 Rufinus
1430 2669 1472 2702 ad
1489 2670 1614 2703 Persas
1634 2670 1663 2711 Ι,

992 2717 1051 2760 61,
1067 2717 1100 2751 9.
1123 2718 1179 2757 79,
1197 2718 1250 2750 18.
1274 2716 1504 2759 Hermogenes
1522 2715 1567 2748 ad
1583 2727 1663 2749 eos-

992 2762 1066 2795 dem
1083 2762 1112 2803 Ι,
1128 2763 1185 2802 92,
1207 2763 1238 2795 1.
1258 2762 1335 2801 107,
1353 2761 1408 2794 12.
1432 2762 1507 2803 108,
1522 2762 1575 2795 13.
1591 2761 1662 2795 Le-

994 2808 1066 2853 gati
1082 2807 1225 2842 Romani
1246 2805 1386 2852 indigne
1412 2805 1555 2842 Chosroi
1575 2807 1659 2842 adu-
