1858 3126
347 158 440 204 192
920 158 1181 202 PROCOPII

341 267 553 327 κλήρωται.
619 264 675 313 ὧν
691 269 740 324 δὴ
759 275 845 318 ταῖς
863 268 1007 322 ὄχθαις
1024 271 1234 322 πεπίεσται,
1261 269 1495 328 ἓπιφρίττων
1510 288 1551 314 τε
1573 272 1639 314 καὶ
1655 287 1756 326 γαυ-

341 339 518 395 ρουμένῳ
537 337 690 388 ἐοικὼς,
725 335 783 378 ὅτι
804 337 852 390 δὴ
876 335 1133 390 ἐποχούμενος
1162 341 1211 393 τῇ
1231 355 1271 379 τε
1290 338 1400 396 Ἀσίᾳ
1425 341 1495 380 καὶ·
1512 343 1562 394 τῇ
1581 337 1756 395 Εὐρώπῃ

341 406 567 461 προσβαίνει
593 409 641 460 τῇ
671 402 792 445 πόλει.
859 402 991 454 δόξαις
1015 403 1063 445 ἂν
1086 404 1260 457 ποταμὸν
1281 409 1499 447 τεθεᾶσθαι
1519 407 1756 461 ἐπίπροσθεν

338 478 530 527 προσηνεῖ
550 475 608 527 τῷ
632 470 776 527 ῥείθρῳ
805 468 927 512 ἰόντα.
994 469 1014 512 ὅ
1037 472 1079 512 δὲ
1097 471 1145 524 δὴ
1169 473 1290 513 αὐτοῦ
1310 473 1350 512 ἐν
1373 471 1557 531 ἀριστερᾷ
1573 474 1755 525 θλίβεται

338 539 410 592 μὲν
443 537 685 594 ἑκατέρωθεν
717 539 778 578 ἐπὶ
803 535 1070 593 μακροτάταις
1097 545 1184 588 ταῖς
1209 538 1368 588 ἀκταῖς,
1401 538 1452 580 τά
1481 556 1522 581 τε
1557 538 1658 593 ἄλση
1689 537 1788 580 καὶὸ

338 604 537 658 λειμώνων
554 603 677 658 κάλλη
697 606 763 645 καὶ
784 605 834 646 τὰ
852 604 953 646 ἄλλα
976 610 1046 659 τῆς
1069 607 1275 661 ἀντιπέρας
1295 605 1453 661 ἠπείρου
1473 605 1758 659 ἐνδεικνύμενος

202 676 235 711 V
251 677 318 712 403
339 671 571 725 ὑποκείμενα
598 676 648 727 τῇ
673 675 743 724 τῆς
765 670 912 721 πόλεως
939 671 1042 726 ὄψει.
1110 671 1307 727 εὐρύνεται
1330 673 1373 713 δὲ
1393 671 1436 713 τὸ
1464 673 1641 715 ἐντεῦθεν
1660 674 1757 722 ἔξω·

286 744 320 779 D
340 738 536 792 θυόμενος
564 739 684 792 αὐτῆς
704 739 804 794 πρὸς
827 739 970 792 ἄνεμον
988 738 1100 782 νότον
1127 741 1192 781 καὶ
1215 745 1284 793 τῆς
1299 740 1431 788 Ἀσίας
1451 739 1571 792 αὐτῆς
1585 738 1638 789 ὥς
1656 755 1758 795 πορ-

336 805 501 862 ρωτάτω
524 806 782 858 ἀποκομίζων.
847 807 948 847 ἀλλὰ
973 809 1038 848 καὶ
1059 805 1112 856 ὥς
1139 805 1375 862 περιβάλλον
1398 807 1567 858 διαμένει
1583 807 1664 860 τὴν
1683 804 1759 846 πό·-

336 877 398 914 λιν
419 873 464 914 τὸ
491 872 630 929 ῥόθιον
654 872 745 928 ἄχρι
773 874 813 922 ἐς
837 872 980 915 δύοντα
1006 891 1081 915 που
1102 874 1169 915 τὸν
1185 873 1306 927 ἥλιον.
1374 871 1395 914 ὃ
1416 873 1458 913 δὲ
1477 875 1606 927 τρίτος
1627 877 1759 929 πορθ-
1770 873 1813 908 10

335 939 412 993 μὸς
428 944 502 981 τοῦ
519 940 590 992 μὲν
607 938 764 996 πρώτου
786 939 967 994 ἐχόμενος
988 942 1049 981 ἐπὶ
1071 943 1199 999 δεξιᾷ,
1243 941 1285 982 ἐκ
1302 941 1345 982 δὲ
1363 942 1501 981 Συκῶν
1517 944 1595 982 τῶν
1614 943 1760 980 καλου-

336 1007 463 1060 μένων
484 1006 711 1061 ἀρχόμενος,
735 1009 976 1050 ἓπιπλεῖστον
992 1007 1114 1062 διήκει
1129 1013 1199 1061 τῆς
1216 1007 1366 1056 πόλεως
1383 1007 1482 1062 πρὸς
1495 1010 1647 1062 βορρᾶν
1671 1005 1762 1047 ἅνε-

335 1091 433 1127 μον,
479 1069 525 1115 οὗ
549 1075 597 1127 δὴ
619 1075 658 1123 ἒς
683 1073 828 1115 κόλπον
856 1079 1044 1117 τελευτῶν
1065 1074 1242 1117 παύεται.
1310 1073 1412 1115 οὕτω
1427 1075 1498 1126 μὲν
1521 1068 1590 1114 οὖν
1610 1090 1761 1130 στεφα-
1820 1100 1822 1103 v

335 1147 403 1182 νοῒ
427 1141 499 1194 τὴν
524 1140 636 1181 πόλιν
661 1139 686 1194 ἢ
714 1140 918 1191 θάλασσα,
953 1143 1147 1194 ἐκδέχεται
1175 1143 1217 1182 δὲ
1246 1141 1320 1182 ἀντὶ
1341 1141 1385 1183 τὸ
1407 1139 1631 1193 λειπόμενον
1649 1138 1675 1192 ἦ
1693 1144 1758 1194 γῆ,

334 1207 483 1260 μεταξὺ
510 1206 682 1260 τοσαύτη
705 1202 826 1258 οὖσα,
860 1207 953 1249 ὅσον
978 1208 1048 1262 τὴν
1071 1209 1148 1249 ἀπὸ
1167 1213 1237 1261 τῆς
1259 1207 1463 1260 θαλάττης
1481 1205 1677 1263 στεφάνην
1698 1208 1760 1248 ἒν-
1772 1208 1815 1244 15

222 1280 252 1314 Ρ
273 1280 316 1316 17
338 1278 475 1316 ταῦθα
508 1275 750 1323 ξυνδεῖσθαι.
817 1274 1030 1330 πραΰνεται
1065 1276 1108 1316 δὲ
1135 1276 1304 1327 διηνεκὲς
1333 1272 1354 1315 ὅ
1386 1273 1531 1322 κόλπος
1558 1267 1672 1322 οὗτος
1697 1275 1764 1314 καὶ

338 1342 644 1383 ἅναθολοῦσθαι
676 1342 833 1395 οὐδαμῆ
862 1343 1054 1398 πέφυκεν,
1085 1340 1214 1396 ὥσπερ
1235 1339 1351 1397 ὁρίων
1374 1345 1431 1396 τῷ
1448 1338 1615 1381 κλύδωνι
1636 1340 1764 1393 κειμέ-

337 1426 415 1450 νων
442 1410 619 1450 ἔνταῦθα
649 1410 715 1448 καὶ
737 1407 860 1449 σάλου
889 1408 934 1449 τὸ
962 1409 1118 1450 ἐνθένδε
1139 1407 1284 1457 παντὸς
1309 1412 1360 1462 τῇ
1377 1411 1448 1460 τῆς
1467 1405 1615 1456 πόλεως
1635 1409 1764 1463 εἰργο-

336 1476 455 1530 μένου
482 1479 590 1530 τιμῇ.
651 1479 845 1529 χειμῶνος
873 1476 936 1526 δὲ,
972 1475 1020 1516 ἂν
1044 1475 1146 1516 οὕτω
1171 1473 1283 1530 τύχῃ,
1317 1476 1382 1516 καὶ
1408 1474 1561 1526 ἀνέμων
1583 1477 1764 1530 σκληρῶν

337 1550 420 1592 τοῖς
437 1559 478 1584 τε
499 1539 682 1597 πελάγεσι
704 1544 769 1583 καὶ
791 1546 848 1598 τῷ
870 1546 1043 1598 πορθμῷ
1061 1541 1331 1592 ἐπιπεσόντων,
1357 1542 1514 1583 ἐπειδὰν
1536 1542 1576 1590 ἐς
1591 1541 1662 1594 τὴν
1680 1541 1818 1582 εἴθ’-20

339 1611 431 1650 οδον
451 1610 615 1650 ἵκωνται
639 1613 708 1650 τοῦ
732 1608 879 1650 κόλπου
902 1609 944 1650 αἱ
966 1610 1066 1660 νέες,
1102 1609 1360 1665 ἀκυβέρνητοί
1382 1625 1425 1650 τε
1451 1609 1496 1650 τὸ
1525 1608 1662 1650 λοιπὸν
1681 1608 1765 1650 ἴασι

337 1678 404 1720 καὶ
434 1675 760 1732 ἀπροβουλεύτως
790 1674 1026 1731 ὁρμίζονται.
1098 1677 1138 1725 ἐς
1166 1678 1350 1724 σταδίους
1375 1675 1448 1728 μέν
1477 1674 1552 1730 γὰρ
1581 1678 1712 1717 πλεῖον
1737 1673 1766 1729 ἢ

337 1742 631 1799 τεσσαράκοντα
660 1743 704 1784 τὸ
738 1745 968 1799 περίμετρον
993 1746 1063 1784 τοῦ
1095 1741 1242 1784 κόλπου
1275 1740 1396 1795 διήκει
1405 1772 1419 1792 ,
1457 1741 1575 1796 λιμὴν
1607 1742 1649 1783 δὲ
1674 1741 1766 1790 ὅλος

337 1814 518 1863 πανταχῆ
529 1811 631 1851 ἔστιν
641 1823 651 1835 ·
672 1809 770 1852 ὥστε
784 1811 915 1863 ἀμέλει
930 1809 1185 1866 ὄρμιζομένης
1195 1811 1370 1851 ἐνταῦθα
1382 1808 1473 1862 νηὸς
1484 1807 1508 1861 ἦ
1521 1809 1593 1861 μὲν
1604 1807 1764 1863 πρύμνα

338 1882 387 1934 τῇ
404 1876 592 1933 θαλάσσῃ
615 1877 791 1934 ἕπῇρται,
823 1875 849 1931 ἢ
873 1877 914 1919 δὲ
933 1882 1073 1935 πρῷρα
1096 1878 1136 1919 ἐν
1155 1882 1204 1934 τῇ
1221 1882 1271 1934 γῇ
1287 1874 1475 1931 κάθηται,
1491 1874 1620 1933 ὥσπερ
1641 1873 1817 1930 ἀλλή-25

340 2050 395 2094 tit,
417 2052 454 2082 ut
469 2047 568 2081 decus
583 2048 717 2082 afferat.
762 2048 849 2082 Hinc
863 2047 939 2081 inde
953 2047 1102 2091 geminae
1117 2046 1288 2092 appositae
1302 2049 1379 2080 sunt
1392 2047 1611 2090 continentes,
1629 2057 1765 2091 quarum

339 2093 505 2128 littoribus
520 2095 690 2136 premitur,
713 2103 817 2136 aquas
831 2092 990 2137 crispans,
1011 2103 1052 2125 ac
1074 2092 1176 2124 simile
1195 2091 1411 2136 superbienti,
1438 2091 1528 2135 quod
1542 2091 1639 2125 Asiae
1653 2092 1765 2126 Euro-

340 2149 468 2184 paeque
491 2137 635 2170 innixum
659 2137 702 2170 ad
725 2138 836 2170 urbem
859 2137 1012 2170 accedat:
1036 2136 1170 2170 fluvium
1186 2136 1315 2180 placido
1329 2137 1490 2170 labentem
1510 2135 1638 2179 agmine
1652 2136 1768 2171 videre

340 2184 403 2219 tibi
418 2181 574 2216 videaris.
605 2182 703 2222 Quod
721 2193 802 2215 vero
819 2181 860 2215 ad
875 2181 1003 2215 laevam
1025 2186 1088 2223 est,
1111 2181 1307 2224 longissimis
1320 2181 1486 2214 littoribus
1499 2181 1651 2225 utrinque
1664 2181 1767 2215 strin-

339 2229 442 2273 gitur,
465 2227 570 2268 lucos,
594 2232 761 2270 pratorum
781 2227 1007 2270 amoenitates,
1031 2230 1246 2270 caeterasque
1269 2226 1442 2270 oppositae
1464 2225 1662 2259 continentis
1682 2227 1766 2260 deli-

340 2274 410 2310 cias
427 2272 594 2315 exhibens,
618 2272 784 2304 subiectas
798 2271 900 2304 oculis
913 2271 1062 2304 civitatis.
1116 2271 1198 2304 Inde
1213 2282 1311 2316 porro
1329 2271 1496 2304 evolutum
1509 2271 1674 2305 meridiem
1690 2283 1766 2305 ver-

341 2329 410 2359 sus,
434 2322 468 2351 et
490 2317 532 2350 ab
558 2317 638 2350 Asia
665 2317 779 2361 procul
800 2316 978 2356 recedens,
1002 2327 1076 2350 sese
1102 2316 1264 2360 explicatz
1287 2327 1349 2349 nec
1371 2319 1480 2349 tamen
1502 2315 1556 2349 vel
1570 2315 1619 2349 sie
1633 2315 1767 2350 absistit

339 2364 455 2396 urbem
477 2361 602 2395 alluere
623 2361 664 2394 ad
686 2366 811 2406 partem
839 2371 943 2405 usque
967 2361 1212 2395 occidentalem.
1256 2360 1407 2394 Tertium
1429 2361 1566 2405 fretmn,
1590 2371 1612 2395 a
1626 2361 1767 2394 dextera

341 2407 548 2441 coniunctum
573 2407 690 2450 primo,
713 2418 755 2439 ex
777 2406 926 2449 regione,
951 2417 1047 2450 quam
1070 2407 1234 2449 Sycenam
1257 2414 1390 2447 vocant,
1413 2405 1597 2448 longissime
1611 2405 1766 2439 allabitur

340 2452 432 2486 urbis
448 2452 546 2486 lateri
570 2451 771 2495 aquilonari,
795 2451 851 2483 ubi
865 2451 898 2484 in
913 2451 1018 2485 sinum
1033 2452 1162 2485 desinit.
1207 2450 1264 2483 Sic
1277 2460 1367 2484 mare
1381 2451 1493 2484 urbem
1511 2455 1662 2485 coronat:
1686 2450 1768 2484 reli-

342 2508 441 2541 quum
455 2500 546 2531 terra
561 2496 684 2540 excipit
694 2521 704 2538 ,
727 2500 821 2529 tanto
836 2495 1013 2529 interstitio
1023 2521 1032 2538 ‚
1055 2500 1210 2540 quantum
1229 2495 1310 2527 satis
1328 2499 1380 2528 est
1395 2500 1432 2529 ut
1445 2495 1608 2529 vinculum
1624 2495 1668 2528 sit
1679 2494 1767 2528 illius

343 2553 504 2584 coronae,
529 2551 624 2584 quam
640 2551 765 2584 aequor
779 2540 894 2574 efficit.
940 2541 1039 2574 Sinus
1055 2541 1107 2574 hic
1122 2550 1250 2584 semper
1263 2540 1474 2584 tranquillus,
1497 2539 1626 2574 minime
1639 2538 1767 2573 turbari

342 2587 446 2624 ,solete
468 2585 562 2630 quasi
578 2585 735 2619 terminus
750 2585 941 2630 tempestati
955 2586 1008 2618 hic
1023 2585 1111 2619 fixus
1125 2590 1223 2624 esset,
1245 2589 1344 2628 atque
1359 2585 1435 2618 inde
1449 2585 1624 2630 procellam
1639 2594 1766 2619 omnem

341 2631 531 2667 excluderet
554 2630 644 2663 urbis
670 2630 774 2664 honor
796 2641 835 2663 ac
860 2630 1055 2664 reverentia.
1101 2631 1139 2663 Si
1160 2631 1248 2663 sorte
1263 2629 1354 2662 venti
1366 2629 1625 2663 vehementiores
1638 2629 1766 2663 innum—

342 2677 436 2718 bant‚
463 2687 503 2710 ac
527 2675 627 2708 maria
651 2675 838 2719 fretumque
865 2675 1040 2716 concitent,
1064 2675 1158 2708 simul
1184 2673 1316 2716 navigia
1339 2674 1428 2708 sinus
1451 2676 1565 2709 fauces
1586 2674 1764 2714 intrarunt,

342 2722 430 2755 nullo
444 2724 584 2765 regente
598 2724 740 2764 pergunt
749 2747 760 2763 ,
785 2725 820 2752 et
833 2731 1028 2764 quocunque
1041 2731 1114 2753 sors
1126 2719 1239 2752 tulerit
1254 2719 1474 2763 appellantur.
1517 2718 1597 2754 Plus
1611 2729 1634 2751 x
1649 2728 1680 2751 n.
1695 2723 1767 2750 sta-

342 2767 397 2804 dia
410 2777 470 2803 suo
485 2766 575 2805 sinus
589 2765 710 2801 ambitu
726 2764 871 2810 colligit,
895 2775 935 2800 ac
957 2763 1047 2801 totus
1068 2769 1120 2800 est
1133 2764 1239 2800 ubivis
1255 2769 1384 2810 portus.
1430 2763 1644 2810 Quapropter
1657 2761 1764 2808 appli-
