1754 3132
486 123 751 168 ALEMANNI
783 121 1124 166 DISSERTATIO.
1476 140 1543 168 xv

82 240 142 297 qui
161 240 209 281 ab
230 238 302 281 hac
319 237 474 280 historia
494 228 839 293 salsitatem'procul
861 237 994 279 abesse
1017 234 1128 277 fidem
1147 234 1302 286 saciant,
1333 235 1544 278 Iustinianus

81 308 183 366 ipse,
210 307 364 348 Iustinus
383 305 597 356 avunculus,
633 305 822 361 iuniorque
851 305 946 346 alter
964 305 1102 346 sororis
1120 303 1304 346 Iustiniani
1333 302 1426 344 tilius
1445 304 1546 344 lusti·

81 391 160 418 nus.
216 375 315 418 Nam
347 374 408 417 hie
447 374 616 431 quidem,
665 373 825 416 extincto
864 372 1080 423 Iustiniano,
1117 373 1276 429 dirisque
1310 372 1546 421 Venetorum,

82 442 385 499 Prasinorumque
405 441 646 484 seditionibus
677 441 796 483 adhue
823 442 1016 483 fluctuante
1038 440 1196 496 hnperio
1222 441 1398 489 Romano,
1432 454 1546 495 popu·

84 512 200 553 lorum
237 510 274 553 in
314 510 444 562 Circo,
475 519 583 567 atque
621 510 809 560 Theatra,
849 509 980 551 strictis
1003 507 1255 558 mucronibus,
1291 508 1547 565 gladiatorum,

85 579 146 622 vel
183 578 303 634 potius
325 578 482 620 hostium
510 592 613 620 more
646 577 683 619 in
710 590 794 619 sese
821 577 1064 619 funestissimo
1098 577 1306 633 spectaculo
1339 575 1549 617 irruentium

86 647 253 689 tumultus
269 679 280 698 ,
309 661 382 704 qua
405 660 499 689 voce
519 659 758 702 compescere
785 645 979 701 aliquando
1000 643 1134 693 voluit,
1167 644 1298 686 eadem
1317 644 1548 686 iustinianum

85 716 263 758 malorum
281 715 439 757 omnium
459 714 618 772 prodidit
641 722 816 755 autorem.
875 715 989 762 Heus,
1021 712 1145 768 inquit,
1177 717 1288 763 cives,
1316 713 1550 765 Reipublicae

88 786 335 825 calamitatum
367 789 416 826 sit
443 786 588 837 denique
607 784 742 823 modus.
805 783 906 821 Vobis
933 784 1082 831 obiisse,
1117 783 1254 832 Veneti,
1287 782 1547 825 Iustinianum;

87 853 239 893 Prmim·
254 855 351 893 vobis
371 867 543 906 superesse
562 854 698 892 sciatis.
755 850 820 892 Sic
841 850 946 899 illos,
980 848 1164 890 Iustiniani
1190 849 1385 904 desperato
1407 848 1548 895 favore,

88 919 268 970 coercuit,
300 919 370 962 hos
390 927 531 966 autem.
563 917 725 961 eiusdem
764 918 1012 960 crudelitatem
1047 916 1315 966 interminatus,
1362 914 1548 957 deterruit.

86 988 166 1029 Hac
184 986 309 1028 Iustini
333 1001 427 1028 voce
446 987 563 1028 altera
587 985 692 1027 huius
710 986 887 1028 historiae
910 1001 1016 1042 pars,
1047 1000 1143 1043 quae
1163 986 1210 1026 de
1230 984 1389 1026 Prasinis
1409 983 1486 1039 agit
1507 997 1551 1023 ae
1572 995 1601 1030 p
1619 992 1707 1028 vnl

88 1055 262 1105 Venetis,
315 1053 403 1096 satis
432 1054 701 1110 comprobatur.
759 1055 818 1097 De
851 1055 968 1095 altera
997 1069 1108 1104 vero,
1150 1068 1244 1109 quae
1279 1051 1553 1094 infamissimam

88 1122 313 1164 Theodorae
343 1122 615 1173 educationem,
655 1122 784 1172 vitam,
823 1137 1017 1178 moresque
1045 1122 1203 1163 continet
1246 1123 1373 1177 (quam
1409 1119 1458 1162 uti
1486 1134 1554 1159 nos

89 1197 237 1230 vertere
256 1189 336 1230 sine
355 1188 508 1239 rubore,
541 1189 621 1231 sine
644 1190 832 1231 stomacho
851 1205 923 1230 non
948 1190 1148 1245 potuimus,
1178 1190 1226 1230 ita
1246 1203 1365 1244 neque
1398 1188 1556 1228 lecturos

90 1255 184 1297 alios
202 1258 387 1312 putamus)
416 1256 447 1296 si
475 1257 554 1312 quis
586 1257 743 1307 dubitet,
777 1266 877 1299 extat
905 1257 1089 1312 hodieque
1115 1256 1238 1298 Iustini
1271 1255 1437 1297 Senioris
1459 1254 1554 1295 Con-

92 1315 248 1373 stitutio,
280 1338 350 1379 qua
372 1323 561 1365 mulierum
581 1323 805 1366 abiectarum
828 1325 1055 1381 Principibus
1082 1324 1171 1366 viris
1201 1323 1450 1381 permittuntur
1470 1337 1555 1363 con-

91 1389 213 1431 nubia.
270 1389 362 1430 Illud
382 1390 452 1431 hae
471 1390 561 1447 lege
579 1392 730 1433 Iustinus
749 1393 846 1450 egit,
882 1407 930 1434 ne
961 1392 1173 1434 Iustinianus
1192 1391 1329 1432 sororis
1359 1390 1464 1439 filius,
1496 1390 1557 1444 qui

91 1456 329 1498 Theodoram
359 1457 572 1499 vilissimum
597 1468 754 1501 scortum
783 1460 995 1516 deperibat,
1026 1460 1176 1516 eiusque
1208 1459 1380 1515 coniugio
1417 1466 1453 1499 ut
1488 1457 1558 1499 frui

93 1533 219 1582 posset
238 1524 453 1582 flagitabat,
482 1525 662 1582 Imperio,
691 1535 728 1568 et
748 1542 970 1583 quacumque
989 1527 1062 1568 alia
1082 1527 1259 1583 dignitate
1278 1527 1350 1568 hoc
1373 1526 1557 1581 ipso-pro-

93 1591 295 1635 hiberetur.
353 1593 444 1634 Illud
466 1594 575 1635 etiam
595 1594 726 1635 eadem
746 1594 810 1634 illa
836 1595 927 1650 lege
955 1596 1184 1651 apertissime
1214 1603 1380 1637 testatum
1404 1594 1558 1650 posteri·

93 1659 159 1701 tati
177 1659 341 1717 reliquit,
373 1675 396 1702 ο
416 1675 527 1703 scena
559 1662 798 1704 Theodoram
836 1663 965 1706 fuisse:
1002 1678 1049 1705 ex
1082 1664 1247 1705 omnibus
1282 1664 1379 1704 enim
1407 1660 1560 1703 abiectis

95 1727 338 1779 mulierculis,
370 1744 464 1785 quae
496 1744 519 1770 a
549 1729 753 1786 Principum
791 1731 951 1772 virorum
987 1732 1217 1773 matrimonio
1256 1733 1346 1788 lege
1384 1732 1561 1772 Constan-

96 1795 234 1838 tiniana
252 1795 538 1838 excludebantur
552 1830 562 1846 ,
603 1798 770 1839 scenicas
789 1801 1034 1842 tantummodo
1055 1816 1100 1842 ea
1121 1800 1385 1843 Constitutione
1409 1799 1561 1840 Iustinus

97 1863 360 1919 complectitur.
419 1865 453 1906 E
472 1878 583 1905 scena
601 1865 714 1922 igitur
732 1866 933 1908 Theodora
966 1883 1046 1910 cum
1075 1867 1200 1918 fuerit,
1227 1868 1397 1925 quidquid
1417 1867 1561 1923 flagitii,

98 1931 272 1988 quidquid
304 1930 566 1973 obscoenitatis
609 1934 657 1974 de
696 1933 759 1975 illa
792 1949 1077 1986 commemores,
1127 1937 1216 1978 nihil
1246 1937 1373 1978 credet
1401 1935 1560 1984 nimium,

97 1998 158 2055 qui
184 1999 322 2041 credet.

210 2088 374 2130 Tertiam
397 2089 502 2132 huius
519 2090 703 2133 Historiae
723 2100 888 2149 partem,
923 2107 1019 2150 quae
1052 2101 1106 2135 est
1129 2093 1176 2135 de
1202 2094 1384 2137 Iustiniani
1406 2094 1559 2136 crimini·

46 2199 62 2216 ν
99 2157 188 2207 bus,
221 2155 378 2212 ipsemet
405 2160 619 2215 comprobat
646 2161 879 2212 Iustinianus;
918 2162 1003 2204 licet
1033 2170 1152 2204 autem
1181 2162 1275 2204 haee
1304 2164 1367 2204 ille
1394 2177 1463 2204 nec
1490 2162 1560 2203 sin·

100 2224 282 2282 gillatim,
315 2240 387 2268 nec
413 2236 542 2283 aperte
569 2228 740 2280 fateatur,
781 2239 902 2272 tamen
924 2245 1044 2272 rerum
1066 2245 1088 2271 a
1107 2245 1148 2272 se
1176 2231 1256 2273 sere
1276 2231 1432 2272 omnium
1463 2230 1561 2270 male

101 2292 278 2335 factarum
309 2293 492 2352 originem
519 2311 592 2338 non
622 2297 739 2338 solum
765 2313 837 2339 non
865 2298 981 2348 celat,
1012 2299 1079 2340 sed
1100 2299 1209 2340 etiam
1232 2300 1332 2340 serio
1359 2299 1558 2356 profitetur.

103 2362 225 2412 Haec,
255 2361 388 2418 inquit,
428 2368 545 2405 omnia
570 2367 667 2419 apud
691 2382 755 2406 nos
782 2371 978 2419 cogitantes
1011 2383 1067 2409 εἰ·
1097 2381 1166 2409 mc
1197 2381 1372 2422 QUOQUE
1411 2370 1563 2420 partici-

101 2444 179 2482 pem
208 2432 348 2472 consilii
366 2437 574 2486 sumpsimus
601 2449 704 2485 eum,
740 2449 829 2487 quae
856 2449 881 2475 a
910 2437 984 2475 Deo
1011 2437 1101 2476 data
1128 2442 1179 2476 est
1206 2439 1329 2486 uobis,
1363 2439 1562 2488 piissimam

106 2500 299 2548 coniugem.
353 2498 520 2541 Felicem
539 2500 648 2556 plane
666 2501 895 2544 Iustinianum
911 2536 920 2551 ,
952 2502 1100 2560 eiusque
1127 2503 1368 2560 principatum
1397 2503 1558 2557 Scripto-
1585 2507 1615 2541 A
1632 2506 1655 2541 7

106 2578 172 2606 res
193 2579 320 2607 omnes
345 2566 660 2610 fortunatissimum
680 2568 832 2611 futurum
860 2570 971 2612 fuisse
991 2571 1192 2622 affirmant,
1230 2573 1300 2613 nisi
1328 2572 1563 2612 Theodoram

109 2633 360 2684 consiliorum,
403 2651 596 2693 rerumque
633 2638 878 2695 gerendarum
911 2639 1128 2696 participem
1165 2641 1362 2683 habuisset.
1421 2638 1566 2679 Deinde

109 2713 175 2740 sua
193 2701 408 2744 lastinianus
440 2703 603 2746 facinora
634 2706 817 2761 prioribus
850 2715 933 2749 oeto
962 2708 1033 2749 illis
1061 2707 1238 2750 historiae
1265 2705 1433 2761 Procopii
1463 2705 1566 2746 libris

107 2767 256 2810 omnino
273 2770 371 2814 visus
389 2780 446 2815 est
464 2773 723 2825 confirmasse,
757 2789 848 2831 quos
876 2775 948 2817 iam
967 2784 1040 2819 tum
1060 2778 1109 2819 ab
1138 2778 1278 2819 Autore
1305 2776 1474 2832 vulgatos
1495 2776 1561 2816 lm-
