1800 3126
282 123 378 170 438
734 126 791 169 IN
824 124 968 167 HIST.
1001 124 1253 167 ARCANAM

280 233 552 282 incumbebat,
582 239 626 270 ut
653 233 868 270 Artabanes
899 237 938 268 et
966 231 1154 268 coniurati
1186 229 1252 268 hio
1280 244 1371 269 eum
1397 231 1484 269 neci
1521 238 1695 284 opportu-

280 291 485 326 nissimum
515 303 556 327 se
585 287 784 325 habituros
814 293 1025 337 sperarent.
1081 287 1292 336 Procopius
1328 287 1357 324 1.
1387 289 1410 327 3
1447 287 1541 324 bell.
1572 286 1708 325 Gotth.

283 341 470 395 Κάθηται
490 340 710 394 ἀφύλακτος
737 338 799 382 αἐὶ
828 341 891 382 ἐπὶ
910 341 1047 392 λέσχης
1067 339 1170 388 τινὸς
1199 337 1299 392 ἀωρὶ
1324 344 1404 381 τῶν
1430 345 1582 382 νυκτῶν
1605 342 1710 394 ὁμοῦ

279 403 363 447 τοῖς
389 403 468 439 τῶν
498 398 632 450 ἱερέων
654 396 983 449 ἐσχατογέρουσιν,
1015 394 1176 447 ἄσχετον
1203 393 1437 436 ἀνακυκλεῖν
1463 395 1510 449 τοὶ
1528 400 1709 448 Χριστια·

280 457 366 494 νῶν
394 452 504 507 λόγια
540 450 718 504 σπουδήν
747 452 864 504 ἕχωνε
893 459 1077 503 perpetuo
1112 453 1196 488 sine
1223 448 1454 489 custodibus
1479 451 1627 490 desidet
1654 451 1714 489 ad

281 510 453 547 multam·
482 516 632 545 noctem
659 510 702 545 in
736 522 897 545 musaeo
927 521 1016 544 cum
1043 506 1265 543 senioribus
1291 506 1510 558 quibusque,
1531 506 1712 545 sacerdo-

281 565 406 614 tibus,
453 565 713 601 attentissimo
751 562 886 600 stadio
932 575 1083 599 arcana
1125 562 1443 599 Christianorum
1481 560 1712 613 dogmatum

283 621 542 670 investigans,
599 620 701 657 Male
726 620 960 670 Procopium
988 619 1180 655 Antonius
1210 618 1376 654 Concius
1413 615 1632 667 redarguit3
1670 616 1715 655 id

143 677 172 711 P
195 677 261 713 153
283 677 495 725 Procopius
525 673 589 711 hic
617 677 836 725 vituperare
858 673 1024 720 videtur,
1055 672 1160 724 quod
1187 674 1397 723 imperator
1422 673 1608 722 neglectis
1635 675 1715 710 rei-

283 731 462 781 publicae
491 731 657 780 negotiis
689 731 863 780 apprime
891 730 1142 775 necessariis,
1180 729 1448 765 ecclesiasticis
1481 728 1595 765 rebus
1630 741 1714 767 sese

283 787 545 832 immisceret,
577 784 684 836 quod
712 799 783 836 per
811 797 1007 822 summam
1038 784 1293 821 ambitionem
1319 795 1521 834 nunquam
1548 795 1628 826 non
1653 783 1717 820 fa-

285 843 448 878 ctitavit.
505 841 708 878 Liberatus
746 842 787 877 in
817 842 989 878 Breviar.
1020 852 1053 876 c.
1084 842 1136 881 23
1177 839 1323 876 annuit
1355 839 1568 890 imperator
1584 838 1718 888 facil..

284 897 400 945 lime,
427 895 612 947 gaudens·
638 910 678 932 se
706 894 753 932 de
779 895 931 933 talibas
957 896 1093 932 causis
1121 893 1318 932 iudicium
1338 895 1466 942 ferre3
1498 906 1639 944 nempe
1669 891 1718 930 de

286 953 571 988 ecclesiasticis.
638 952 712 997 Qui
751 950 1017 1002 disputantem
1055 949 1103 986 de
1150 948 1380 999 theologicis
1428 949 1718 1000 quaestionibus

285 1009 546 1044 Iustiniauum
575 1005 709 1043 audire
736 1008 846 1055 vult,
889 1013 929 1043 et
963 1005 1096 1046 videre
1133 1006 1236 1042 iuter
1273 1006 1473 1055 episcopos
1513 1003 1720 1041 considen-

286 1069 390 1109 tem,
428 1062 546 1099 modo
575 1061 812 1110 haereticos,
850 1060 969 1098 modo
1000 1059 1218 1098 catholicos
1253 1061 1451 1111 praesules
1479 1066 1720 1107 monentem,

287 1117 590 1167 docentemque,
626 1124 664 1153 et
691 1129 790 1167 pene
821 1117 1082 1163 exultantem,
1113 1118 1193 1153 suis
1221 1129 1301 1152 nou
1330 1114 1446 1152 modo
1469 1114 1722 1165 disceptatio-
1755 1110 1759 1114 ⁸

287 1173 416 1218 nibus,
447 1172 516 1209 sed
542 1174 661 1208 etiam
686 1173 784 1209 fusis
814 1171 865 1209 ad
894 1171 1012 1208 deum
1039 1172 1219 1221 precibus
1247 1170 1532 1219 haereticorum
1560 1183 1722 1207 conver—

162 1230 194 1264 A
219 1229 266 1264 87
290 1229 442 1264 sionem
492 1226 800 1274 adscribentem,
846 1228 953 1277 legat
1003 1227 1210 1276 epistolam
1250 1227 1466 1262 Innocentii
1505 1226 1723 1263 Maroniani

290 1284 475 1333 Episcopi
505 1282 554 1318 ad
575 1282 814 1320 Thematem
833 1284 1116 1333 presbyterum,
1147 1283 1188 1318 in
1216 1280 1306 1318 fine.
1364 1281 1463 1317 Cum
1490 1281 1589 1318 forte
1617 1282 1725 1330 Aga-

289 1346 405 1389 petus
433 1339 615 1388 pontifex
642 1341 842 1375 Romanus
870 1337 1048 1375 nondum
1066 1335 1245 1374 Anthimi
1274 1335 1520 1374 damnatione
1548 1349 1725 1386 pronun-

291 1396 393 1430 ciata
433 1394 537 1430 diem
576 1394 757 1441 obiisset3
796 1406 876 1430 non
914 1393 1123 1430 defuerunt
1159 1393 1330 1442 episcopi
1368 1394 1436 1442 qui
1474 1404 1565 1428 cum
1600 1392 1724 1429 Paulo

291 1451 491 1499 Apameae
520 1451 734 1486 Iustiniano
764 1451 820 1486 sic
844 1447 993 1485 adulati
1021 1454 1126 1485 sunt.
1182 1447 1410 1498 Agapetum
1439 1445 1463 1487 o‘
1486 1443 1635 1499 Κύριος
1662 1461 1726 1496 με-

292 1504 484 1555 τέστησεν,
511 1504 579 1543 ἵνα
605 1501 647 1544 τὸ
673 1500 867 1556 πλήρωμα
894 1507 964 1554 τῆς
992 1498 1274 1555 κατορθώσεως
1300 1505 1350 1556 τῇ
1376 1500 1543 1556 ’ὖμετέρᾳ
1570 1499 1726 1555 φυλάξῃ

290 1556 539 1612 γαληνότητι,
569 1559 756 1596 dominus
785 1559 1007 1606 transtulit,
1036 1565 1083 1594 ut
1111 1559 1238 1607 operis·
1266 1560 1639 1594 consummationem
1662 1571 1730 1593 ve-

291 1621 397 1651 strae
416 1616 617 1651 serenitati
638 1621 864 1656 reservaret.
920 1615 1064 1651 Verum
1094 1620 1304 1663 antequam
1327 1614 1535 1662 imperium
1560 1619 1728 1663 caperet,

295 1683 318 1706 a
347 1667 570 1719 Theophilo
599 1670 751 1706 Abbate
778 1675 1027 1719 praeceptore
1056 1681 1125 1706 suo
1161 1667 1224 1705 his
1262 1675 1343 1704 erat
1370 1670 1450 1704 iam
1479 1666 1616 1705 studiis
1649 1669 1730 1704 im-

294 1725 438 1761 butus:
476 1738 570 1760 nam
598 1737 688 1761 cum
716 1726 960 1762 sanctissimo
988 1723 1170 1773 pontifice
1196 1725 1373 1774 Agapeto
1403 1721 1471 1760 diu
1502 1729 1618 1774 atque
1653 1737 1731 1773 pu·-

295 1782 471 1828 gnaciter
505 1793 575 1830 pro
603 1778 849 1829 Eutychiana
884 1778 1037 1816 haeresi
1065 1778 1291 1828 disputavit.
1347 1780 1589 1816 Anastasius.
1617 1779 1730 1816 Paul.

296 1836 408 1871 Diac.
465 1837 510 1871 Iu
541 1848 617 1885 qua
653 1834 913 1885 disputatione
942 1836 1174 1883 magistrum
1202 1833 1422 1871 Catholicae
1456 1834 1546 1870 fidei
1574 1836 1732 1884 Agape-

296 1897 385 1926 tum
413 1892 634 1926 Romanum
673 1903 814 1940 pravae
854 1889 902 1926 de
940 1891 1128 1939 religione
1157 1891 1372 1926 sententiae
1399 1890 1626 1938 insimulare
1654 1901 1733 1926 non

298 1945 454 1981 erubuit
488 1946 756 1982 inflatissimus
797 1946 958 1983 scientia
986 1946 1244 1991 Iustinianus‚
1283 1943 1386 1995 quod
1416 1957 1467 1980 ex
1501 1951 1632 1981 autore
1661 1957 1735 1994 ap-

295 1999 474 2050 pendicis
504 2000 554 2036 ad
581 2002 854 2038 Marcellinum
882 2001 1063 2050 colligere
1093 2007 1166 2037 est.
1223 1999 1311 2050 Ipse
1338 1999 1560 2050 Agapetae,
1591 2001 1733 2050 inquit,

298 2063 511 2092 extremum
549 2054 653 2092 diem
685 2056 783 2093 obiit
822 2058 866 2094 in
905 2055 1088 2104 domino5
1127 2057 1169 2091 in
1199 2055 1310 2091 nullo
1339 2062 1469 2091 tamen
1497 2057 1601 2091 sicut
1636 2057 1671 2091 ei
1707 2068 1735 2091 a

291 2113 477 2161 principe
507 2110 789 2158 obiiciebatar‚
821 2112 988 2148 sentiens
1016 2117 1154 2147 contra
1171 2108 1310 2159 fidem.
1367 2111 1451 2146 Imo
1481 2109 1735 2161 quadriennio

300 2173 391 2201 ante
421 2165 635 2202 adventum
660 2167 828 2215 Agapeti
850 2166 1224 2215 Constantinopolim
1249 2166 1367 2202 libros
1396 2164 1444 2202 de
1471 2166 1736 2202 incarnatione

301 2219 500 2258 dominica
538 2220 683 2266 edidit,
723 2227 763 2256 et
799 2221 1040 2271 Illyricianos
1079 2222 1290 2270 Episcopos
1330 2219 1380 2257 ad
1413 2219 1737 2258 subscribendmn

302 2276 445 2325 coegit.
502 2276 632 2313 Victor
659 2276 794 2312 Tunn.
851 2277 910 2312 De
946 2274 1008 2313 his
1047 2283 1086 2312 et
1122 2276 1208 2313 aliis
1247 2275 1422 2313 eiusdem
1455 2277 1565 2314 libris
1603 2289 1736 2313 eorum

302 2338 526 2380 temporum
560 2332 731 2381 aequalis
768 2330 960 2368 Isidorus:
1002 2331 1255 2369 lastinianus
1289 2333 1502 2382 imperator
1540 2330 1738 2382 quosdam

301 2386 428 2423 libros
455 2384 502 2422 de
529 2387 805 2424 incarnatione
832 2386 984 2424 domini
1013 2385 1162 2434 edidit,
1193 2401 1293 2437 quos
1321 2388 1441 2423 etiam
1461 2400 1534 2437 per
1561 2388 1740 2424 diversas

303 2443 415 2478 misit
440 2443 684 2491 provincia-9.
745 2440 935 2479 Condidit
956 2456 1110 2493 qaoque
1139 2449 1174 2478 et
1201 2444 1433 2492 rescriptam
1463 2449 1601 2479 contra
1623 2455 1740 2492 syno-

303 2495 401 2534 dum
430 2497 728 2546 illyricianam,
767 2504 803 2533 et
839 2495 1030 2535 adversus
1057 2497 1281 2546 Africanos
1305 2499 1546 2548 Episcopos,
1582 2499 1626 2534 in
1661 2511 1739 2548 quo

304 2553 389 2589 tria
418 2552 600 2602 capitula
628 2550 828 2589 contendit
856 2551 1057 2592 damnare.
1114 2553 1257 2589 Libelli
1297 2552 1550 2590 confessionis
1588 2551 1680 2590 fidei
1716 2565 1740 2589 a

303 2608 520 2646 Iustiniano
549 2606 663 2655 editi,
700 2608 882 2644 meminit
910 2609 940 2644 1.
967 2609 1007 2648 1.
1062 2607 1236 2644 Facund.
1266 2610 1466 2645 Hermian.
1495 2609 1565 2645 lib.
1594 2621 1686 2645 vero
1712 2609 1740 2646 2

308 2664 476 2700 secernit
505 2663 552 2700 ab
582 2661 656 2701 hoc
683 2663 854 2700 similem
884 2663 1019 2711 alium,
1047 2665 1255 2700 Iustiniani
1280 2665 1438 2700 nomine
1467 2664 1515 2700 ab
1536 2662 1739 2706 haereticis

308 2725 602 2769 praenotatum:
632 2731 685 2756 ex
711 2716 775 2756 his
801 2720 1066 2757 monumentis
1094 2731 1219 2758 unum
1242 2718 1365 2771 (quod
1385 2731 1458 2770 ego
1485 2717 1623 2769 sciam)
1650 2725 1739 2756 tan-
