1800 3126
263 139 358 187 348
713 142 771 185 IN
798 141 940 184 HIST.
967 142 1219 185 ARGANAM

261 249 356 287 δοτα
384 254 659 286 consueverant
677 249 842 284 Antores
866 253 1090 296 praenotare
1110 246 1262 285 schedis
1281 248 1483 294 librorum,
1514 246 1562 284 de
1583 247 1672 299 qui-

259 304 331 340 bus
353 311 517 340 aetatem
545 317 655 340 suam
680 303 804 338 celare
824 302 1017 338 volebant.
1073 303 1286 339 Romanam
1306 302 1525 349 historiam,
1555 316 1671 354 quam

260 360 392 396 Cicero
420 359 667 404 lucubrabat,
706 363 743 392 et
769 358 813 402 Q.
840 357 968 393 Fufius
992 357 1156 393 Calenus
1188 356 1290 406 apud
1316 359 1480 394 Dionem
1505 358 1601 394 libro
1620 358 1672 398 46

262 413 410 450 deridet
430 416 470 450 in
491 420 626 450 senatu
643 407 847 450 Ἀνέκὸοτα
869 424 981 461 saepe
1002 413 1084 461 ipse
1106 413 1297 458 nominat,
1326 413 1391 449 lib.
1413 417 1438 453 2
1460 414 1567 462 epist.
1585 414 1609 451 6
1635 418 1673 448 et

259 470 328 504 lib.
351 469 398 508 14
416 471 527 518 epist.
549 469 598 506 17
622 466 670 503 ad
689 468 882 504 Atticum:
912 466 1016 517 quod
1039 480 1125 502 eam
1151 466 1207 513 (in
1226 479 1300 516 qua
1318 468 1564 514 Senatorum,
1592 470 1672 503 No-

259 524 446 559 bilinmve
473 523 695 572 aequalium
723 534 783 558 res
808 528 955 570 gestas,
984 534 1133 568 mores,
1164 523 1357 572 vitamque
1383 523 1568 571 carperet)
1594 535 1672 558 non

261 580 367 625 aliis,
398 577 466 614 secl
488 579 582 623 sibi,
611 578 900 627 Pomponioque
925 589 1013 623 suo,
1046 584 1087 616 et,
1102 577 1315 626 posteritati
1337 577 1534 614 scribebat.
1589 576 1675 613 Ita-

261 647 344 683 que,
373 635 436 679 ait,
468 629 656 671 ἀνέκδοτα
678 646 704 668 a
722 631 845 678 nobi-5,
875 645 976 681 quae
995 631 1069 668 tila·
1085 634 1155 667 uni
1173 631 1362 681 legamuS,
1398 632 1672 681 leeopompino

256 702 404 738 genere,
435 695 508 723 aut
527 689 646 723 etiam
664 689 857 737 asperiore
876 687 1014 734 multo,
1036 694 1274 736 pangentur.
1330 689 1427 722 Nam
1449 685 1676 736 Theopom-

259 756 332 792 pus
342 741 459 779 Chius
469 741 586 779 homo
598 739 896 792 πολυπράγμων,
917 743 1084 778 nimiam
1104 742 1323 778 alienarum
1341 754 1468 784 rerum
1487 743 1676 788 curiosus,

260 798 472 833 multorum
502 798 722 848 aequalium
744 798 865 833 vitam
890 798 931 833 in
954 796 1113 834 historia
1139 798 1354 846 sugillavit,
1385 808 1502 846 quam
1518 802 1565 832 ‘ut
1587 794 1677 832 edie-

261 852 338 899 dit,
369 853 533 889 aliorum
554 852 742 889 invidiam
768 853 942 901 collegit,
973 859 1008 888 et
1034 853 1246 888 Ptolemaei
1263 853 1541 901 Aegyptiorum
1563 852 1676 900 regis,

262 921 284 943 a
305 920 379 958 quo
399 921 517 957 prope
536 908 621 954 suit,
645 914 688 944 ut
706 909 898 952 interiret,
930 908 1041 944 sicuti
1058 905 1219 944 Photius
1240 914 1296 943 est
1316 914 1434 945 autor.
1491 907 1533 942 ln
1553 906 1676 942 fronte

260 961 378 998 huius
401 963 489 998 libri
509 959 711 1002 Ἀνέκδοτα
740 963 1055 1012 praescripsimus
1084 975 1134 998 ex
1156 961 1297 1008 saida,
1328 969 1365 998 et
1390 963 1444 998 ita
1471 967 1678 1011 praenota-

261 1025 348 1054 tum
372 1017 544 1053 codicem
569 1019 723 1054 Ioannis
744 1019 936 1055 Vincentii
959 1018 1121 1064 Pinelli,
1151 1019 1218 1068 qui
1248 1015 1422 1053 viderunt
1447 1018 1582 1052 Petrus
1610 1016 1678 1052 Pi-

260 1072 398 1119 theus,
424 1079 462 1108 et
482 1071 630 1108 Gnidus
651 1073 895 1118 Paucirolus,
926 1072 1139 1119 affirmant,
1163 1085 1254 1108 nam
1271 1080 1431 1123 uterque
1460 1071 1585 1108 codex
1600 1072 1679 1108 Va-

262 1129 412 1164 ticanus
450 1133 488 1163 et
520 1128 737 1176 scriptoris,
769 1133 807 1162 et
835 1127 961 1176 operis
991 1128 1102 1163 titulo
1143 1129 1298 1163 omuino
1335 1127 1537 1164 destitutus
1577 1132 1678 1172 erat3

263 1195 382 1233 quam
399 1189 532 1218 notam
550 1183 656 1229 olim,
688 1180 826 1218 eodem
842 1188 939 1218 teste
957 1181 1089 1228 Suida,
1118 1183 1343 1231 praetulisse
1364 1181 1464 1218 hanc
1480 1180 1679 1218 historiam

263 1237 479 1284 credimus,
509 1237 556 1272 ab
586 1239 670 1287 ipso
705 1238 867 1274 fortasse
893 1238 1079 1286 Procopio
1109 1236 1297 1283 inditam,
1330 1244 1374 1273 ut
1402 1249 1493 1273 suae
1524 1236 1680 1272 Tunius

263 1291 429 1328 eandem
447 1291 658 1336 indiderat,
690 1291 862 1343 quandiu
883 1293 1029 1329 scilicet
1051 1293 1152 1328 clam
1174 1293 1268 1329 alios
1293 1299 1372 1329 erat
1390 1293 1486 1328 etin
1509 1303 1596 1328 arca
1618 1303 1683 1326 re-

263 1347 442 1393 conditaz,
471 1360 564 1384 nam
589 1348 735 1398 alioqui
765 1346 1013 1384 historiarum
1040 1349 1217 1397 Procopii
1244 1348 1343 1384 liber
1370 1360 1495 1384 nonus
1525 1345 1590 1383 hic
1618 1347 1682 1381 in-

261 1402 486 1440 scribendus
518 1410 595 1450 est,
627 1405 769 1454 quippe
801 1404 868 1453 qui
896 1403 985 1439 illos
1017 1402 1150 1439 ordine
1179 1409 1379 1453 sequatur,
1408 1410 1450 1439 ut
1476 1414 1523 1439 ex
1546 1401 1681 1451 primis

260 1460 392 1495 statim
413 1459 539 1507 verbis
557 1459 695 1509 liquet.
749 1456 988 1508 Nicephorus
1010 1459 1158 1494 Callisti
1183 1458 1209 1497 l.
1230 1460 1279 1498 17
1299 1471 1332 1494 c.
1355 1459 1418 1497 10.
1440 1453 1681 1506 Ἀντίρῤησιν

258 1513 334 1550 hoc
362 1527 459 1564 opus
489 1515 679 1564 appellat,
711 1515 831 1564 qaas-i
850 1515 1075 1550 retractatio
1101 1514 1154 1548 sit
1179 1527 1330 1561 earum,
1360 1518 1401 1548 ut
1428 1513 1502 1557 ait,
1532 1512 1683 1546 oratio-

258 1582 380 1611 nam,
409 1583 511 1619 qaas
537 1567 648 1619 apud
666 1566 936 1606 lastinianum
962 1567 1155 1604 laudibus
1178 1581 1262 1605 eum
1293 1567 1426 1603 selben-9
1453 1564 1618 1611 habuit,
1646 1572 1682 1601 et

260 1622 455 1674 quaedam
475 1623 712 1674 palinodia,
739 1637 809 1661 seu
831 1625 1048 1661 recantatio
1069 1623 1202 1657 minus
1225 1627 1321 1656 recte
1343 1620 1394 1656 ab
1416 1634 1456 1656 eo
1477 1594 1682 1656 diotou’cm.

259 1680 454 1716 Nimirum
469 1678 627 1724 indicat,
655 1678 761 1713 hunc
785 1692 826 1713 se
846 1680 1007 1713 minime
1032 1676 1176 1712 librum
1197 1675 1339 1713 vidisse
1363 1673 1611 1725 Nicephorus,
1639 1681 1683 1711 ut

260 1736 301 1771 in
323 1733 465 1770 iudicio
488 1732 536 1769 de
554 1731 629 1770 hoc
647 1745 763 1782 opere
782 1732 966 1768 lectorem
987 1732 1314 1780 praemonuimus.

371 1790 417 1825 P.
440 1787 502 1836 14,
527 1789 566 1827 1.
620 1786 859 1825 Adolescens
879 1788 1035 1824 nomine
1065 1785 1329 1836 Theodosias]
1365 1784 1429 1822 Ad
1447 1797 1492 1821 ea
1515 1798 1613 1835 quae
1634 1783 1682 1821 de

261 1843 487 1882 Theodosio
505 1844 653 1880 minute
670 1849 800 1880 narrat
818 1843 1041 1892 Procopius,
1065 1840 1184 1888 adde3
1215 1842 1263 1879 ab
1280 1839 1500 1891 Epiphanio
1519 1841 1684 1891 patriar·-

263 1899 339 1937 clia
358 1899 781 1949 Constantinopolitano
803 1911 911 1935 sacro
938 1898 1069 1934 statim
1095 1897 1271 1934 ablutum
1291 1897 1443 1933 lavacro
1473 1895 1599 1946 (cuius
1619 1894 1684 1932 hic

263 1955 411 1992 mentio
441 1953 524 2004 est)
555 1955 706 1991 iussum
731 1952 988 1991 conscendere
1018 1954 1298 2002 praetorianam
1325 1952 1502 1988 Belisarii
1529 1963 1682 1997 navem,

264 2018 308 2047 ut
333 2011 460 2047 fausto
484 2010 612 2046 omine
631 2011 818 2060 Byzantio
843 2010 1007 2046 solveret
1031 2009 1187 2055 classis,
1221 2019 1339 2074 quam
1365 2007 1432 2043 ille
1461 2005 1652 2042 ducebat'
1642 2019 1685 2042 ιιι

263 2067 450 2102 Africam.
507 2067 668 2115 Procop.
698 2067 728 2102 1.
755 2067 777 2104 1
808 2064 899 2101 bell.
926 2062 1050 2101 Vand.
1081 2059 1278 2102 Ἐνταῦθα
1304 2057 1548 2129 Ἐπιφᾶνιος
1565 2059 1586 2100 ὁ
1614 2063 1686 2110 τῆς

263 2117 414 2166 πόλεως
443 2115 642 2171 ἄρχιερευς
673 2116 935 2169 ἀφικόμενος,
975 2114 1187 2168 ευξάμενός
1212 2132 1251 2157 τε
1282 2130 1353 2156 οσοι
1383 2113 1486 2164 εἰκός
1515 2110 1571 2166 ’ἦν
1606 2118 1686 2154 τῶν

265 2172 353 2214 τινοὶ
379 2177 622 2238 στρατιωτῶν
643 2171 731 2226 ἄρτι
750 2175 1075 2225 βεβαπτισμένον,
1103 2188 1169 2212 και
1197 2188 1266 2212 του
1292 2184 1523 2223 χριστιανων
1544 2166 1687 2222 ὀνόμα-

264 2245 331 2276 τος
350 2225 608 2280 μεταλαχόντα
627 2229 683 2276 εἷς
698 2227 770 2280 τὴν
787 2231 889 2268 ναῦν
909 2228 1135 2280 εἰσεβίβασε.
1190 2229 1286 2264 Huc
1306 2226 1559 2278 Epiphaniae
1576 2225 1687 2262 urbia

264 2287 431 2323 antistes
457 2285 561 2321 venit
571 2283 810 2335 ‚su-sieque,
842 2291 887 2320 ut
909 2297 986 2334 par
1004 2291 1106 2333 erat,
1135 2281 1193 2319 ad
1208 2282 1323 2319 deum
1342 2282 1552 2332 precibus,
1579 2281 1686 2318 mili-

170 2348 202 2382 Α
220 2347 243 2381 3
266 2349 361 2388 tem,
393 2341 462 2390 qus·
496 2353 618 2390 nuper
649 2341 693 2376 in
719 2340 913 2390 baptismo
941 2353 1078 2376 nomen
1104 2338 1260 2376 Christo
1278 2337 1456 2386 dederat,
1485 2338 1528 2373 ι’νι
1549 2348 1687 2373 navem

265 2396 446 2434 immisit.
510 2394 621 2432 Idem
651 2394 899 2433 Theodosius
940 2394 1077 2432 domus
1109 2395 1287 2431 Belisarii
1318 2394 1501 2442 magister
1532 2391 1625 2428 alibi
1664 2404 1688 2428 a

263 2451 450 2501 Procopio
475 2460 651 2498 vocatur,
683 2453 790 2488 cuius
817 2449 1005 2488 industria
1035 2463 1123 2486 cum
1150 2451 1192 2486 in
1220 2450 1371 2495 Africa,
1400 2454 1484 2484 tum
1506 2447 1548 2482 in
1575 2447 1688 2483 Italia.

267 2519 360 2544 usus
378 2512 435 2543 est
451 2507 674 2553 Belisarius‚
703 2513 747 2542 ut
765 2505 814 2542 ad
835 2507 1004 2555 Vitigem
1021 2518 1090 2555 pro
1110 2505 1222 2540 rebus
1242 2504 1479 2552 gravissimis
1494 2503 1687 2549 mitteret3

269 2569 330 2610 et,
361 2559 501 2608 ἄλλους
519 2561 586 2600 καὶ
610 2558 823 2601 Θεοδόσιον
844 2559 914 2600 τὸν
935 2564 985 2614 τῇ
1008 2560 1112 2612 οἰκίᾳ
1137 2555 1258 2598 αὐτοῦ
1285 2559 1497 2609 ἐφεστῶτα,
1526 2557 1629 2593 alios
1652 2563 1690 2594 et

276 2616 535 2656 Theodosium
551 2630 648 2654 suae
672 2615 813 2653 domu-5·
830 2616 1082 2666 praefectum.
1136 2616 1296 2664 Procop.
1315 2615 1340 2652 l.
1359 2617 1385 2654 2
1405 2613 1498 2649 bell.
1516 2610 1648 2650 Gotth.

380 2675 424 2711 P.
439 2671 502 2720 14,
520 2671 558 2712 4.
591 2673 678 2722 Quo
692 2669 922 2722 Christiana
931 2684 1034 2708 more
1047 2669 1445 2719 consueveruntfilioa
1459 2665 1688 2716 adsciscere]

270 2732 354 2768 Hoc
382 2736 440 2768 est
467 2730 567 2767 inter
598 2741 722 2767 sacras
750 2727 938 2778 Baptismi
963 2725 1211 2765 ceremonias.
1267 2725 1430 2764 Sanetus
1453 2721 1695 2773 Nicephorus·
