1754 3132
193 178 252 221 10
775 180 1037 224 PROCOPII

47 533 79 567 V
93 535 168 614 {72
182 517 326 588 “Oua
348 546 420 599 μὲν
447 540 516 587 οὖν
533 543 740 599 Ῥωμαίων
759 549 814 603 τῷ
834 545 931 600 γένει
951 545 991 588 ἕν
1010 563 1051 588 τε
1073 543 1258 598 πολέμοις
1277 543 1366 598 ἄχρι
1386 545 1503 599 δεῦρο
1524 546 1616 593 ξυν-

189 614 342 668 ηνέχθη
365 612 573 668 γενέσθαι,
611 612 710 669 τῇδέ
735 630 802 667 μοι
831 610 1083 668 δεδιήγηται,
1125 606 1227 668 ᾗπερ
1257 610 1428 654 δυνατὸν
1453 607 1616 665 ἐγεγόνει

189 685 270 723 τῶν
288 678 468 734 πράξεων
485 679 558 729 τὰς
577 677 769 733 δηλώσεις
789 677 948 728 ἁπάσας
967 681 1028 721 ἐπὶ
1047 683 1194 734 καιρῶν
1210 695 1252 720 τε
1272 679 1337 720 καὶ
1352 678 1510 733 χωρίων
1530 677 1615 719 ἔπι-

188 747 355 802 τηδείων
389 745 655 804 ἆρμοσαμένῳ
672 758 681 767 ·
719 747 769 788 τὰ
798 747 840 788 δὲ
872 748 1032 789 ἐνθένδε
1065 746 1136 789 οὐκ
1156 746 1212 788 ἔτι
1230 763 1299 799 μοι
1320 742 1454 801 τρόπῳ
1478 748 1536 801 τῷ
1561 746 1615 787 εἶ-

191 814 347 870 ρημένῳ
371 814 631 869 ξυγκείσεται,
669 814 749 856 ἐπεὶ
775 815 955 856 ἐνταῦθα
975 812 1213 870 γεγράψεται
1233 811 1388 864 πάντα,
1419 808 1550 853 ὁπόσα
1567 810 1648 864 δὴ5

190 879 376 934 τετύχηκε
403 880 590 934 γενέσθαι
619 879 849 934 πανταχόθι
882 885 953 935 τῆς
973 879 1179 934 Ῥωμαίων
1207 880 1346 934 ἀρχῆς.
1415 878 1541 920 αἶ’τιον
1560 878 1616 929 δὲ,

192 947 254 990 ὅτι
284 947 335 1002 δὴ
374 947 447 1001 οὐχ
481 945 566 989 οἷόν
586 965 626 989 τε
647 943 696 1000 ἦν
712 946 927 1004 περιόντων
947 948 1003 990 ἔτι
1023 953 1103 990 τῶν
1123 947 1226 989 αὐτὰ
1245 945 1510 1000 εἰργασμένων
1537 943 1617 1001 ὅτῳ

102 1014 130 1047 P
154 1015 177 1049 2
198 1017 263 1057 δεῖ
277 1013 586 1070 ἀναγράφεσθαι
613 1013 763 1072 τρόπῳ.
833 1014 923 1056 οὔτε
940 1015 1015 1069 γὰρ
1036 1017 1244 1056 διαλαθεῖν
1263 1009 1402 1066 πλήθη
1421 1009 1621 1053 κατασκό-

193 1099 280 1124 πων
308 1079 392 1124 οἷόν
419 1097 461 1122 τε
494 1077 543 1134 ἦν
574 1081 664 1123 οὕτε
695 1081 939 1137 φωραθέντα
957 1081 1014 1135 μὴ
1035 1081 1280 1123 ἀπολωλέναι
1301 1076 1469 1135 θανάτῳ
1497 1079 1621 1120 οῗκτί-

195 1165 277 1206 στῳ
293 1161 302 1171 ·
339 1147 432 1190 οὐδὲ
453 1148 528 1203 γὰρ
551 1149 613 1190 ἐπὶ
633 1152 714 1190 τῶν
732 1152 927 1203 συγγενῶν
947 1154 1031 1196 τοῖς
1049 1166 1090 1203 γε
1114 1145 1367 1195 οῗκειοτάτοις
1387 1145 1431 1188 τὸ
1454 1150 1623 1201 θαρρεῖν
1635 1155 1676 1188 10

195 1214 313 1268 εἶχον.
385 1214 488 1255 ἀλλὰ
514 1216 578 1255 καὶ
606 1219 767 1256 πολλῶν
790 1219 869 1255 τῶν
894 1215 934 1256 ἔν
955 1221 1039 1263 τοῖς
1061 1214 1290 1269 ἔμπροσθεν
1311 1210 1440 1267 λόγοις
1465 1211 1622 1266 εἰρημέ-

195 1299 276 1324 νων
310 1278 634 1335 ἀποκρύψασθαι
663 1280 736 1329 τὰς
767 1282 898 1329 αι’τιάς
927 1279 1203 1336 ἠναγκάσθην.
1273 1280 1326 1321 τὰ
1357 1276 1446 1321 τότε
1475 1278 1516 1320 δ’
1552 1274 1623 1320 οὖν

193 1349 291 1397 τέως
312 1347 469 1402 ἄρρητα
496 1349 688 1401 μείναντα
710 1349 774 1388 καὶ
794 1352 873 1389 τῶν
896 1346 1127 1402 ἔμπροσθεν
1145 1346 1426 1401 δεδηλωμένων
1447 1342 1626 1387 ἐνταῦθά

193 1433 262 1470 μοι
281 1420 354 1457 τοῦ
374 1413 494 1469 λόγου
514 1415 588 1464 τὰς
607 1415 737 1463 αἰτίας
754 1419 929 1468 σημῆναι
952 1413 1093 1467 δεήσει.
1162 1412 1264 1456 ἀλλά
1282 1431 1351 1467 μοι
1368 1415 1420 1462 εἲς
1440 1410 1624 1468 ἀγώνισιν

285 1551 319 1588 4.
359 1551 507 1588 ἐνθένδε
547 1552 650 1586 Alem.
695 1553 806 1597 Vulgo
844 1552 992 1588 ἐνθάδε.
1129 1554 1160 1587 7.
1201 1551 1257 1587 ὅτι
1296 1551 1364 1596 δή]
1405 1549 1451 1596 δὴ
1489 1562 1552 1586 om.
1585 1551 1625 1584 P.

283 1601 315 1634 8.
359 1599 434 1641 δεῖ]
479 1597 525 1642 δὴ
557 1599 585 1631 Α
626 1597 672 1641 (i.
707 1610 736 1631 e.
772 1598 877 1632 editio
912 1597 1145 1642 Lugdunensis
1177 1598 1386 1641 Alemanni).
1543 1596 1624 1629 ibid.

284 1642 410 1688 πλήθη
432 1641 670 1678 κατασκόπων
694 1662 736 1667 -
759 1643 1071 1687 προγεγενημένων
1102 1645 1162 1687 (p.
1188 1645 1248 1682 11,
1274 1643 1372 1686 18.)]
1408 1641 1627 1683 „Exordium

286 1695 383 1734 parte
416 1689 558 1722 maxima
588 1689 733 1722 mutilum
759 1689 790 1720 in
815 1690 963 1722 editione
990 1687 1203 1731 Lugdunensi
1236 1688 1292 1721 hic
1319 1688 1433 1721 damus
1458 1686 1626 1729 integrum

286 1745 328 1767 ex
355 1734 428 1767 MS.
451 1734 525 1767 cod.
550 1733 802 1767 Mediolanensi.
815 1737 837 1753 ‘⁴
873 1735 988 1767 Maur.
1042 1736 1089 1767 πλ
1112 1733 1131 1752 *
1156 1731 1274 1768 οἷόντε
1297 1728 1363 1776 ἦν,
1396 1730 1478 1766 οὔτε
1501 1743 1627 1774 φωρα-

286 1777 430 1814 θέντων
460 1778 510 1822 μή
542 1777 763 1814 ἀπολωλέναι
796 1778 950 1824 θανάτῳ
976 1779 1154 1822 οἰκτίστῳ.
1202 1777 1223 1813 ὀ
1245 1779 1264 1798 *
1289 1778 1466 1822 συγγενῶν
1488 1779 1566 1815 τοῖς
1589 1787 1627 1819 γε

290 1822 528 1864 οἰκειοτάτοις
559 1824 599 1859 τὸ
633 1823 787 1868 θαῤῥεῖν
819 1823 927 1868 εἶχον.
975 1824 994 1843 *
1018 1822 1106 1858 ἀλλὰ
1135 1824 1195 1858 καὶ
1218 1825 1359 1858 πολλῶν
1380 1823 1452 1857 τῶν
1475 1820 1514 1856 ἐν
1535 1821 1554 1840 *
1579 1821 1627 1856 εἰ·

290 1868 452 1914 ρημένων
488 1867 778 1912 ἀποκρύψασθαι
809 1869 875 1908 τάς
906 1869 1026 1908 αἰτίας
1058 1867 1306 1913 ἠναγκάσθην.
1353 1868 1432 1903 τότε
1455 1865 1493 1902 δ’
1518 1862 1585 1901 οὖν
1609 1864 1627 1884 *

289 1917 350 1950 καὶ
372 1917 444 1950 τῶν
467 1913 673 1958 ἔμπροσθεν
697 1914 951 1958 δεδηλωμένων
976 1913 1035 1948 ἐντ
1058 1914 1076 1934 *
1101 1913 1190 1949 ἀλλά
1211 1926 1274 1957 μοι
1300 1912 1336 1953 ἐς
1359 1912 1533 1957 ἀγώνισιν
1557 1909 1627 1946 ἑτέ-

291 1973 359 2005 ραν
392 1961 488 1995 ἰόντι
520 1960 538 1980 *
573 1959 744 2005 θεοόαίρᾳ
774 1959 1020 2006 βεβιωμένων,
1054 1961 1101 2004 βα
1125 1959 1143 1980 *
1168 1960 1373 2004 ξυμβαίνει,
1406 1957 1461 1994 ὅτι
1493 1955 1538 2000 δή
1566 1968 1631 1999 μοι

291 2004 338 2040 τὰ
370 2006 389 2026 *
419 2004 652 2049 φανησόμενα
683 2010 761 2045 τοῖς
792 2004 856 2040 ὄπι
878 2005 897 2024 *
920 2004 1159 2047 παλαιοτέραν
1187 2004 1255 2050 τήν
1277 2003 1368 2047 ἆκοη
1392 2003 1411 2023 *
1434 2003 1453 2023 *
1476 1999 1632 2044 εὔπορος

292 2047 364 2085 ὑπὸ
400 2048 565 2093 ἀμαθίας
592 2049 615 2093 ἦ
647 2049 682 2091 ἒς
712 2052 784 2084 τῶν
809 2063 827 2085 ο
850 2049 1091 2095 γεγενημένων
1120 2052 1160 2083 A.
1296 2050 1348 2084 12.
1371 2045 1628 2091 ἠναγκάσθην]

290 2094 524 2140 ἠναγκάσμην
557 2107 674 2141 apogr.
704 2095 814 2129 Holst.
952 2096 1005 2130 13.
1039 2093 1178 2139 ἄρρητα
1211 2105 1327 2139 apogr.
1359 2093 1469 2127 Holst.
1517 2088 1629 2136 οἷπόῤ-

290 2141 383 2187 ρητα
406 2142 444 2175 Ρ.

203 2237 403 2304 Romanae
435 2267 529 2311 genti
552 2279 637 2313 quae
661 2266 703 2300 ad
728 2268 814 2300 hanc
838 2267 941 2300 ferme
964 2265 1049 2300 diem
1073 2267 1107 2300 in
1127 2265 1257 2300 bellicis
1281 2263 1551 2308 expeditionibus
1573 2273 1630 2298 ac-

203 2321 339 2360 cidere,
372 2320 422 2352 ita
448 2318 546 2362 plane
570 2317 726 2358 narravi,
754 2321 791 2350 ut
824 2328 935 2350 rerum
957 2322 1126 2360 gestarum
1149 2319 1288 2349 eventus
1311 2315 1379 2348 suis
1403 2314 1526 2359 quique
1549 2317 1633 2347 tem—

229 2365 342 2399 oribus
375 2376 413 2398 ac
446 2363 548 2403 locis,
582 2362 691 2406 quoad
715 2362 785 2395 eius
809 2362 883 2395 fieri
906 2361 1033 2405 potuit,
1065 2361 1330 2404 disponerentur.
1377 2360 1476 2393 Nunc
1501 2358 1632 2402 reliqua

229 2410 295 2444 aud
318 2410 400 2442 libet
423 2407 521 2441 simili
548 2408 679 2442 ratione
710 2407 939 2450 distinguere,
971 2417 1041 2439 cum
1075 2406 1108 2438 in
1139 2406 1226 2438 hunc
1255 2406 1360 2438 locum
1392 2403 1557 2438 coniicere
1588 2402 1633 2436 sit

205 2455 334 2489 animus
362 2465 449 2498 quae
479 2454 621 2496 sparsim
659 2452 693 2484 in
729 2451 855 2484 ditione
878 2452 1027 2484 Romana
1050 2450 1228 2494 contigere.
1275 2449 1424 2482 Huiusce
1445 2459 1527 2482 vero
1552 2458 1633 2481 con—

205 2500 272 2534 silii
296 2510 367 2533 eam
392 2498 497 2531 habeo
522 2508 664 2536 causam,
691 2497 780 2540 quod
803 2495 859 2529 illa
883 2496 1031 2529 scribere
1058 2506 1124 2539 qua
1146 2494 1285 2528 maxime
1307 2494 1438 2527 ratione
1460 2492 1632 2537 oportuis-

207 2549 278 2585 set,
311 2554 518 2588 nequaquam
542 2542 701 2587 expedire
723 2546 791 2574 tum
816 2540 894 2573 mihi
915 2541 1111 2580 videbatur,
1141 2551 1212 2573 cum
1236 2539 1411 2572 etiamnum
1434 2537 1634 2581 superstites

207 2591 339 2630 forent,
372 2588 428 2632 qui
455 2598 496 2620 ea
530 2590 792 2631 perpetrassent.
839 2585 940 2618 Certe
975 2585 1082 2618 latere
1112 2585 1187 2629 ipse
1219 2583 1342 2616 diutius
1365 2594 1430 2616 non
1455 2583 1633 2626 potuissem

207 2635 436 2679 exploratores
459 2632 580 2676 passim
605 2631 800 2675 dispositosa
825 2641 934 2673 neque
956 2629 1122 2674 supplicio
1146 2628 1370 2661 crudelissimo
1394 2638 1460 2661 non
1483 2627 1633 2667 interire,

209 2679 238 2712 si
264 2679 492 2724 deprehensus
516 2677 669 2710 fuissem:
702 2674 835 2719 quimdo
858 2686 921 2707 nec
942 2674 1104 2716 sanguine
1126 2673 1324 2717 propinquis
1347 2672 1454 2705 fidere
1475 2677 1550 2707 tuto
1575 2683 1634 2716 po-

211 2731 327 2759 teram.
374 2723 464 2763 Quin
487 2727 521 2755 et
542 2722 734 2759 multorum,
758 2731 844 2763 quae
866 2719 900 2752 in
923 2718 1154 2762 superioribus
1178 2717 1270 2751 tibris
1292 2717 1468 2751 memoriae
1490 2715 1634 2761 prodidi,

212 2769 311 2803 silere
343 2778 460 2803 causas
493 2772 630 2801 coactus
659 2777 739 2799 sum.
789 2765 902 2804 Quare
935 2774 1039 2797 meum
1063 2763 1130 2796 erit
1151 2763 1297 2797 officium
1321 2763 1355 2796 in
1378 2762 1440 2796 hac
1463 2765 1559 2806 parte
1582 2761 1634 2795 hi·
1675 2803 1678 2805 q
