1858 3126
365 175 459 224 324
803 203 806 206 ⁴
953 178 1216 223 PROCOPII

362 287 554 345 μηνύουσι
575 295 658 341 τοῖς
685 287 761 340 ἔξω
785 290 909 330 ἰοῦσιν
938 285 1060 346 ὁποίῳ
1081 290 1176 332 ποτὲ
1195 288 1369 345 θεάματι
1391 291 1559 345 ἐντυχεῖν
1584 290 1785 344 μέλλουσι.

363 356 588 414 προπύλαια
607 358 650 398 δὲ
669 357 714 398 τὸ
738 355 893 398 ἐνθένδε
914 355 1127 410 θαυμάσια
1151 353 1217 398 οἶα
1227 388 1240 408 ,
1275 359 1344 398 καί
1361 375 1419 408 τις
1439 359 1500 400 ἐπὶ
1520 356 1659 400 κιόνων
1680 359 1785 399 δυεῖν

365 425 598 481 ἔπαιρομένη
622 423 720 476 ἁψὶς
745 423 785 471 ἔς
811 420 965 478 ἄφατον
984 422 1103 477 ὕψος.
1170 423 1345 479 προϊόντι
1369 425 1412 465 δὲ
1435 423 1570 481 πρόσω
1590 423 1786 479 ἥμίκυκλα

366 490 463 542 δύο,
498 489 681 543 ἀλλήλοις
706 488 986 546 ἄντιπρόσωπα
1016 488 1259 546 ἑκατέρωθεν
1287 495 1358 544 τῆς
1389 491 1451 531 ἓπὶ
1481 491 1527 533 τὸ
1559 491 1661 548 ἱερὸν
1689 489 1784 531 ὁδοῦ

314 561 345 596 Β
367 556 525 600 ἱστᾶσι·
556 559 712 606 ξενῶνες
731 557 775 597 δὲ
792 560 861 610 τῆς
882 554 1017 613 ἑτέρας
1035 558 1101 613 ἐφ’
1124 555 1288 614 ἑκάτερα
1310 557 1394 608 δύο,
1418 557 1690 600 Ἰουστινιανοῦ
1705 562 1784 610 βα-
1797 563 1817 596 5

366 625 505 672 σιλέως
531 622 663 679 ἔργον·
699 622 836 679 ἅτερος
865 623 936 676 μὲν
964 624 1085 674 ξένοις
1115 624 1326 678 ἔνδημοῦσι
1356 623 1661 680 καταλυτῆριον,
1697 622 1718 665 ὃ
1746 624 1788 664 δὲ

366 691 417 744 δὴ
447 691 576 746 ἕτερος
606 688 921 746 ἀναπαυστήριον
949 695 1109 733 νοσοῦσι
1138 697 1317 744 πτωχοῖς.
1385 695 1523 732 τοῦτον
1552 691 1595 732 δὲ
1623 690 1690 732 τὸν
1718 694 1789 743 τῆς

365 756 557 799 θεοτόκου
586 757 682 799 νεὼν
705 756 977 807 ’Ῑουστινιανὸς
1004 758 1190 810 βασιλεὺς
1215 759 1280 799 καὶ
1306 755 1490 814 προσόδῳ
1511 757 1664 810 ἐτίμησε
1687 773 1789 812 χρη-

366 822 504 878 μάτων
523 822 716 878 μεγάλων.
781 823 831 865 τὰ
851 825 923 877 μὲν
947 819 1016 866 οὗν
1035 825 1076 867 ἓν
1094 823 1380 882 Ἱεροσολύμοις
1395 824 1653 880 Ἰουστινιανῷ
1671 827 1790 876 βασι-

369 895 432 932 λεῖ
445 892 696 946 πεπραγμένα
714 889 837 946 ταύτῃ
859 909 912 945 πη
933 890 1055 945 ἴσχεν.
1802 894 1844 928 10

317 961 346 995 C
501 957 546 1008 ζ’.
605 958 715 999 ’Ἐστι
737 958 781 999 δέ
797 975 857 1006 τις
881 956 993 1007 πόλις
1013 958 1074 999 ἐπὶ
1095 959 1386 1011 Παλαιστίνης,
1419 954 1618 1005 Νεάπολις
1643 953 1791 1007 ὄνομα·

369 1024 437 1081 ἔφ’
462 1018 510 1077 ἧς
538 1023 587 1077 δὴ
617 1023 710 1080 ὄρος
730 1022 888 1077 ὑψηλὸν
914 1024 1063 1077 ἀνέχει,
1095 1026 1257 1080 Γαριζὶν
1280 1024 1418 1077 ὄνομα.
1485 1028 1599 1065 τοῦτο
1631 1023 1673 1062 δὲ
1704 1021 1796 1076 ὅρος

370 1090 461 1132 κατ’
497 1089 622 1145 ἀρχὰς
642 1091 712 1141 μὲν
744 1090 781 1129 οἳ
804 1093 1049 1146 Σαμαρεῖται
1075 1089 1198 1143 εἶχον·
1234 1090 1288 1139 ὥς
1317 1090 1517 1144 εὖξόμενοί
1533 1106 1573 1131 τε
1593 1089 1817 1147 ἀνέβαινον-

370 1157 411 1206 ἐς
442 1157 513 1209 τὴν
545 1160 616 1198 τοῦ
645 1155 763 1212 ὅρους
795 1154 1044 1212 ὑπερβολὴν,
1078 1157 1217 1198 οὐδένα
1249 1158 1413 1207 ἀνιέντες
1444 1155 1602 1211 καιρόν·
1636 1154 1709 1208 οὐχ
1737 1154 1795 1195 ὅτι

371 1222 467 1265 νεών
494 1240 581 1264 τινα
606 1223 781 1264 ἐνταῦθα
810 1222 1115 1278 ᾠκοδομήσαντο
1143 1221 1319 1274 πώποτε,
1349 1223 1451 1264 ἀλλὰ
1480 1224 1550 1276 τὴν
1579 1221 1795 1277 ἀκρώρειαν
1809 1225 1850 1261 15

373 1290 495 1343 αὐτὴν
518 1288 725 1342 σεβόμενοι
750 1288 992 1343 ἐτεθήπεσαν
1013 1289 1167 1333 πάντων
1189 1289 1375 1343 μάλιστα.
1442 1287 1556 1343 ἡνίκα
1588 1290 1630 1330 δὲ
1650 1288 1800 1342 Ἰησοῦς

374 1355 394 1398 ὃ
419 1361 490 1399 τοῦ
518 1361 618 1398 θεοῦ
643 1363 757 1406 παῖς,
792 1357 833 1397 ἓν
865 1355 1020 1410 σώματι
1051 1355 1128 1407 ὢν,
1162 1364 1244 1406 τοῖς
1272 1359 1366 1412 τῇδε
1399 1355 1626 1411 ἀνθρώποις
1652 1353 1799 1407 ὡμίλει,

373 1425 525 1479 γέγονεν
552 1423 661 1479 αὐτῷ
689 1423 787 1479 πρὸς
808 1430 972 1477 γυναῖκα
995 1428 1073 1465 τῶν
1092 1441 1177 1466 τινα
1206 1426 1422 1479 ἐπιχωρίων
1441 1422 1643 1477 διάλογος·
1676 1419 1800 1475 ταύτῃ

374 1507 416 1532 τε
447 1490 508 1531 ἐπὶ
535 1494 593 1546 τῷ
623 1490 705 1546 ὄρει
732 1491 1011 1546 πυνθανομένη
1039 1489 1198 1532 ὑπεῖπεν
1226 1488 1280 1540 ὥς
1307 1489 1439 1547 χρόνῳ
1472 1488 1637 1546 ὕστερον
1665 1487 1738 1540 οὐχ
1764 1487 1802 1528 οἱ

375 1560 621 1611 Σαμαρεῖται
644 1557 981 1612 προσκυνήσουσιν
998 1559 1039 1599 ἓν
1058 1556 1184 1614 τούτῳ
1203 1561 1261 1613 τῷ
1281 1556 1382 1612 ὄρει,
1418 1556 1509 1598 ἀλλ’
1535 1557 1710 1597 ἐνταῦθα
1727 1554 1854 1599 ati-20

319 1629 351 1665 D
378 1624 445 1665 τὸν
477 1624 513 1664 οἱ
543 1624 726 1676 ‹karl-Qvi
757 1626 1020 1679 προσκυνηταὶ
1050 1622 1385 1679 προσκυνήσουσι,
1419 1622 1513 1671 τοὺς
1537 1620 1804 1677 Χριστιανοὺς

378 1688 694 1745 παραδηλώσας·
728 1689 873 1743 ἐγένετό
897 1707 936 1732 τε
960 1690 1164 1745 προϊόντος
1189 1694 1259 1731 τοῦ
1275 1688 1422 1745 χρόνου
1446 1688 1558 1744 ἔργον
1580 1686 1606 1743 ἦ
1627 1686 1804 1743 πρόρρη-

378 1774 453 1805 σις.
505 1756 550 1798 οὗ
572 1756 649 1811 γὰρ
672 1752 757 1796 οἷόν
780 1773 819 1796 τε
843 1751 889 1809 ἧν
910 1757 967 1810 μὴ
988 1757 1073 1809 οὐχὶ
1094 1757 1280 1809 ἀψευδεῖν
1302 1756 1370 1797 τὸν
1388 1754 1481 1796 ὅντα
1498 1754 1607 1797 θεόν.
1658 1755 1803 1809 ἐγένετο

379 1824 425 1864 δὲ
449 1822 583 1879 τρόπῳ
608 1824 759 1879 τοιῷδε.
827 1823 887 1863 ἐπὶ
907 1822 1094 1877 Ζήνωνος
1116 1822 1396 1876 βασιλεύοντος
1413 1822 1558 1878 ἀθρόοι
1575 1822 1805 1872 ἐξαπιναίως

475 1951 506 1984 1.
532 1946 612 1992 ἔξω]
636 1946 702 1981 ἔσω
725 1948 799 1982 Pm.
982 1950 1034 1983 19.
1057 1946 1223 1993 ὑπεῖπεν]
1246 1948 1325 1986 Vid.
1344 1947 1456 1983 Ioann.
1475 1949 1511 1984 4.
1554 1947 1673 1983 Mam.

382 2058 530 2093 indicent
549 2058 649 2103 quale
669 2058 895 2102 spectaculum
917 2058 1045 2091 nacturi
1072 2058 1148 2092 sint.
1193 2058 1283 2092 Exin
1308 2058 1503 2092 vestibulum
1530 2057 1742 2100 admirabile,
1773 2061 1808 2091 et

382 2114 481 2137 arcus
507 2103 665 2136 columnis
689 2103 794 2136 elatus
818 2102 954 2146 geminis
978 2103 1012 2136 in
1037 2103 1240 2136 altitudinem
1260 2103 1456 2137 immensam.
1502 2103 1808 2147 Progredientibus,

385 2147 498 2191 templi
516 2147 568 2180 via
585 2148 677 2181 binos
692 2157 842 2180 recessus
857 2148 1012 2191 utrinque
1027 2148 1128 2180 offert
1145 2148 1179 2181 in
1198 2148 1433 2181 semicirculum
1450 2148 1612 2191 sinuatos,
1634 2147 1810 2182 adversos-

385 2203 450 2236 que
471 2192 557 2225 inter
580 2203 628 2224 se.
676 2191 789 2224 Altera
813 2191 869 2224 via
886 2192 1069 2236 hospitales
1085 2192 1196 2226 domos
1211 2193 1292 2225 duas
1308 2192 1382 2225 hinc
1408 2193 1482 2226 inde
1496 2193 1616 2236 habet,
1637 2191 1808 2226 Iustiniani

385 2239 471 2280 Aug.
491 2247 593 2280 opus:
621 2237 705 2268 haec
720 2236 966 2281 peregrinorum
983 2240 1035 2269 est
1049 2237 1081 2269 in
1103 2238 1184 2271 urbe
1199 2237 1384 2280 degentium
1399 2237 1636 2280 diversorium3
1657 2237 1711 2270 illa
1724 2247 1809 2290 pau·

387 2292 501 2326 perum
526 2280 766 2323 aegrotantium
786 2281 893 2314 sedes.
941 2281 1047 2315 Porro
1073 2282 1136 2315 hoc
1159 2282 1318 2326 deiparae
1343 2282 1498 2326 templum
1521 2281 1702 2327 imperator
1723 2282 1809 2316 idem

385 2337 494 2360 annuo
510 2326 618 2358 reditu
635 2325 889 2358 luculentissimo
906 2325 1144 2360 cohonestavit.
1190 2327 1284 2360 Haec
1298 2326 1353 2360 ille
1367 2325 1606 2370 Hierosolymis
1619 2327 1709 2360 fecit.

475 2371 509 2405 7.
554 2369 645 2403 Urbs
669 2375 720 2403 est
742 2370 951 2403 Palaestinae
971 2371 1152 2415 Neapolis,
1176 2372 1229 2405 cui
1254 2382 1345 2405 mons
1369 2371 1477 2416 altus,
1499 2371 1644 2405 Garizim
1668 2369 1809 2412 nomine,

387 2415 539 2450 imminet.
587 2415 686 2448 Hunc
713 2414 790 2447 olim
815 2415 1015 2448 Samaritani
1041 2427 1114 2450 cum
1140 2416 1368 2460 possiderent,
1400 2415 1531 2450 assidue
1555 2416 1626 2450 eius
1650 2415 1808 2449 verticem

387 2461 610 2494 ascendebant
633 2459 831 2503 precationis
855 2471 971 2504 causa,
998 2471 1062 2494 non
1088 2461 1175 2504 quod
1199 2461 1287 2495 illum
1311 2460 1433 2505 templo
1456 2471 1596 2505 unquam
1624 2465 1807 2504 ornassent,

389 2505 447 2538 sed
463 2504 541 2548 quia
555 2504 694 2537 omnium
710 2504 849 2537 maxime
862 2505 968 2549 ipsum
983 2505 1207 2549 suspiciebant
1229 2516 1269 2538 ac
1290 2505 1545 2539 venerabantur.
1590 2505 1668 2546 Qua
1682 2509 1808 2550 tempe-

389 2553 477 2583 state
499 2549 597 2582 lasus
623 2549 675 2581 dei
699 2549 804 2590 filius,
828 2550 967 2582 humano
994 2554 1159 2594 assumpto
1184 2560 1343 2594 corpore,
1366 2550 1398 2583 in
1420 2549 1484 2584 illis
1505 2550 1655 2594 partibus
1678 2550 1807 2594 agebat,

391 2605 464 2627 cum
486 2593 661 2636 indigenae
683 2593 853 2627 cuiusdam
876 2604 979 2627 uxore
1003 2605 1184 2628 sermonem
1208 2594 1333 2629 habuit.
1377 2595 1463 2629 Tum
1487 2595 1529 2628 ab
1553 2595 1624 2640 ipsa
1642 2595 1684 2629 de
1700 2599 1808 2628 monte

389 2639 629 2682 interrogatus,
650 2638 836 2682 praedixit,
861 2642 989 2683 tempus
1003 2639 1128 2679 affore,
1150 2649 1216 2683 quo
1232 2650 1296 2672 non
1310 2638 1487 2673 adorarent
1500 2639 1700 2673 Samaritani
1720 2639 1753 2672 in
1768 2649 1807 2672 eo

390 2688 519 2726 monte,
541 2683 599 2717 sed
614 2683 658 2716 ibi
681 2683 752 2727 ipse
767 2682 962 2716 adoraretur
978 2693 999 2716 a
1012 2683 1104 2717 veris
1119 2683 1365 2717 adoratoribus:
1391 2684 1596 2718 Christianos
1609 2683 1736 2718 seilicet
1748 2683 1807 2716 de·

389 2727 554 2772 signabat.
599 2727 806 2761 Procedente
820 2732 973 2773 tempore
993 2729 1106 2762 verbis
1124 2729 1264 2763 accessit
1281 2729 1409 2762 exitus:
1434 2739 1543 2783 neque
1567 2728 1651 2762 enim
1674 2731 1807 2772 poterat

390 2773 519 2806 mentiri
535 2772 592 2817 qui
607 2772 689 2807 deus
708 2776 799 2807 erat:
821 2783 878 2807 res
893 2778 1001 2808 autem
1015 2773 1065 2808 ita
1082 2773 1200 2811 evenit.
1235 2772 1377 2809 Zenonis
1391 2773 1588 2820 principatu,
1603 2773 1711 2808 coiere
1726 2773 1806 2806 sub-
