1800 3126
282 138 378 184 368
729 142 787 187 ΙΝ
820 141 962 184 HIST.
995 141 1247 185 ARCANAM

279 247 389 300 quod
421 249 602 288 Iustinus
637 249 863 286 avunculus
901 249 1115 298 imperator
1149 257 1287 288 exacta
1315 252 1398 290 iam
1434 257 1530 289 esset
1566 258 1704 301 aetate,

277 313 313 342 et
348 307 589 356 reipublicae
622 303 815 356 gerendae
847 303 964 341 haud
999 305 1156 342 omnino
1178 308 1345 355 peritus,
1400 306 1497 347 Vide
1524 307 1625 345 infra
1654 306 1704 344 ad

276 374 317 412 p.
347 359 399 400 45
429 363 497 398 lin.
530 362 568 402 5.

387 418 433 453 P.
464 415 530 463 45,
560 418 599 455 9.
656 415 908 453 lastinianus
935 417 1087 453 sororis
1110 411 1240 466 filius]
1265 417 1311 452 In
1338 415 1483 454 Graeco
1513 423 1571 455 est
1598 411 1706 456 ἐδελ-

278 471 434 520 φιδοῦς,
463 474 518 508 sic
548 472 666 507 etiam
694 472 899 521 Evagrius,
929 478 967 508 et
995 473 1163 522 Cyrillus
1193 470 1532 522 Scythopolitanus
1561 475 1706 509 Proco-

277 528 333 577 pii
373 527 579 577 aequales3
623 525 887 577 Theophanes
923 540 1035 574 vero,
1079 534 1116 563 et
1154 528 1221 563 alii
1257 529 1486 577 posteriores
1525 524 1704 576 ἀνεψιὸν,

137 579 166 612 Ρ
191 579 256 613 104
279 583 507 618 Anastasius
538 581 860 619 Bibliothecarius
889 583 1004 619 vertit
1028 589 1220 631 nepotem,
1250 583 1417 619 Graecae
1445 583 1549 619 vocis
1579 583 1707 619 ambi-

160 624 190 657 A
211 625 255 658 21
281 639 470 686 gnitatem
499 643 673 684 secutus,
714 650 812 688 quae
849 645 934 674 tum
971 651 1022 674 ex
1050 639 1188 685 fratre,
1226 644 1312 674 tum
1348 651 1399 674 ex
1426 650 1553 674 sorore
1581 638 1707 674 fillum

135 1577 255 1614 v348

279 692 484 741 siguificat.
541 691 640 729 Vide
670 705 768 743 quae
797 705 914 743 supra
940 695 1161 730 notavimus
1190 692 1240 729 ad
1268 706 1307 743 p.
1330 694 1384 731 22
1411 693 1481 729 lin.
1507 692 1573 732 38.
1627 694 1708 728 La-

278 748 352 783 tini
382 748 464 784 eius
493 748 678 797 temporis
706 746 881 784 historici
910 750 1153 798 explicatius,
1183 749 1431 785 Marcellinus
1458 749 1499 783 in
1528 746 1709 784 chronico

281 815 324 838 ex
349 815 480 839 sorore
506 810 680 853 nepotem
710 802 834 840 dixit:
875 805 930 840 sic
960 805 1076 840 etiam
1106 802 1334 850 Iornandes,
1367 804 1435 854 qui
1464 815 1564 839 anno
1590 803 1709 839 Iusti-

280 858 390 893 niani
418 859 606 908 vigesimo
637 866 772 910 quarto
810 859 1021 906 scribebat,
1059 866 1097 896 et
1125 859 1385 895 Avunculum
1412 859 1605 895 Iustinum
1638 869 1710 908 ap-

280 913 463 962 pellavit,
505 926 647 964 nempe
688 915 824 951 matris
860 915 1065 951 Iustiniani
1101 915 1275 951 fratrem.
1331 913 1507 951 Andreas
1535 913 1709 949 Alciatus

281 969 310 1004 l.
341 966 388 1015 4,
432 968 625 1019 dispunct.
657 983 689 1007 c.
713 971 762 1016 7,
804 977 841 1006 et
870 970 1065 1006 Hubertus
1095 970 1246 1007 Goltius
1274 970 1317 1005 in
1344 970 1477 1016 fastis,
1506 969 1711 1005 Iustiniani

281 1030 486 1073 parentem
513 1026 706 1062 lustinum
733 1025 920 1062 fecerunt.
976 1026 1154 1062 Fortasse
1182 1026 1272 1076 quia
1299 1026 1354 1062 sic
1383 1036 1474 1061 eum
1495 1025 1537 1060 in
1565 1024 1713 1060 consti-

281 1079 496 1116 tutionibus
534 1092 651 1130 saepe
686 1081 925 1118 Iustinianus
962 1080 1203 1129 nominavit;
1246 1079 1316 1118 sed
1354 1078 1556 1132 adoptatus
1593 1085 1651 1117 est
1689 1090 1713 1115 a
1753 1087 1756 1091 ’

279 1134 451 1182 Iustino,
481 1147 561 1170 non
590 1137 758 1184 genitus.

389 1191 436 1225 P.
466 1188 532 1236 45,
565 1190 630 1229 10.
685 1191 827 1227 Aetate
854 1189 1004 1241 iunior]
1035 1190 1181 1227 Graece
1210 1196 1268 1227 est
1293 1190 1438 1242 κομιδῆ
1461 1187 1568 1236 νέος,
1590 1189 1714 1239 plane

279 1242 520 1282 adolescens.
577 1246 701 1290 Quoto
730 1245 867 1282 aetatis
897 1257 999 1281 anno
1028 1245 1078 1282 ad
1107 1246 1389 1295 rempublicam
1416 1245 1619 1281 accesserit
1645 1245 1714 1279 Iu-

278 1300 493 1347 sumanus,
537 1301 638 1336 inter
667 1301 847 1351 antiquos
876 1302 1080 1350 scriptores
1108 1312 1188 1336 non
1218 1301 1417 1346 convenit,
1454 1301 1585 1335 minus
1613 1300 1715 1335 inter

278 1357 529 1392 recentiores.
585 1355 783 1392 Hubertus
811 1354 1029 1406 Giphanius
1057 1357 1099 1391 in
1129 1367 1272 1391 comm.
1300 1353 1348 1391 de
1375 1355 1515 1391 lustin.
1544 1354 1616 1391 sub
1635 1355 1714 1390 Ze-

278 1422 384 1447 none
419 1412 653 1461 imperatore
682 1412 842 1448 consule
873 1412 1017 1448 Fausto
1045 1417 1200 1458 natum,
1239 1422 1291 1446 ex
1318 1410 1546 1446 Marcellino
1572 1409 1713 1456 refert3

279 1478 419 1502 verum
455 1465 497 1502 id
532 1467 574 1502 iu
602 1467 830 1502 Marcellino
858 1478 1055 1516 nusquam
1082 1466 1276 1515 legimus3
1320 1463 1567 1514 Theophilus
1595 1465 1715 1500 Iusti-

279 1522 389 1557 niani
429 1528 655 1572 praeceptor
689 1523 783 1558 licet
818 1522 890 1558 sub
920 1523 1078 1557 Zenone
1115 1527 1153 1557 et
1180 1521 1320 1558 Acacio
1354 1517 1571 1570 patriarcha
1599 1518 1716 1565 dicat,

281 1578 528 1613 consulatum
554 1584 687 1613 tamen
715 1578 862 1614 reticet.
918 1577 1131 1613 Panvinius
1158 1577 1187 1612 l.
1214 1578 1239 1615 3
1267 1576 1479 1622 fastorum,
1517 1587 1619 1611 anno
1648 1586 1718 1610 ae-

280 1633 373 1668 tatis
404 1639 540 1683 quarto
571 1639 610 1669 et
647 1632 945 1683 quadragesimo
983 1633 1195 1682 imperium
1223 1632 1393 1681 cepisse,
1429 1630 1540 1666 nullo
1569 1636 1716 1678 autore,

280 1694 436 1734 narrat3
466 1687 630 1724 fortasse
660 1689 810 1738 accepit
838 1700 860 1724 a
887 1690 1059 1734 Zonara,
1090 1688 1158 1737 qui
1187 1687 1368 1736 quintum
1395 1692 1434 1722 et
1465 1684 1719 1736 quadragesi-

282 1756 395 1779 mum
433 1749 540 1779 notat
578 1756 738 1779 annum.
795 1744 975 1792 Pugnare
1010 1749 1144 1778 tamen
1182 1754 1316 1778 secum
1342 1742 1514 1778 Zonaras
1548 1739 1716 1788 videtur,

281 1799 351 1834 ubi
385 1805 515 1834 narrat
552 1800 746 1835 Iustinum
775 1799 1013 1834 avunculum
1051 1810 1248 1834 recusasse
1275 1798 1535 1833 Iustiniauum
1561 1796 1717 1846 imperii

282 1854 434 1890 socium
461 1852 626 1900 habere,
656 1860 773 1904 atque
801 1852 844 1889 id
871 1853 1099 1903 urgentibus
1128 1852 1369 1902 principibus
1399 1850 1568 1898 dixisse3
1604 1850 1718 1887 vobis

283 1908 506 1958 optandum
534 1915 590 1944 est
617 1922 675 1945 ne·
691 1908 797 1945 lzanc
818 1922 1048 1958 purpuram
1075 1909 1207 1945 iunior
1242 1908 1394 1958 aliquis
1421 1905 1587 1944 induat.-
1622 1918 1717 1942 nam

283 1977 363 2000 non
401 1971 458 2001 est
494 1965 624 2001 iunior
664 1965 732 2014 qui
762 1966 935 2014 quinque
965 1970 1004 2000 et
1033 1963 1290 2014 quadraginta
1327 1975 1518 1999 annorum
1554 1968 1624 1998 est.
1680 1963 1717 1998 A

282 2022 435 2056 Zonara
464 2032 604 2069 parum
637 2018 829 2069 discrepat
855 2018 1116 2068 Nicephorus‚
1156 2020 1224 2068 qui
1258 2030 1358 2054 anno
1395 2018 1530 2053 aetatis
1560 2023 1718 2066 octoge-

284 2077 384 2112 simo
413 2073 584 2111 secundo
604 2076 864 2111 Iustinianum
892 2074 1034 2111 obiisse
1058 2074 1203 2110 scribit.
1262 2071 1467 2110 Scholium
1491 2072 1538 2108 ab
1567 2071 1718 2108 erudito

282 2132 366 2167 viro
398 2129 634 2179 descriptum
666 2131 762 2165 olim
790 2128 938 2165 offendi
971 2131 1011 2165 in
1047 2129 1311 2178 manuscripto
1343 2129 1543 2166 Vaticano.
1601 2129 1720 2166 Kane-

284 2186 467 2225 σταντίνα
494 2184 524 2235 ἦ
551 2181 696 2235 γαμετή
727 2185 958 2236 Μαυρικίου
988 2182 1194 2237 ἐγέννησεν
1221 2181 1330 2228 υἱὸν,
1368 2180 1417 2224 ὃν
1445 2180 1466 2222 ὁ
1494 2182 1721 2234 Μαυρίκιος

284 2236 510 2291 ἐπωνόμαζε
540 2237 758 2280 Θεοδόσιον.
815 2242 895 2278 τῶν
932 2233 1007 2278 οὖν
1033 2238 1209 2279 Βενέτων
1247 2234 1474 2291 κραζόντων
1500 2233 1720 2277 Ἰουστινια-

285 2294 354 2336 νόν
382 2298 609 2340 καλεῖσθαι,
653 2294 694 2334 οἱ
723 2290 919 2346 Πράσινοι
948 2293 1108 2347 ἔκραζον
1138 2290 1370 2342 Θεοδόσιον,
1406 2290 1472 2332 διᾶ
1500 2289 1543 2333 τὸ
1576 2288 1720 2333 Θεοδό-

286 2364 374 2391 σιον
408 2347 477 2389 τόν
517 2348 676 2400 βασιλέα
712 2346 933 2401 ὄρθόδοξον
967 2349 1175 2403 γενέσθαι,
1216 2349 1283 2388 καὶ
1321 2345 1445 2389 πολλοὶ
1482 2347 1547 2398 ἔτη
1595 2349 1719 2398 ζῆσαι.

284 2405 456 2458 ἤρξαντο
487 2401 561 2445 οὖν
589 2405 630 2444 οἷ
652 2404 809 2444 Βένετοι
838 2404 982 2457 λέγειν,
1027 2403 1075 2445 τοὶ
1113 2404 1344 2456 δωρηθέντα
1381 2403 1445 2454 ἔτη
1474 2405 1531 2454 τῷ
1566 2397 1720 2442 Ἰουσι-ι-

285 2464 412 2515 νιανῷ
441 2459 464 2501 ὁ
492 2456 642 2511 Κύριος
677 2457 870 2511 παράσχοι
899 2474 961 2500 σοι
997 2460 1039 2500 ἒν
1076 2457 1234 2514 εἰρήνῃ,
1274 2459 1335 2499 ὅτι
1363 2458 1438 2498 εἰσὶ
1475 2453 1510 2497 ‘7'
1546 2456 1611 2508 ἔτη
1651 2457 1719 2497 καὶ

286 2518 420 2557 πλείω.
486 2515 514 2566 ἦ
550 2513 623 2567 γὰρ
669 2513 745 2565 ζωή
788 2518 860 2555 τοῦ
898 2515 1085 2566 βασιλέως
1125 2515 1338 2554 Θεοδοσίου
1375 2512 1525 2566 ἐγένετο
1562 2513 1626 2564 ἔτη
1666 2508 1718 2553 ν’.

291 2573 558 2609 Constantina
587 2571 779 2607 Mam-itta·
814 2573 955 2608 coniux
985 2572 1124 2618 fillum
1150 2571 1313 2620 genuit,
1356 2582 1471 2619 quem
1498 2569 1720 2607 Mauritius

293 2627 556 2665 Theodosium
589 2627 835 2671 nominavit5
874 2633 917 2662 at
952 2627 1089 2663 Veneti
1125 2625 1398 2662 lastinianum
1436 2622 1720 2674 appellandum

290 2682 594 2720 contendebant.-
623 2688 761 2717 contra
787 2683 955 2718 Prasiai
989 2679 1265 2730 Theodosium,
1304 2677 1415 2731 quod
1441 2680 1508 2716 ille
1534 2676 1718 2716 orthodo-

290 2753 366 2776 xus
381 2739 534 2789 suerit,
578 2736 723 2787 diuque
749 2738 903 2777 vixerit.
968 2738 1065 2773 Tum
1100 2737 1145 2774 V
1137 2738 1235 2773 eneti
1263 2735 1560 2782 acclamarunt,
1599 2732 1720 2772 Iusti-
