1800 3126
563 169 753 215 ΝοΤΔΕ
785 167 1079 214 ΑιΕΜΑΝΝῑ.
1322 147 1324 149 ’
1457 169 1553 216 393

99 279 322 337 temporum
349 281 535 335 aequales
564 280 779 320 lornandes
810 287 849 320 et
878 281 1074 334 CyriUus3
1114 277 1187 318 sed
1213 291 1294 318 non
1324 279 1454 318 solum
1483 293 1557 319 an-

98 354 196 380 num
227 352 377 378 nonum
407 341 562 390 exegit,
593 352 734 377 verum
763 339 884 376 etiam
914 339 1097 376 excessit.
1153 337 1407 374 Marcellinus
1436 339 1559 376 Iusti-

97 398 206 436 niani
235 396 501 434 cancellarius
532 394 630 433 duos
667 402 870 447 praeterea
898 408 1055 433 menses
1084 392 1218 443 addit3
1263 395 1479 444 Evagrius,
1520 401 1560 431 et

95 455 181 504 ipse
207 451 463 503 synchronus
492 459 573 490 tres
601 459 757 490 tantum
787 451 895 500 dies3
942 452 971 489 l.
1000 450 1028 492 4
1065 465 1100 488 c.
1131 453 1170 491 9.
1227 449 1308 488 Sed
1337 451 1379 487 in
1408 452 1559 488 utrius-

97 522 174 562 que
212 509 323 547 libris
362 508 555 546 mendum
592 510 722 547 inesse
759 510 893 561 palam
923 515 995 546 est.
1053 509 1156 545 Eam
1185 508 1238 544 ait
1266 508 1460 557 Evagrius
1489 509 1560 545 Iu—

96 567 244 605 stinum
274 557 377 603 anno
416 566 574 616 imperii
604 572 760 613 octavo,
800 578 937 603 mense
967 578 1072 603 nono
1104 564 1155 616 (is
1187 571 1269 601 erat
1297 562 1481 612 Martius)
1513 577 1560 600 ac

95 623 210 660 tertio
241 620 306 659 die
335 623 596 659 lastinianum
624 623 858 674 participem
886 623 999 672 regni
1027 622 1181 668 fecisse,
1213 627 1252 657 et
1280 634 1372 657 cum
1401 633 1447 657 eo
1478 622 1558 657 im-

94 691 253 730 perasse
282 674 438 716 menses
464 685 644 730 quatuor,
673 677 716 716 id
746 685 816 727 est,
849 692 871 716 a
901 677 1086 715 Calendis
1106 677 1255 728 Aprilis
1286 676 1336 714 ad
1361 676 1557 714 Calendas

96 735 286 774 Sextiles.
344 736 492 785 Exegit
513 747 606 785 ergo
626 736 798 772 lustinus
830 737 871 772 in
900 736 1068 786 imperio
1099 747 1223 772 annos
1251 747 1410 782 novem,
1439 747 1558 771 men-

95 799 183 829 sem
220 804 371 840 uuum,
413 791 496 828 dies
526 797 619 829 tres.
675 794 826 842 Nempe
857 790 1057 829 decimum
1094 803 1244 827 aunum
1283 791 1437 840 attigit,
1477 803 1557 842 quo

95 848 351 897 magistratus
381 848 596 898 Cyzicenus
627 846 794 885 cudebat
821 847 899 886 hoc
926 849 1149 896 nomisma,
1192 845 1301 899 quod
1331 848 1379 883 ab
1411 845 1559 884 huma-

95 905 262 941 nissimo
293 906 377 942 viro
405 905 596 956 Dionysio
627 905 840 943 Octaviano
870 904 975 943 Sada
1007 903 1222 942 habuimus
1256 902 1351 952 [vid.
1383 903 1447 954 fig.
1480 904 1558 955 3];

97 959 209 999 aliud
234 958 330 999 huic
358 961 490 998 simile
518 973 542 998 a
569 961 799 1013 Nicopolitis
830 975 969 1001 cusum
994 962 1144 1014 profert
1170 958 1382 1012 Adolphus
1412 961 1528 999 Occo.

1133 1046 1171 1083 A
1222 1044 1251 1093 †
1581 1048 1611 1083 r
1636 1049 1703 1085 122

309 1129 361 1167 n.
389 1131 437 1168 N.
465 1128 722 1169 IUSTINUs.
751 1131 798 1169 P.
827 1131 875 1169 P.
898 1131 1020 1169 AUG.
1133 1098 1283 1195 {M
1301 1130 1341 1167 x

1136 1215 1168 1252 o
1218 1216 1252 1251 B

93 1296 281 1334 Tertium
309 1295 483 1336 vidimus
520 1298 565 1335 in
594 1310 674 1351 quo
710 1296 852 1336 eadem
881 1311 1079 1337 annorum
1106 1311 1264 1339 summa
1295 1298 1445 1337 Graeco
1478 1305 1562 1337 erat
1584 1303 1616 1338 A
1639 1303 1685 1339 45

92 1365 259 1391 numero
287 1361 438 1392 notata.

147 1437 198 1474 D.
228 1439 276 1475 N.
305 1436 561 1476 IUSTINUS.
589 1439 637 1476 P.
666 1439 714 1477 P.
745 1439 866 1476 AUG.
980 1440 1243 1479 VICTORIA.
1273 1441 1434 1479 AUGG.
1464 1444 1499 1479 Ι.

91 1519 158 1558 Ad
196 1519 315 1559 huius
353 1535 447 1559 vero
489 1522 632 1559 calculi
663 1523 858 1560 rationem
898 1525 1061 1563 omnino
1092 1526 1274 1564 restituas
1302 1539 1465 1564 necesse
1503 1533 1563 1564 est

93 1590 184 1614 cum
212 1579 310 1616 alios
338 1576 569 1627 historicos,
600 1585 688 1615 tum
718 1578 935 1617 editionem
961 1583 1130 1619 Victoris
1161 1585 1417 1630 Tunnensis,
1461 1596 1563 1634 quae

91 1631 213 1671 habet
250 1648 378 1672 annos
421 1642 530 1683 octo,
570 1648 722 1673 menses
759 1650 908 1676 novem.
977 1639 1219 1689 Corrigenda
1258 1646 1462 1690 praeterea
1503 1646 1563 1677 est

93 1689 214 1728 editio
245 1692 394 1728 Graeca
424 1690 473 1728 de
503 1693 619 1729 sectis
648 1694 806 1730 Leontii
835 1691 1093 1743 Scholastici,
1136 1697 1206 1748 qui
1235 1697 1307 1733 sub
1338 1697 1560 1733 Iustiniano

92 1747 246 1794 floruit3
284 1761 380 1784 nam
407 1761 460 1785 ex
488 1750 595 1785 vocis
626 1747 740 1789 ἐννέα
769 1750 1052 1799 similitudine,
1082 1751 1152 1792 ἕνα
1179 1751 1322 1789 habet:
1360 1753 1561 1790 Leuncla-

92 1805 181 1841 vius
210 1804 315 1841 male
346 1811 506 1852 cautus,
537 1804 729 1842 mendum
759 1819 830 1843 sua
858 1807 1183 1858 interpretatione
1214 1810 1475 1847 confirmavit.

204 1862 250 1897 P.
273 1863 338 1908 67,
370 1862 409 1900 6.
469 1861 664 1912 Solusque
683 1861 939 1900 lastinianus
969 1866 1185 1916 imperavit
1215 1880 1307 1902 cum
1333 1865 1557 1916 Theodora]

90 1916 199 1953 Dum
226 1914 324 1953 haec
347 1918 563 1968 Procopius
594 1919 810 1967 scribebat,
850 1932 998 1957 annum
1034 1923 1076 1958 in
1112 1924 1280 1973 imperio
1316 1923 1457 1972 agebat
1490 1925 1560 1959 Iu-

91 1973 286 2010 stinianus
317 1973 535 2010 secundum
565 1981 603 2011 et
631 1976 893 2025 trigesimum.
944 1977 1047 2023 Quid
1081 1991 1172 2029 ergo
1204 1980 1245 2015 in
1275 1986 1454 2015 mentem
1486 1992 1559 2015 ve·-

90 2030 152 2066 nit
179 2029 526 2080 Pseudogordiano
555 2032 598 2068 in
626 2033 834 2082 privilegio
864 2033 1069 2072 casinensi
1100 2036 1294 2086 collegam
1323 2037 1557 2083 Iustiniauo,

45 2110 47 2116 ·
90 2084 186 2123 inde
225 2087 273 2123 ab
303 2099 407 2123 anno
439 2089 522 2124 eius
559 2089 803 2140 principatus
836 2087 1095 2139 duodecimo,
1136 2091 1229 2129 dare
1258 2093 1456 2129 Iustinum
1492 2093 1558 2128 iu-

90 2141 276 2180 niorem?
319 2141 529 2194 Adolphus
563 2145 684 2181 etiam
722 2145 823 2182 Occo
860 2150 993 2184 nescio
1035 2162 1155 2200 quem
1183 2147 1394 2186 Tiberium
1434 2150 1557 2185 Iusti-

90 2199 210 2236 niano
237 2205 372 2237 nostro
402 2202 555 2237 socium
585 2199 694 2238 dedit
732 2203 911 2253 imperii3
957 2218 1031 2241 nec
1071 2204 1351 2242 animadvertit
1390 2218 1557 2242 aureum

90 2254 208 2292 illum
228 2269 452 2305 nummum,
483 2270 536 2294 ex
565 2270 642 2310 quo
671 2256 715 2294 id
740 2260 859 2307 elicit,
890 2262 1099 2298 Iustiniani
1127 2264 1292 2299 iunioris
1323 2275 1421 2310 esse,
1454 2276 1559 2314 quo-

92 2323 184 2348 cum
220 2312 406 2351 Tiberius
443 2313 547 2351 filius
586 2316 778 2365 regnavit.
835 2319 910 2357 τοῦ
950 2314 1076 2358 αὐτοῦ
1113 2315 1315 2371 κόμματος
1357 2326 1417 2356 est
1459 2320 1560 2355 alter

93 2379 214 2419 quem
249 2369 399 2420 profert
437 2382 529 2407 cum
565 2369 641 2408 hac
679 2372 949 2424 inscriptione.
1014 2388 1054 2413 n.
1092 2387 1132 2415 Ν.
1169 2386 1454 2414 1UST1N1ANUS.
1490 2388 1559 2413 ET.

92 2435 415 2464 Extcnmsrms.
475 2428 658 2479 Denique
686 2428 832 2467 frustra
860 2431 936 2468 viri
963 2429 1069 2469 docti
1099 2433 1243 2470 Caesar
1271 2434 1489 2479 Barouius,
1522 2438 1561 2468 et

92 2481 256 2519 Iacobus
281 2483 486 2522 Gretserus
523 2497 576 2521 ex
607 2486 817 2522 Iustiniani
855 2489 1106 2526 nomismatis
1137 2490 1235 2526 alios
1266 2490 1350 2526 eius
1384 2490 1560 2538 collegas

96 2545 302 2587 quaerunt.
358 2539 466 2576 Illud
488 2541 716 2592 proferunt,
758 2543 800 2579 in
832 2545 942 2582 cuius
972 2558 1109 2584 aversa
1139 2553 1249 2598 parte
1280 2552 1361 2593 est3
1405 2557 1559 2583 wero-

94 2603 185 2630 ΒΜ.
213 2604 364 2635 AUGGG.
394 2609 435 2633 Β.
505 2598 682 2649 Triplice
720 2599 853 2637 littera
894 2613 933 2639 G.
972 2603 1048 2639 tria
1081 2604 1355 2653 Augustorum
1395 2603 1558 2638 nomina

96 2646 275 2687 denotari
312 2652 475 2701 volunt3
513 2651 591 2691 hoc
626 2661 718 2704 est‚.
747 2669 839 2693 cum
867 2659 1086 2696 Iustiniano
1117 2672 1161 2696 ac
1191 2657 1406 2696 Theodora
1436 2658 1557 2694 Iusti-

93 2717 206 2742 num.
271 2707 397 2752 Quem
430 2709 660 2748 Iustinum?
703 2713 932 2752 iuniorem?
985 2716 1190 2752 Reclamat
1235 2728 1326 2752 cum
1363 2715 1557 2764 Procopio

95 2761 302 2812 Corippus,
336 2764 404 2815 qui
430 2768 590 2805 nonnisi
620 2769 794 2808 extincto
823 2772 1042 2810 Iustiniano
1073 2773 1283 2809 Caesarem
1311 2777 1349 2807 et
1379 2772 1555 2821 impera-

95 2823 223 2856 torem
252 2826 426 2858 creatum
453 2824 650 2863 Iustinum
678 2826 801 2865 fuisse
829 2828 970 2878 refert,
1003 2829 1282 2880 solemnesque
1311 2828 1408 2866 ritus
1438 2828 1555 2864 inau-
