1754 3132
597 105 866 150 HISTORIA
899 107 1110 150 ARCANA
1145 110 1192 154 2.
1326 172 1328 174 ‚
1562 115 1623 160 21

163 233 282 272 κηται
295 249 310 269 ,
344 217 387 267 ἐς
418 217 464 260 δὲ
496 216 572 272 τὴν
594 216 768 275 Ἔφεσον
802 216 1023 270 Θεοδόσιος
1052 218 1128 273 ἴοι,
1165 219 1352 277 τηνικάδε
1376 227 1452 266 τοῦ
1466 222 1621 280 χρόνου

166 282 330 328 Φῶτιον
363 286 405 328 ἓν
431 289 484 343 τῇ
508 285 667 346 Ἐφέσῳ
692 285 904 343 γενόμενον
936 286 1158 332 Θεοδόσιόν
1188 307 1232 332 τε
1261 293 1328 333 καὶ
1351 291 1403 334 τοὶ
1423 291 1620 348 χρήματα

159 353 294 397 οὐδενὶ
322 351 434 412 πόνῳ
467 352 763 409 χειρώσασθαι.
831 354 925 399 τότε
951 358 1026 411 μὲν
1055 352 1127 400 οὖν
1147 357 1271 401 αὐτοί
1288 376 1331 402 τε
1349 359 1424 415 τὴν
1444 362 1619 418 ἐσβολὴν

157 423 279 465 παντὶ
305 426 365 481 τῷ
389 427 555 482 στρατῷ
584 423 626 473 ἐς
655 424 729 478 τὴν
754 425 944 480 Περσίδα
974 426 1212 481 πεποίηνται
1236 424 1402 484 χώραν,
1439 428 1550 486 ἀμφί
1577 447 1620 473 τε

123 488 323 548 5Ἰωοῖννῃ
349 494 409 548 τῷ
431 489 695 550 Καππαδόκῃ
728 493 769 534 ἓν
794 494 1008 553 Βυζαντίῳ
1038 494 1265 550 ξυνηνέχθη
1292 497 1483 551 γενέσθαι
1514 497 1618 555 ἅπερ

154 575 226 614 μοι
259 559 302 601 ἐν
330 565 418 609 τοῖς
444 558 680 615 ἔμπροσθεν
713 558 846 616 λόγοις
874 560 1112 617 δεδήλωται.
1185 563 1289 606 ἔνθα
1324 563 1376 620 δὴ
1402 563 1525 608 τοῦτό
1545 584 1618 620 μοι

154 630 215 685 τῷ
244 627 323 670 δέει
353 625 602 683 σεσιώπηται
635 625 785 683 μόνον,
826 627 888 672 ὅτι
909 646 951 685 γε
972 630 1046 673 οὐκ
1066 632 1151 685 εἰκῆ
1174 629 1246 674 τόν
1270 649 1315 688 γε
1335 630 1528 688 Ἰωάννην
1548 637 1617 677 καὶ

153 694 230 750 τὴν
258 694 388 739 αὐτοῦ
414 698 543 739 παῖδα
575 695 601 750 ἡ
627 696 846 740 Ἀντωνίνα
877 696 1138 754 ε’ξηπατήκει,
1168 699 1266 742 ἀλλ’
1299 699 1431 756 ὅρκων
1463 702 1616 753 αὐτοὺς

151 760 326 819 πλήθει,
362 768 522 820 τῶνπερ
553 764 670 808 οὐδὲν
703 763 986 821 φοβερώτερον
1013 766 1055 809 ἕν
1072 783 1114 822 γε
1131 770 1400 823 Χριστιανοΐς
1421 767 1522 812 εἶναι
1539 773 1613 814 δο-
1635 785 1666 820 Α
1689 789 1711 822 9

97 838 233 884 1οκεΐ,
262 832 574 888 πιστωσαμένη,
604 835 785 893 μηδεμιᾷ
815 836 964 894 δολερᾷ
989 832 1131 891 γνώμῃ
1163 837 1204 886 ἐς
1231 836 1382 887 αὐτοὺς
1405 842 1607 894 χρῆσθαι.
1635 854 1666 888 c

147 898 285 944 ταῦτά
312 917 356 943 τε
388 902 716 957 διαπεπραγμένῃ
737 903 802 944 καὶ
823 906 961 961 πολλῷ
984 903 1043 945 ἔτι
1063 907 1222 956 μᾶλλον
1241 905 1305 946 ἐπὶ
1326 909 1378 962 τῇ
1398 910 1472 960 τῆς
1487 911 1613 960 βασι-
1639 906 1643 911 ’

150 969 264 1019 λίδος
294 973 518 1025 θαρροῦσα
547 970 664 1029 φιλίᾳ
701 967 925 1013 Θεοδόσιον
946 972 1021 1025 μὲν
1040 970 1270 1028 ἔςἚφεσον
1288 974 1465 1028 στέλλει,
1503 974 1611 1032 αὐτὴ

78 1077 83 1081 .
148 1038 194 1080 δὲ
215 1038 346 1092 μηδὲν
364 1035 683 1090 ὖποτοπάζουσα
712 1037 941 1093 ἐναντίωμα
965 1040 1027 1081 ἐπὶ
1056 1039 1131 1094 τὴν
1154 1040 1206 1083 ἕω
1226 1043 1442 1095 κομίζεται.
1514 1042 1610 1101 ἄρτι

147 1106 194 1148 δὲ
216 1106 447 1164 Βελισαρίῳ
474 1106 522 1149 τὸ
545 1104 816 1163 Σισαυράνων
844 1105 1044 1164 φρούριον
1073 1105 1206 1151 ἑλόντι
1241 1107 1326 1168 ὁδῷ
1362 1112 1484 1154 ἰοῦσα
1506 1110 1611 1168 πρός

91 1182 134 1218 15
146 1191 221 1217 του
239 1173 481 1230 ἀγγέλλεται.
552 1176 619 1216 καὶ
639 1173 684 1224 ὃς
700 1174 833 1218 τᾶλλα
849 1174 983 1218 πάντα
1004 1177 1045 1218 ἓν
1066 1175 1200 1219 οὐδενὶ
1217 1174 1324 1236 λόγῳ
1341 1180 1610 1233 πεποιημένος

145 1242 276 1286 ὀπίσω
291 1240 416 1297 ὗπῆγε
437 1242 483 1285 τὸ
500 1240 750 1299 στράτευμα.
821 1244 1049 1299 ξυνηνέχθη
1075 1244 1154 1300 γὰρ
1167 1277 1181 1296 ,
1216 1240 1321 1302 ᾗπερ
1341 1264 1412 1300 μοι
1432 1247 1484 1289 τὰ
1503 1246 1607 1303 πρό-

143 1327 243 1367 τερα
272 1308 530 1365 δεδιήγηται,
573 1312 640 1352 καὶ
675 1311 791 1366 ἕτερα
825 1311 931 1354 ἅττα
960 1313 1002 1353 ἐν
1030 1316 1088 1370 τῷ
1110 1314 1378 1372 στρατοπέδῳ
1398 1315 1604 1370 γενέσθαι,

143 1377 247 1434 ἅπερ
273 1377 401 1420 αὖτόν
428 1377 470 1428 ἐς
502 1378 578 1432 τὴν
598 1377 857 1435 ἀναχώρησιν
880 1378 1013 1434 ὥρμα.
1082 1384 1204 1422 τοῦτο
1226 1382 1364 1434 μέντοι
1387 1387 1526 1442 πολλῷ
1548 1384 1606 1426 ἔτι

141 1451 306 1490 θᾶσσον
323 1447 510 1489 ἐνταῦθα
529 1446 687 1502 ἀνῆγεν.
757 1447 855 1489 ἀλλ’
877 1446 974 1504 ὅπερ
997 1449 1117 1490 τοῦδε
1141 1452 1215 1490 τοῦ
1236 1448 1360 1505 λόγου
1382 1449 1608 1505 ἀρχόμενος

83 1513 275 1568 meinent,
308 1513 360 1558 οὔ
394 1532 466 1568 μοι
496 1514 711 1558 ἀκίνδυνον
743 1514 932 1571 τηνικάδε
962 1519 1036 1559 τοῦ
1062 1513 1218 1572 χρόνον
1249 1517 1385 1569 ἔδοξεν
1408 1517 1508 1562 εἶναι
1530 1520 1604 1571 τὰς
1627 1536 1659 1570 1)

230 1659 266 1695 7.
299 1654 366 1694 τόν
385 1658 450 1702 γε]
474 1655 540 1693 τόν
561 1668 601 1692 τε
623 1657 743 1691 Reisk.
882 1659 915 1694 8.
938 1682 965 1700 ,,
975 1655 1044 1693 τὸν
1065 1655 1187 1694 αὐτοῦ
1207 1659 1352 1705 natea]
1374 1659 1433 1694 Ita
1455 1664 1605 1707 uterque

229 1704 307 1739 MS.
333 1704 410 1738 cod.
435 1703 540 1744 Vat.;
570 1703 630 1738 sed
655 1702 887 1749 reponendum
912 1715 956 1738 ex
980 1704 1121 1739 Mediol.
1146 1704 1215 1749 τήν
1237 1704 1358 1741 αὐτοῦ
1381 1708 1523 1748 παῖδα,
1547 1708 1604 1742 cui

228 1751 443 1796 Euphemiae
473 1751 605 1783 nomen'
627 1749 714 1790 fuit,
735 1749 790 1782 ,de
814 1761 883 1793 qua
906 1750 993 1784 libro
1019 1750 1127 1795 primo
1150 1751 1233 1785 belli
1259 1751 1388 1786 Persici
1412 1756 1603 1788 extremo.“

228 1798 345 1832 Amm.
485 1795 539 1830 14.
573 1793 841 1838 Σισαυροὶνων]
874 1796 1072 1840 Legebatur
1101 1795 1284 1842 Ἰσαυροέν.
1332 1797 1466 1840 „Libri
1496 1799 1601 1835 MSS.

231 1847 268 1877 et
290 1841 448 1887 impressi
471 1841 631 1882 variant,
660 1838 891 1885 Ἰσαυρανόν,
922 1841 1184 1889 Σισαβρανὸν,
1218 1845 1428 1887 Σισαῦρον,
1463 1843 1603 1880 Σισαύ-

228 1900 322 1930 ριον.
379 1886 480 1931 Apud
513 1887 718 1932 Procopium
751 1887 894 1921 Aedifico
928 1887 952 1921 l.
980 1888 1028 1922 ΙΙ.
1072 1889 1130 1935 [p.
1163 1890 1210 1924 36
1241 1884 1297 1934 5.]
1346 1888 1601 1935 Σισοιυράνον,

227 1934 372 1968 Photius
404 1930 625 1976 Σισαιίρων,
661 1932 944 1977 Theophylactus
966 1934 1090 1969 Sideta
1110 1933 1363 1981 Σισάρβανον.
1408 1936 1489 1972 MS.
1522 1936 1600 1972 Me-

227 1979 310 2014 diol.
330 1977 552 2024 Ἰσανρανῶν
574 1978 700 2024 legit.“
746 1981 860 2014 Anum.

137 2103 327 2140 Theodosii
348 2103 516 2145 reditum;
536 2114 604 2148 qua
626 2102 708 2138 data
731 2102 1012 2149 opportunitate,
1039 2102 1183 2137 Photius
1206 2115 1246 2138 eo
1269 2115 1307 2137 se
1331 2108 1508 2139 venturum
1533 2106 1597 2146 ait,

135 2151 297 2196 nulloque
326 2151 445 2184 labore
477 2150 731 2190 Theodosium,
764 2150 904 2194 eiusque
925 2149 1090 2194 pecunias
1113 2155 1249 2194 captum
1273 2149 1331 2184 iri.
1379 2152 1428 2185 Ac
1450 2156 1522 2185 tum
1545 2151 1595 2184 illi

160 2197 275 2231 uidem
295 2196 332 2230 in
357 2207 475 2242 agrum
495 2196 671 2230 Persicum
692 2196 847 2230 omnibus
871 2195 981 2240 copiis
1000 2195 1176 2229 invadunt.
1221 2195 1383 2240 Byzantii
1405 2208 1488 2231 vero
1512 2209 1595 2231 con-

134 2247 250 2288 tigere
288 2254 376 2288 quae
419 2242 494 2276 aliis
524 2242 622 2275 huius
651 2242 816 2276 historiae
845 2241 941 2275 libris
972 2241 1016 2275 de
1048 2241 1175 2274 loanne
1206 2241 1418 2287 Cappadoce
1451 2248 1594 2276 narrata

134 2293 236 2331 sunt3
269 2288 305 2322 in
337 2287 461 2333 quibus
483 2287 519 2320 id
544 2299 565 2321 a
590 2299 643 2322 me
667 2287 772 2321 solum
806 2292 908 2320 caute
934 2287 1230 2332 praetermissum,
1263 2288 1354 2332 quod
1381 2299 1448 2322 non
1472 2289 1592 2322 incon-

134 2335 224 2369 suito
253 2334 413 2370 Ioannem
445 2333 587 2378 eiusque
618 2332 741 2374 fifiam,
774 2333 945 2366 Antonine
978 2333 1136 2377 decepit3
1173 2335 1234 2366 sed
1264 2338 1485 2379 posteaquam
1510 2334 1592 2368 data

133 2379 256 2415 iterum
281 2386 385 2424 atque
405 2379 529 2413 iterum
551 2378 735 2412 iuramenti
758 2378 826 2412 fide
851 2379 947 2423 (qua
968 2378 1052 2412 nihil
1075 2378 1166 2423 apud
1192 2379 1406 2414 Christianos
1427 2380 1591 2414 formido-

133 2425 267 2470 losius)
299 2426 419 2459 iisdem
450 2430 570 2459 sancte
602 2424 867 2470 spopondisset,
899 2425 982 2458 nihil
1011 2435 1049 2458 se
1073 2424 1150 2458 dolo
1174 2426 1261 2458 malo
1285 2424 1319 2458 in
1343 2436 1404 2460 eos
1427 2430 1590 2459 acturam.

135 2471 200 2506 His
221 2471 381 2517 peractis,
405 2472 648 2515 August-aeque
666 2470 842 2515 plurimum
864 2470 1033 2504 amicitiae
1051 2470 1193 2511 confisa,
1217 2469 1448 2504 Theodosium
1469 2471 1589 2515 Ephe-

134 2527 206 2551 sum
229 2517 393 2558 dimittit,
418 2517 495 2562 ipsa
518 2527 601 2550 vero
626 2516 708 2550 nihil
732 2516 869 2550 adversi
891 2515 1064 2561 suspicata
1087 2516 1122 2549 in
1145 2515 1321 2550 Orientem
1345 2516 1587 2561 proficiscitur.

135 2562 258 2608 Nuper
278 2563 476 2597 Isauranum
499 2562 704 2607 praesidium
727 2562 914 2596 Belisarius
935 2568 1186 2606 occupaverat,
1216 2573 1289 2596 cum
1322 2563 1354 2595 ei
1385 2561 1588 2595 Antoninum

134 2608 322 2643 adventare
344 2607 533 2642 nunciatur.
581 2609 701 2648 Quare
722 2607 869 2642 caeteris
891 2608 1043 2642 omnibus
1066 2607 1293 2651 posthabitis,
1317 2619 1337 2640 e
1360 2606 1507 2650 vestigio
1531 2618 1587 2640 re-

135 2654 230 2688 ferre
251 2654 372 2700 pedem
398 2653 496 2688 militi
519 2653 678 2698 imperat.
723 2653 831 2687 Forte
861 2661 898 2687 et
926 2653 1014 2695 alia,
1049 2659 1087 2686 ut
1110 2658 1210 2687 antea
1233 2652 1392 2693 narravi,
1427 2651 1462 2684 in
1487 2663 1587 2685 exer-

135 2698 206 2733 citu
229 2708 333 2734 causa
353 2700 438 2740 fuit,
467 2701 686 2744 quamobrem
710 2710 796 2733 vasa
818 2700 1127 2739 conclamarentur3
1159 2699 1221 2732 sed
1245 2697 1434 2731 Antoninae
1457 2696 1587 2732 adven-

136 2748 191 2778 tus
213 2756 255 2780 eo
279 2744 378 2779 citius
399 2746 587 2781 maturavit
603 2756 784 2781 recessum.
831 2746 946 2780 Hasce
969 2755 1090 2779 causas
1113 2755 1228 2779 rerum
1250 2743 1404 2788 singulas
1426 2747 1507 2778 ante
1521 2743 1586 2778 hoc
