1800 3126
550 135 743 181 NOTAE
775 133 1070 182 ALEMANNI.
1442 135 1544 185 415

77 246 180 299 θεος
205 244 302 291 οἶδε.
356 249 562 288 ΒΕΝΕΤ.
589 243 633 287 τό
666 249 782 300 μισοῖ,
811 243 862 289 ου’
889 245 998 288 θέλω
1027 244 1209 300 βλέπειν,
1238 246 1307 288 καὶ
1335 265 1356 289 ο
1388 246 1546 300 φθόνος

79 308 315 362 παρενοχλεῖ
345 320 428 357 μοι.
494 306 658 344 ΠΡΑΣ.
697 301 976 356 ἅνασκαφείτω
1003 319 1052 344 τα
1083 301 1199 346 ὄστέα
1227 320 1309 344 των
1336 305 1544 360 θεωρούν-

78 378 172 405 των.
226 361 298 402 καὶ
325 363 535 413 κατῆλθον
565 376 702 411 ουτοι,
740 361 809 402 καὶ
847 361 987 402 εἴασαν
1021 376 1093 402 τον
1131 360 1318 413 βασιλέα,
1355 362 1424 403 καὶ
1452 379 1548 411 τους

78 417 272 468 Βινέτους
296 421 558 472 θεωροῦντας
585 417 630 459 ἐν
657 420 717 473 τῷ
745 414 999 474 ἱπποδρόμῳ.

77 499 232 538 Vnum·-
269 497 449 535 Tantum
476 497 606 535 scelus
634 510 717 535 non
753 495 927 535 videam.
984 497 1115 537 Vestri
1142 503 1278 534 tamen
1308 495 1446 534 odium
1477 510 1544 534 me

77 561 123 592 ut
149 553 194 592 id
219 554 344 592 velim
372 555 563 592 stimulat.
619 555 751 592 PnAs.
779 553 1034 592 Effodiantur
1062 555 1226 592 illorum
1254 560 1344 605 post
1372 561 1545 591 mortem

77 623 188 660 ossa,
219 613 290 663 qui
317 609 395 650 hoc
422 613 466 648 in
494 611 717 663 spectaculo
747 610 1009 650 subsederint.
1067 611 1135 650 Sic
1164 611 1320 650 Prasini
1349 611 1544 660 abierunt,

77 669 245 707 Caesare
275 681 321 706 ac
345 668 505 707 Venetis
534 669 579 705 in
608 669 709 705 circo
739 668 902 706 relictis.

188 759 237 796 P.
265 760 333 807 79,
362 757 402 797 8.
459 757 580 809 Mihi,
610 764 645 794 et
674 758 752 794 mei
780 755 937 794 ordinis
957 756 1178 810 plerisque]
1209 759 1362 809 Nempe
1392 758 1545 810 prima-

76 815 146 853 riis
170 816 264 854 viris
286 814 507 852 illustribus
539 821 578 851 et
608 813 757 852 ordinis
786 815 994 862 senatorii3
1024 827 1120 851 nam
1150 821 1188 852 et
1209 815 1402 852 urbanam
1425 828 1545 866 prae-

74 871 271 910 secturam
308 873 430 923 gessit
458 872 696 922 Procopius,
734 877 784 908 ut·
816 871 858 907 in
897 871 1141 922 praefatione
1181 870 1283 909 dixi.
1340 871 1544 909 Medicum

77 929 202 967 fuisse
233 929 435 967 somniant
461 926 639 965 Blondus
670 935 708 964 et
737 927 972 966 Sabellicus.

188 987 236 1023 P.
262 987 328 1034 79,
357 986 398 1025 9.
455 985 682 1022 Perniciosa·
709 982 933 1035 daemones,
963 991 999 1022 et
1015 983 1211 1033 Junestae
1235 983 1446 1021 hominum
1469 998 1544 1035 pe.

73 1042 168 1093 stes]
197 1043 311 1079 Hanc
338 1041 461 1078 fuisse
493 1048 721 1079 consuetam
739 1039 950 1078 hominum
979 1042 1041 1079 sui
1071 1040 1234 1088 ordinis,
1266 1038 1343 1077 hoc
1373 1047 1444 1089 est,
1476 1054 1543 1078 se-

74 1105 261 1136 natorum
287 1110 440 1146 vocem,
474 1097 645 1135 affirmat
672 1100 903 1149 Procopius.
961 1100 1074 1135 Nam'
1095 1111 1147 1134 ex
1177 1096 1354 1150 quodam
1382 1111 1470 1146 usu,
1504 1105 1543 1135 et

75 1155 279 1194 communi
306 1153 602 1203 consuetudine,
632 1157 701 1206 qui
728 1155 1014 1206 rempublicam
1034 1155 1203 1192 atrocius
1227 1156 1408 1191 vexarint
1429 1157 1543 1205 prin-

75 1213 195 1263 cipes,
225 1210 269 1249 id
294 1212 428 1262 ipsum
457 1213 556 1250 olim
586 1213 706 1248 etiam
735 1211 959 1249 audierunt.
1017 1211 1125 1249 Infra
1148 1225 1190 1262 p.
1211 1211 1264 1251 84
1291 1213 1542 1262 explicatius.

72 1269 167 1307 Alii
202 1269 322 1320 genio
349 1268 479 1306 liuius
503 1268 682 1306 hominis
709 1270 847 1306 comiti
876 1267 1168 1316 adscriberent,
1202 1281 1307 1318 pars
1337 1267 1543 1305 dictitaret
1567 1274 1598 1307 A
1623 1274 1667 1308 66

74 1326 228 1363 iratum
255 1325 499 1363 mortalibus
526 1339 694 1375 numen,
733 1326 1094 1376 Romanorumque
1133 1338 1294 1362 exosum
1335 1326 1547 1376 imperium

66 1383 311 1433 perniciosis
342 1381 484 1433 furiis
519 1389 757 1434 potestatem
783 1383 937 1431 fecisse
974 1388 1184 1420 tantorum
1221 1381 1438 1420 malorum.
1495 1384 1548 1419 Et

72 1440 242 1476 Ioannes
284 1437 502 1490 Cappadox
540 1439 763 1491 praefectus
802 1440 1000 1490 praetorio
1039 1440 1221 1477 omnium
1261 1439 1544 1477 sceleratorum
1568 1444 1596 1478 P
1623 1445 1687 1480 137

74 1502 320 1547 postremus,
357 1494 401 1532 id
428 1497 562 1547 ipsum
591 1509 614 1533 a
643 1502 807 1543 senatu,
847 1497 1078 1548 populoque
1109 1496 1546 1547 Constantinopolitano

75 1551 251 1601 audivit,
281 1558 327 1589 ut
360 1551 471 1589 idem
498 1554 716 1604 Procopius
744 1552 895 1590 indicat
923 1553 995 1590 lib.
1028 1554 1050 1592 1
1082 1552 1177 1590 bell.
1208 1554 1318 1590 Pers.
1349 1560 1546 1592 extremo.

75 1609 266 1660 Synesius
307 1610 422 1660 epist.
451 1608 522 1649 57.
557 1605 809 1662 Ἀνδρόνικος
846 1610 1003 1662 δαίμων
1033 1604 1180 1662 α’ρήϊος
1217 1606 1417 1660 ἄπληστος
1446 1623 1547 1662 συμ-

74 1680 231 1719 φορων.
286 1664 549 1703 Andronicus
568 1667 748 1704 Martius
767 1665 938 1704 daemon
964 1666 1250 1704 calamitatum
1277 1666 1546 1707 insatiabilis.

74 1723 128 1758 Et
164 1735 322 1770 rursuS,
361 1723 546 1773 δαίμοσιν
587 1720 726 1763 ἑαυτὸν
764 1720 866 1776 ὄίρας
905 1723 1152 1775 προσένειμε.
1211 1719 1469 1760 Daemon'um
1506 1739 1548 1760 se

74 1791 254 1816 numero·
267 1792 476 1830 aggregat
478 1780 523 1817 it.
579 1781 630 1816 Et
669 1780 783 1831 epist.
813 1779 881 1820 78.
917 1777 1002 1828 Ους
1031 1777 1083 1819 ἂν
1111 1778 1179 1820 καὶ
1207 1792 1312 1827 οστις
1339 1776 1546 1848 ω’μότατος

75 1830 283 1888 δαιμόνων
310 1831 493 1887 ἠλέησεν,
522 1832 760 1890 ἐξῃρήσθων
788 1839 860 1876 τοῦ
890 1833 1011 1890 λόγου
1040 1832 1145 1883 Θόας
1174 1851 1214 1876 τε
1244 1837 1312 1876 καὶ
1339 1831 1546 1889 Ἀνδρόνι-

7 1929 11 1933 ,
73 1906 156 1940 κος.
218 1891 404 1957 Quorum
439 1892 504 1929 vel
540 1892 842 1930 crudelissimus
880 1895 1049 1944 quisque
1076 1892 1319 1930 daemonum
1356 1895 1547 1930 misertus

74 1954 196 1997 esset,
226 1949 378 2000 excipio
416 1948 653 1999 Thoantem,
691 1957 728 1986 et
757 1948 1061 2000 Andronicum,
1092 1951 1166 2000 qui
1194 1950 1274 1986 soli
1303 1947 1546 1987 daemonum

74 2004 369 2056 implacabiles.
438 2006 620 2058 Denique
661 2008 745 2044 eius
785 2008 940 2057 gentis,
982 2019 1035 2044 ex
1075 2019 1154 2058 qua
1194 2006 1271 2043 fuit
1310 2007 1542 2057 Procopius,

73 2074 219 2113 nempe
248 2062 440 2113 Syrorum
468 2063 888 2115 Palaestinorumque,
927 2062 971 2100 id
1006 2064 1212 2115 proprium
1244 2068 1323 2109 est,
1358 2061 1544 2100 homines

73 2125 190 2158 notae
218 2119 483 2170 improbitatis
514 2118 734 2158 daemoniis
765 2133 1006 2171 comparare.
1066 2121 1207 2158 Sicarii
1227 2121 1268 2162 3.
1295 2121 1394 2170 Reg.
1418 2133 1451 2157 c.
1474 2121 1544 2160 21.

73 2175 215 2226 Magus
245 2182 320 2213 act.
355 2178 420 2218 13.
450 2176 539 2227 filii
566 2175 724 2214 diaboli
760 2184 963 2214 vocantur.
1022 2178 1107 2215 Imo
1138 2175 1317 2217 Christus
1358 2175 1543 2214 domiuus

75 2232 111 2270 si
139 2230 237 2284 quid
263 2245 346 2270 nou
383 2231 434 2269 ad
463 2235 632 2284 gratiam
661 2235 858 2286 loquitur,
900 2235 1035 2271 statim
1074 2232 1255 2281 Iudaeis,
1287 2232 1394 2284 apud
1422 2236 1545 2271 Ioan-

74 2300 181 2337 nem,
210 2290 517 2327 Daemoniacus
543 2297 615 2339 est,
647 2298 685 2328 et
706 2291 942 2342 appellatur.
1002 2289 1183 2328 Christus
1214 2289 1263 2327 de
1285 2288 1384 2327 Iuda
1414 2292 1545 2342 parri-

79 2343 181 2383 cida.
235 2346 293 2384 Et
322 2360 430 2383 unus
460 2361 504 2383 ex
532 2347 645 2385 vobis
675 2347 866 2385 diabolus
895 2355 965 2385 est.
1022 2349 1182 2385 Ioannis
1213 2348 1254 2388 6.
1313 2348 1373 2384 De
1405 2346 1547 2385 Theo-

79 2399 174 2439 dora
214 2402 269 2439 ita
311 2401 565 2455 Theophilus
607 2405 650 2442 iu
691 2406 773 2442 vita
816 2406 1039 2442 Iustiniani.
1104 2406 1240 2443 Duxit
1284 2404 1547 2442 Iustiniana-5

82 2456 332 2496 Theodoram
360 2462 562 2512 egregiam
594 2462 800 2512 puellam,
836 2462 928 2498 licet
965 2462 1211 2499 reclamante
1239 2468 1367 2498 matre
1395 2461 1546 2510 Blgle-

78 2515 191 2564 niza,
221 2517 368 2567 quippe
396 2531 498 2567 quae
527 2516 702 2555 indolem
729 2518 893 2569 puellae
922 2519 1081 2570 alioqui
1109 2519 1353 2556 scitissimae
1383 2524 1417 2554 et
1455 2531 1549 2553 eru-

80 2568 315 2620 ditissimae,
344 2572 417 2610 sed
443 2575 604 2612 levioris
634 2582 670 2611 et
699 2576 999 2626 arrogantioris
1029 2578 1184 2627 ingenii
1214 2572 1440 2625 aliquando
1471 2573 1544 2610 ob-

67 2627 265 2676 futuram
282 2629 482 2678 fortunae
510 2638 545 2667 et
567 2633 718 2682 pietati
733 2632 824 2682 filii
847 2633 1151 2683 pertimesceret,
1178 2632 1415 2683 praesertim
1446 2631 1547 2680 quia

77 2683 215 2722 vetula
255 2683 456 2735 quaedam
497 2686 822 2726 divinationibus
860 2687 1029 2726 addicta
1068 2688 1315 2726 Theodoram
1344 2687 1546 2737 suturam

76 2739 429 2779 Daemonodoram
440 2744 626 2782 Romano
646 2747 826 2797 imperio,
841 2746 1014 2797 inflexu»
1016 2760 1161 2797 amque
1181 2743 1460 2781 rectitudinem
1472 2741 1545 2780 Iu-

77 2797 250 2833 stiniani
276 2811 320 2834 ex
347 2801 516 2838 sortium
546 2804 723 2853 augurio
754 2803 980 2841 consulenti
1007 2803 1246 2854 Biglenizae
1267 2798 1542 2852 praedixerat
