1754 3132
566 95 834 141 HISTORIA
865 98 1074 142 ARCANA
1111 101 1154 145 2.
1326 165 1328 167 v
1553 106 1616 151 213

157 208 231 250 δου
253 208 309 256 εἷς
324 209 399 262 γῆν
417 207 608 262 ἐμβαλών
630 209 705 265 τὴν
723 211 909 265 Κολχίδα
932 207 985 254 τά
1012 228 1055 254 τε
1074 210 1181 254 ι’ίλλα
1202 209 1471 269 διεπράξατο,
1510 213 1612 273 ὅπερ

151 290 223 330 μοι
251 272 486 331 ἔμπροσθεν
517 275 767 333 δεδιῆγηται,
803 280 870 322 καὶ
891 279 1059 335 Πέτραν
1078 278 1178 333 εἷλε,
1215 280 1394 330 πολλοὺς
1410 285 1486 324 τοῦ
1504 281 1610 338 Μή-

151 343 235 385 δων
255 347 437 399 στρατοῦ
462 344 722 402 διεφθάρθαι
744 346 889 402 ξυνέβη
911 352 969 407 τῷ
988 365 1032 390 τε
1054 349 1218 407 πολέμῳ
1243 350 1310 391 καὶ
1333 355 1423 399 ταῖς
1445 351 1608 404 δυσχω-

149 410 268 465 ρίαις.
338 408 515 462 δύσοδός
536 430 578 456 τε
602 413 678 470 γὰρ
689 447 702 467 ,
739 413 875 470 ὥσπερ
891 433 963 469 μοι
986 416 1141 471 εἴρηται
1150 449 1164 469 ‚
1201 414 1226 471 ἦ
1247 417 1414 472 Λαζικῆ
1434 419 1518 460 ἐστι
1539 420 1609 461 καὶ

114 476 251 528 ὄὸλως
267 477 524 536 κρημνώδης.
570 483 637 524 καὶ
655 482 736 537 μὴν
758 484 824 524 καὶ
850 487 996 537 λοιμοῦ
1015 481 1274 535 ἐπιπεσόντος
1290 487 1407 541 σφίσι
1427 485 1474 528 τὸ
1494 490 1606 528 πλεΐ-

144 562 244 588 στον
273 552 349 590 τοῦ
379 553 560 602 στρατοῦ
593 549 845 594 ἀπολωλέναι
875 552 1083 605 ξυνέπεσε,
1117 553 1294 602 πολλοὺς
1317 555 1362 596 δὲ
1381 553 1518 596 αὐτῶν
1538 556 1605 596 καὶ

140 617 226 657 τῶν
243 614 474 671 ἀναγκαίων
495 621 547 674 τῇ
566 617 717 677 ἀπορίᾳ
738 617 999 675 διεφθάρθαι
1019 620 1180 675 ξυνέβη.
1251 622 1292 663 ἓν
1312 619 1447 679 τούτῳ
1469 623 1514 664 δὲ
1533 622 1605 664 καί
1624 631 1655 664 C

139 698 244 732 τινες
274 683 318 726 ἔκ
346 689 421 739 γῆς
448 689 521 739 τῆς
542 687 748 742 Περσίδος
770 688 955 730 ἐνταῦθα
985 687 1314 745 ἔπιχωριάζοντες
1332 689 1524 746 ἤγγελλον
1548 689 1604 740 ὥς

138 750 335 807 Ναβέδην
351 753 426 807 μὲν
438 751 681 809 Βελισάριος
697 754 802 811 ἀμφὶ
822 753 938 798 πόλιν
957 757 1124 809 Νίσιβιν
1143 755 1257 813 μάχῃ
1275 755 1444 812 νικήσας
1459 755 1602 814 πρόσω

83 823 129 858 10
135 820 290 882 χωροίη
300 853 315 872 ,
346 822 560 881 πολιορκίᾳ
581 822 626 864 δὲ
643 822 689 865 τὸ
712 822 982 879 Σισαυράνων
1001 822 1104 867 ἑλὼν
1125 823 1325 881 φρούριον
1345 824 1602 881 Βλησχάμην

135 903 179 930 τε
198 889 265 929 καὶ
284 891 460 946 Περσῶν
481 890 613 939 ἱππεῖς
633 890 897 941 ὀκτακοσίους
916 889 1195 948 δοριαλώτους
1212 895 1443 949 πεποίηται,
1469 892 1601 950 στρά-
1635 912 1638 914 ·

133 971 264 1009 τευμα
298 957 343 999 δὲ
369 955 471 999 ἄλλο
495 955 705 1012 Ῥωμαίων
740 957 812 1010 ξύν
840 977 882 1015 γε
898 959 1053 1020 Ἀρὲθᾳ
1075 965 1134 1018 τῷ
1157 965 1411 1017 Σαρακηνῶν
1432 961 1600 1018 ἄρχοντι

73 1061 78 1064 .
131 1022 347 1078 πέμψειεν,
384 1023 484 1082 ὅπερ
514 1026 663 1080 διαβὰν
680 1027 867 1081 ποταμὸν
887 1029 1029 1085 Τίγριν
1051 1026 1267 1082 ξύμπαντα
1287 1027 1524 1085 λεηλατήσει
1546 1029 1597 1072 τὰ

130 1091 258 1149 ἐκείνῃ
284 1094 442 1149 χωρία,
468 1091 667 1150 πρότερον
700 1093 869 1152 ἀδῄωτα
903 1095 1014 1140 ὄντα.
1086 1094 1276 1153 ἐτύγχανε
1307 1099 1351 1140 δὲ
1381 1099 1448 1140 καὶ
1468 1095 1597 1154 στρά-

75 1164 119 1200 15
130 1177 260 1212 τευμα
295 1160 463 1204 Οὕννων
491 1163 556 1204 ἐπὶ
582 1162 815 1219 Ἀρμενίους
837 1164 935 1214 τούς
952 1163 1163 1218 Ῥωμαίων
1186 1163 1413 1220 κατηκόους
1435 1164 1455 1208 ὅ
1475 1169 1596 1208 Χοσ-

129 1225 230 1283 ρόης
259 1229 443 1281 στείλας,
476 1228 587 1280 ὅπως
617 1235 667 1288 τῇ
699 1232 741 1281 ἐς
769 1231 922 1282 αὐτοὺς
952 1232 1126 1291 ἀσχολίᾳ
1151 1234 1333 1288 μηδεμία
1354 1241 1441 1290 τοῖς
1461 1231 1592 1291 ταύτῃ
1616 1246 1644 1279 Α
1672 1248 1711 1281 11

122 1293 336 1351 Ῥωμαίοις
351 1301 434 1340 τῶν
452 1299 495 1340 ἐν
512 1300 678 1356 Λαζικῇ
701 1300 999 1355 πρασσομένων
1024 1300 1222 1355 αἴσθησις
1242 1302 1419 1356 γένηται.
1490 1300 1587 1344 τού-
1610 1314 1644 1349 D

123 1381 223 1414 τους
253 1382 303 1407 τε·
324 1365 420 1414 τούς
448 1364 691 1422 βαρβάρους
722 1366 973 1423 ἀπήγγελλον
994 1369 1121 1424 ἕτεροι
1144 1371 1384 1426 Βαλεριανῷ
1408 1371 1475 1411 καὶ
1490 1367 1592 1413 Ῥω-

120 1433 258 1486 μαίοις
275 1431 575 1476 ὗπαντιάσασιν
602 1435 643 1484 ἔς
658 1441 800 1491 χεῖρας
821 1434 1023 1485 ἐλθόντας
1045 1435 1156 1491 παρὰ
1177 1437 1280 1478 πολὺ
1302 1436 1438 1479 αὐτῶν
1458 1435 1589 1493 ἥσση-

64 1500 273 1551 Ξθθέντας
296 1505 349 1558 τῇ
367 1499 480 1559 μάχῃ
499 1502 543 1544 ἐκ
563 1506 637 1545 τοῦ
658 1503 721 1544 ἐπὶ
742 1507 931 1546 πλεῖστον
950 1503 1218 1547 ἀπολωλέναι.
1290 1503 1392 1560 ἅπερ
1414 1505 1453 1547 οἱ
1473 1505 1588 1562 Πέρ-

118 1585 190 1612 σαι
214 1567 464 1620 ἇκοῦσαντες
486 1572 553 1612 καὶ
575 1573 833 1631 κακοπαθείᾳ
860 1572 935 1626 μὲν
964 1576 1016 1629 τῇ
1046 1573 1088 1614 ἐν
1108 1574 1271 1624 Λαζοῖς
1299 1573 1584 1627 κεκακωμένοι,

117 1635 293 1688 δεδιότες
312 1639 358 1681 δὲ
374 1636 434 1693 μή
455 1655 532 1682 τινι
553 1638 594 1682 ἓν
611 1643 661 1696 τῇ
685 1639 914 1700 ἀποπορειά
933 1637 1167 1695 ἐντυχόντες
1194 1642 1399 1696 πολεμίων
1418 1646 1587 1699 στρατῷ

207 1761 241 1794 1.
264 1759 450 1804 Κολχίδα]
473 1760 622 1804 κοχλίδα
644 1759 685 1794 Α.
784 1761 818 1795 5.
843 1759 978 1804 λοιμοῦ
1000 1760 1106 1794 Alem.
1130 1759 1243 1802 λιμοῦ
1266 1760 1336 1794 ΑΡ.
1440 1761 1493 1794 10.
1518 1761 1586 1794 Σι-

205 1804 427 1850 σαυράνων]
452 1805 650 1850 Legebatur
672 1803 904 1849 Ἰσαυραναῑν.
1043 1806 1128 1839 ibid.
1160 1805 1401 1851 Βλησχάμην]
1424 1803 1583 1850 ulmo?-

203 1862 280 1906 μην
302 1853 344 1885 Α.
467 1855 520 1887 11.
547 1851 822 1897 δοριαλώτους]
843 1852 955 1895 Vulgo
979 1847 1252 1896 δορυαλώτους.
1378 1853 1429 1887 13.
1455 1855 1583 1895 λεηλα-

202 1898 336 1977 Krioa]
367 1895 596 1979 λεηλΞΞ-ήσειε
625 1898 764 1988 Μυῒ]
791 1944 820 1977 L
877 1899 947 1977 1b5.t
968 1894 1143 1955 Ov'ae‘yvmv']
1180 1895 1303 1933 οὔνων
1334 1899 1374 1932 Α.
1425 1896 1584 1933 Οὕννων

248 1955 310 1978 em.
499 1969 507 1978 .
532 1956 698 1989 αποπορε
717 1958 741 1992 ᾳ
822 1955 886 1989 ege
910 1954 931 1978 a
948 1955 989 1977 ur
1011 1955 1166 1990 αποριᾳ.

110 2045 310 2082 Colchidem
331 2045 560 2091 irrumpente,
589 2048 762 2091 captaque
786 2045 916 2087 Petra,
949 2043 1062 2089 iisque
1085 2044 1218 2090 gestis,
1239 2054 1330 2090 quae
1354 2055 1375 2078 a
1398 2055 1451 2078 me
1474 2055 1578 2090 supra

107 2093 284 2128 declarata
314 2096 410 2132 sunt,
444 2103 599 2136 magnam
633 2092 792 2125 Persicus
824 2091 921 2125 miles
952 2091 1083 2124 cladem
1115 2089 1270 2135 accepit,
1306 2101 1374 2135 qua
1407 2102 1575 2125 armorum

107 2138 294 2178 conflictu,
328 2149 397 2183 qua
425 2137 575 2182 regionis
609 2137 798 2182 asperitate
823 2138 866 2171 ob
890 2137 1064 2181 scopulos,
1101 2141 1140 2170 ut
1171 2135 1267 2180 dixi,
1300 2141 1576 2181 praeruptosque

106 2189 238 2219 montes
269 2183 327 2217 vix
359 2184 520 2228 perviae3
555 2195 622 2229 qua
653 2183 870 2229 pestilentia,
902 2194 991 2228 quae
1014 2183 1135 2216 bonam
1160 2181 1334 2215 exercitus
1359 2188 1491 2226 partem
1515 2182 1575 2216 de-

105 2231 329 2276 pascebatur3
353 2240 420 2274 qua
444 2228 592 2275 denique
614 2229 882 2263 necessariorum
906 2229 1062 2274 penuria.
1096 2227 1238 2261 Interim
1262 2239 1306 2260 ex
1330 2227 1475 2261 Perside
1498 2227 1572 2271 qui-

106 2275 183 2310 dam
209 2274 403 2310 nunciatum
434 2274 576 2309 veniunt
606 2274 810 2308 Belisarium
844 2275 889 2309 ad
923 2274 1041 2307 urbem
1064 2273 1211 2308 Nisiben
1235 2272 1309 2307 acie
1333 2272 1472 2307 devicto
1497 2273 1573 2307 Na-

103 2321 194 2356 beda
216 2320 490 2367 progressionem
514 2321 648 2362 sacere3
684 2320 848 2355 Isautano
873 2319 1046 2365 praesidio
1065 2318 1246 2353 obsidione
1264 2322 1381 2363 capto,
1406 2318 1570 2353 Blescha-

103 2378 190 2402 mem
222 2371 259 2401 et
292 2365 508 2410 octingentos
530 2366 711 2400 Persarum
735 2366 870 2410 equites
893 2364 1049 2410 captivos
1071 2364 1211 2399 ducere.
1258 2364 1446 2398 Praeterea
1470 2375 1569 2397 exer-

104 2412 175 2447 citu
205 2413 432 2446 Romanorum
465 2411 533 2445 alio
567 2423 643 2446 cum
675 2412 804 2445 Aratha
835 2412 1084 2446 Saracenorum
1118 2411 1207 2444 duce
1230 2409 1399 2450 immisso,
1433 2409 1569 2454 Tigrim

102 2457 244 2493 fluvium
266 2462 538 2502 transgressum,
577 2461 750 2502 totamque
768 2456 857 2491 illam
882 2455 1092 2501 provinciam
1115 2455 1217 2489 nullis
1241 2460 1344 2488 antea
1366 2454 1569 2488 incursioni-

102 2504 168 2538 bus
187 2504 430 2538 labefactatam
455 2503 672 2548 depopulari.
721 2504 865 2548 Insuper
888 2502 1086 2536 Hunnorum
1110 2512 1252 2546 agmen,
1275 2500 1366 2545 quod
1390 2499 1423 2533 in
1449 2503 1567 2534 Arme·

104 2559 166 2583 nos
189 2550 362 2584 Romanae
383 2548 558 2583 subiectos
583 2548 703 2582 ditioni
730 2550 904 2583 Chosroes
936 2547 1132 2593 expedierit
1165 2547 1231 2590 (ut
1264 2558 1304 2580 eo
1335 2545 1566 2580 contendente

105 2594 255 2628 Romano
277 2595 406 2637 milite,
440 2594 523 2640 quid
547 2593 622 2640 ipse
646 2594 682 2627 in
706 2593 873 2628 Colchide
895 2594 1094 2635 moliretur,
1129 2592 1239 2626 minus
1269 2591 1493 2634 attenderet)
1530 2589 1565 2623 iu

102 2639 320 2675 Valerianum
349 2644 385 2675 et
414 2640 585 2674 Romanos
617 2639 799 2684 incidisse,
831 2639 1068 2683 consertisque
1101 2637 1256 2672 manibus
1279 2635 1408 2670 infelici
1433 2634 1566 2680 praelio

102 2695 274 2730 pugnasse
296 2697 384 2731 pene
406 2685 449 2720 ad
473 2685 752 2720 internecionem.
797 2685 863 2720 His
887 2685 1037 2726 auditis,
1071 2684 1202 2718 Persae
1223 2683 1292 2716 iam
1316 2683 1391 2715 fere
1415 2681 1526 2714 confec
1535 2680 1563 2714 ti

102 2730 252 2766 Lazicae
272 2730 425 2776 regionis
456 2730 661 2777 iniquitate,
697 2730 799 2766 veriti
833 2743 876 2766 ne
910 2731 947 2765 in
976 2735 1078 2766 tanta
1109 2740 1222 2765 rerum
1248 2726 1463 2762 difficultate
1499 2727 1562 2762 ob·-
