1800 3126
327 153 424 201 428
775 155 834 200 IN
866 156 1008 199 HIST.
1041 157 1294 203 ARGANAM

488 265 650 314 Poplite
676 265 778 311 fusa
804 271 938 311 tenu-5,
961 266 1134 313 pretioso
1168 264 1344 304 candida
1373 268 1508 306 limbo.

496 319 706 356 Caesareo-5·
736 319 918 355 humeros
947 318 1106 355 ardenti
1133 322 1282 357 murice
1310 324 1404 359 texit

494 376 753 423 Circumfusa
781 374 979 423 chlamy-9,
1009 375 1129 411 rutilo
1159 389 1263 426 quae
1291 385 1434 414 ornata
1459 378 1616 416 metallo

488 431 698 479 Principis
727 437 855 466 exerta
883 429 1061 467 vincebat
1089 430 1246 467 lumina
1274 430 1422 479 dextra,

486 484 622 521 Aurea
651 487 861 521 iuncturas
889 498 1023 521 morsu
1043 488 1303 535 praestrinxit
1331 486 1485 525 adunco

483 539 653 588 Fibula,
683 547 718 575 et
747 553 773 576 a
800 541 967 576 summis
990 554 1167 590 gemmae
1193 543 1343 578 nituere
1370 545 1531 594 catenis,

489 595 673 632 Gemmae
703 609 804 645 quas
835 596 964 632 Getici
987 596 1091 642 felix
1120 597 1291 632 victoria
1319 597 1412 633 belli·

485 651 702 699 Praebuit,
733 658 851 700 atque
866 650 1016 701 favens
1045 649 1218 687 domini-⁵·
1246 653 1445 689 Ravenna
1471 652 1630 703 reverit,

491 706 682 755 Quasque
710 720 737 742 a
770 707 814 744 V
807 705 999 742 andalica
1024 707 1254 742 Belisarius
1281 707 1422 743 attulit
1449 707 1562 755 aula,

484 762 614 811 Signa
642 761 934 811 triumphorum
957 763 1025 811 pie
1055 762 1276 799 lastiniam
1304 769 1474 800 tuorum.

200 817 229 850 A
254 818 298 852 77
323 815 467 851 Verum
494 817 536 852 in
559 818 763 853 Iustiniani
790 824 897 854 veste
925 818 1056 854 nescio
1087 816 1180 868 quid
1209 818 1403 867 peculiare
1430 818 1551 854 fuisse
1578 813 1748 852 indicare

319 871 531 920 Procopius
559 871 732 919 videtur,
775 871 880 923 quod
907 873 971 908 vel
1000 885 1021 908 a
1049 872 1220 909 barbaris
1248 879 1447 910 mutuatus
1477 874 1544 919 sit,
1584 871 1647 907 vel
1676 883 1749 907 ex-

320 927 498 974 cogitarit
525 928 608 977 ipse
636 929 888 965 Iustinianus.
945 928 1056 964 Certe
1081 924 1411 976 Ἰουστινιάνειον,
1447 927 1749 975 Ιιιειίηίαηειιηι,

320 979 550 1019 diadematis
594 982 794 1034 quoddam
839 996 962 1033 genus
1003 981 1151 1019 dictum
1188 983 1308 1020 fuisse
1347 985 1536 1033 Georgius
1578 980 1749 1018 eodinus

318 1043 378 1072 est
409 1044 531 1074 autor.
590 1038 702 1083 Quod
737 1040 819 1075 eius
858 1041 1044 1088 interpres
1075 1037 1273 1075 doctorale
1308 1039 1429 1076 fuisse
1457 1038 1651 1088 capitium
1687 1035 1750 1072 di-

317 1093 448 1138 vinat,
488 1099 532 1128 ut
570 1105 685 1143 saepe
723 1094 766 1128 in
804 1107 849 1130 eo
886 1094 1020 1130 libello
1059 1092 1232 1130 divinare
1271 1095 1384 1131 solet.
1440 1093 1544 1131 Cedo
1571 1093 1614 1129 in
1641 1098 1763 1130 veste.

318 1148 566 1196 imperatoria
613 1147 888 1185 huiuscemodi
932 1149 1063 1198 capitii
1105 1149 1273 1186 formam
1312 1156 1350 1186 et
1393 1162 1521 1186 usum.
1586 1147 1748 1184 Iacobus

317 1203 521 1240 Gretserus
558 1205 619 1240 vir
658 1203 792 1240 doctus
826 1205 1020 1240 invenisse
1064 1217 1105 1240 se
1143 1211 1274 1253 putat,
1319 1204 1542 1255 profertque
1583 1215 1748 1239 aeneum

315 1260 744 1295 nomisma-Iustiniani
772 1258 866 1295 huic
894 1271 1010 1295 aureo
1039 1271 1201 1295 nummo
1237 1260 1454 1309 persimile,
1493 1271 1612 1310 quem
1638 1259 1750 1308 prin-

314 1325 406 1362 ceps
447 1316 652 1364 utriusque
688 1316 846 1364 linguae
886 1313 1092 1351 cardinalis
1121 1315 1354 1351 Barberinus
1395 1327 1446 1350 ex
1480 1325 1640 1350 musaeo
1678 1325 1749 1349 suo

313 1369 463 1415 aureis,
506 1370 778 1421 argenteisque
807 1371 1052 1406 nomismatis
1087 1370 1339 1407 refertissimo
1368 1368 1467 1406 mihi
1499 1367 1628 1415 dedit3
1671 1369 1750 1404 cri-

312 1429 534 1475 statamque
563 1426 696 1471 illam,
729 1437 849 1476 quam
877 1424 987 1462 vides
1017 1425 1170 1474 galeam
1201 1424 1300 1473 [vid.
1331 1425 1396 1474 fig.
1426 1425 1499 1474 6]‚
1539 1425 1749 1460 IUSTIMA-

310 1490 426 1515 NEAM
467 1479 612 1516 dictam
648 1481 851 1517 Gretserus
897 1481 1110 1517 existimat.
1177 1482 1323 1518 Verum
1361 1486 1448 1516 ante
1488 1479 1747 1516 Iustinianum

310 1533 581 1582 Theodosius,
622 1537 865 1582 Marcianus,
904 1537 1007 1582 Leo,
1047 1537 1178 1582 Zeno,
1217 1532 1480 1582 Anastasius,>
1508 1541 1547 1570 et
1574 1535 1746 1570 Iustinus

310 1589 480 1626 eandem
513 1588 733 1641 πτερωτήν,
773 1592 958 1638 cristam,
997 1591 1038 1626 in
1068 1591 1179 1640 galea
1209 1596 1431 1640 gestarunt,
1471 1596 1516 1626 ut
1542 1591 1584 1625 in
1611 1601 1747 1625 eorum

309 1646 557 1682 nomismatis
585 1652 767 1695 apparet3
799 1652 915 1696 atque
946 1646 1014 1681 illa
1045 1653 1102 1682 est
1124 1658 1241 1695 quam
1265 1645 1542 1696 τροπαιουχίαν
1568 1650 1747 1683 vocatam

309 1699 418 1736 idem
454 1699 627 1737 Codiuus
667 1701 847 1737 affirmat.
911 1699 1062 1736 Deinde
1107 1699 1209 1736 illud
1243 1701 1526 1737 Iustinianeum
1566 1697 1748 1735 diadema

309 1767 389 1791 non
418 1755 606 1791 bellicum
635 1762 702 1792 aut
731 1763 924 1792 castrense
953 1756 1050 1802 fuit,
1081 1754 1151 1792 sed
1180 1756 1343 1802 civium,
1374 1762 1411 1792 et
1441 1767 1517 1806 quo
1545 1755 1587 1790 in
1615 1755 1745 1801 sacris,

310 1817 350 1846 et
386 1811 428 1846 iu
465 1811 638 1848 ecclesiis
676 1811 871 1847 utebatur.
930 1812 1054 1856 Quare
1085 1812 1167 1847 eius
1195 1811 1364 1847 formam
1390 1809 1492 1847 hanc
1519 1809 1639 1846 fuisse
1666 1822 1748 1846 non

311 1864 471 1914 dubito,
503 1879 623 1917 quam
650 1879 767 1903 nemo
798 1873 886 1902 ante
914 1867 1174 1903 Iustinianum
1202 1879 1408 1916 usurpasse
1435 1864 1610 1912 videtur,
1639 1871 1678 1901 et
1704 1866 1747 1900 in

309 1923 430 1958 sacris
461 1928 499 1958 et
529 1921 625 1958 dum
655 1923 696 1958 in
727 1922 898 1958 ecclesiis
927 1933 1090 1958 munera
1119 1923 1293 1958 Antistiti
1323 1920 1526 1967 offerebat,
1556 1933 1648 1957 eum
1675 1931 1747 1969 ge-

310 1983 432 2014 stasse
460 1975 558 2014 haec
587 1990 639 2014 ex
665 1978 820 2014 musivo
849 1977 983 2013 tabula
1009 1978 1216 2013 Ravennae
1245 1983 1420 2014 testatur.
1479 1974 1580 2024 [Vid.
1609 1975 1676 2024 fig.
1705 1978 1744 2015 7.

173 2038 201 2066 Ρ
226 2036 290 2070 146
314 2033 367 2081 8.]
425 2034 529 2069 Num
555 2031 720 2070 habitus
749 2034 926 2082 corpori-s·
958 2030 1104 2068 iudicat
1139 2032 1369 2081 capillitium
1398 2044 1421 2067 a
1447 2031 1574 2068 fronte
1605 2029 1745 2066 deton-

163 2081 197 2112 Ὺ
221 2082 288 2116 368
311 2086 430 2124 51]ιηῖ
469 2089 727 2135 Venetorum,
760 2089 900 2139 quibus
927 2087 1084 2123 favebat
1110 2088 1368 2134 Iustinianus,
1405 2087 1438 2123 is
1463 2091 1544 2122 erat
1572 2083 1743 2132 habitus,

242 2128 286 2162 78
309 2150 354 2178 ut
378 2156 494 2193 supra
522 2142 654 2180 docuit
673 2145 896 2192 Procopius.
954 2144 1078 2187 Quare
1107 2140 1317 2189 Cedrenus,
1346 2138 1418 2191 τήν
1445 2137 1623 2190 κεφαλὴν
1651 2137 1744 2191 πρός

307 2193 434 2248 κόμης
462 2193 604 2244 κᾶλλος
643 2195 781 2249 μικρὸν
818 2195 1127 2246 ἐψαλλισμὲνην,
1165 2198 1292 2246 capite
1321 2195 1379 2232 ad
1404 2209 1537 2233 comae
1558 2195 1745 2245 pulchri-

309 2251 487 2289 tudinem
516 2253 703 2289 nonnihil
724 2252 882 2289 detonso
894 2266 911 2298 ,·
939 2265 1032 2288 nam
1051 2253 1140 2301 lego
1166 2250 1465 2303 ἐψαλλισμένην,
1493 2263 1570 2287 nou
1599 2258 1642 2287 ut
1669 2248 1743 2286 ha-

309 2308 404 2344 bent
432 2309 614 2358 impressi
637 2309 740 2355 libri,
772 2306 1043 2358 ἐψιλωμένην.·
1072 2319 1188 2344 nemo
1217 2309 1322 2343 enim
1349 2313 1418 2354 est,
1450 2308 1518 2357 qui
1538 2306 1742 2343 Iustiniani

310 2364 511 2401 calvitium
540 2365 581 2399 in
610 2365 778 2415 antiquis
806 2365 980 2400 nummis
1010 2361 1172 2410 viderit,
1201 2369 1245 2399 ut
1273 2362 1322 2399 ad
1350 2376 1389 2412 p.
1421 2364 1473 2403 37
1502 2359 1599 2397 dixi.

417 2420 462 2455 P.
493 2418 567 2466 88,
602 2421 638 2459 1.
699 2420 811 2469 Quae
838 2419 917 2455 sibi
943 2419 1130 2468 rescripto
1159 2416 1428 2468 respondenda
1450 2417 1611 2464 forent,
1647 2415 1743 2452 haec

307 2487 385 2510 non
412 2475 474 2510 uti
501 2487 585 2510 mos·
623 2482 698 2525 est,
738 2476 940 2524 quaestori
976 2473 1262 2523 committebat]
1302 2475 1403 2509 Hinc
1441 2471 1566 2522 liquet
1598 2483 1741 2508 munus

306 2531 428 2566 fuisse
459 2531 674 2580 quaestoris
704 2528 946 2566 edendarum
972 2530 1106 2578 legum
1134 2529 1280 2565 formas
1309 2539 1564 2577 componere,
1595 2533 1632 2562 et
1654 2526 1742 2576 ple-

307 2597 428 2635 raque
466 2587 507 2621 in
543 2591 681 2622 senatu
718 2598 784 2623 ore
817 2592 932 2622 tenus
976 2586 1246 2635 pronunciare.
1313 2581 1487 2620 Cassiod.
1525 2582 1615 2620 Var.
1654 2581 1683 2617 l.
1714 2582 1740 2620 6

306 2642 422 2690 epist.
456 2641 724 2690 Quaesturam
746 2647 826 2678 toto
856 2637 970 2676 corde
995 2639 1216 2688 recipimus,
1245 2651 1368 2689 quam
1395 2643 1554 2674 nostrae
1579 2637 1742 2686 linguae

305 2709 437 2733 vocem
466 2709 544 2733 esee
572 2709 780 2734 censemus.
838 2695 1032 2746 Spartian.
1062 2695 1103 2730 in
1133 2693 1328 2742 Adriano3
1369 2699 1625 2744 quaesturam
1651 2704 1741 2742 ges-

306 2753 372 2801 sit,
403 2754 446 2790 in
475 2766 558 2804 qua
586 2754 802 2791 orationem
824 2751 1074 2801 imperatoris
1102 2750 1146 2787 in
1173 2757 1313 2789 senatu
1341 2749 1540 2799 agrestius
1560 2759 1741 2799 pronun-
