1800 3126
600 140 790 183 NOTAE
823 139 1117 183 ALEMANNI.
1349 160 1351 162 ·
1491 141 1587 188 391

133 251 302 302 legimus
329 248 624 298 nobilissimos,
660 250 729 301 qui
756 261 962 301 nunquam
996 247 1188 286 Caesare-s·
1215 247 1398 297 fuerunt,
1435 250 1589 289 Euma-

133 306 262 354 thius,
293 306 362 357 qui
389 306 591 357 Hysminii
620 312 658 342 et
689 307 922 357 Hysminiae
953 304 1158 358 descripsit
1187 318 1361 354 amores,
1389 314 1590 356 protono-

131 363 355 401 bilissimas
392 370 488 400 erat.
546 363 651 412 Ergo
681 364 920 400 Iustinianus
950 362 1227 400 nobilissimus·
1265 362 1486 413 appellatus
1514 372 1588 413 est,

131 431 222 457 cum
250 431 274 455 a
300 420 452 456 Iustino
477 425 537 456 est
567 418 775 470 adoptatus
800 419 873 457 sub
903 420 1063 456 initium
1090 420 1262 471 imperii,
1293 426 1338 456 ut
1367 419 1470 456 clare
1488 422 1590 458 Pro-

131 475 266 526 copius
303 475 497 526 significat
534 475 562 512 l.
597 478 616 515 1
659 476 752 513 bell.
787 477 897 514 Pers.
940 475 1092 514 Caesar
1129 483 1262 514 autem
1306 477 1589 527 pronunciatus

129 531 206 569 fuit
234 544 336 569 anno
363 545 493 580 nouo,
529 539 573 569 ut
602 539 662 569 est
690 530 795 583 apud
822 533 967 583 Evagr.
998 533 1027 570 l.
1059 532 1086 573 4
1115 546 1148 570 c.
1178 534 1217 573 9.
1254 529 1390 587 Τούτῳ
1418 536 1473 588 τῷ
1498 529 1591 573 ’Iov-

129 588 250 642 πίνῳ
289 585 433 640 ὄγδοον
471 587 555 635 ἔτος
589 590 663 639 τῆς
691 589 891 657 βασιλείας
927 586 1065 641 ἄγοντι
1102 587 1217 629 ἐννέα
1253 603 1294 628 τε
1335 591 1467 656 μῆνας
1492 586 1591 642 πρὸς

127 643 257 696 τρισὶν
285 642 451 711 ἡμέραις
475 639 745 694 Ἰουστινιανός
773 640 1016 695 ἀδελφιδοῦς
1045 641 1324 698 συμβασιλεύει
1344 641 1591 698 ἅναρῤηθεὶς

126 702 180 756 τῇ
216 697 354 756 πρώτῃ
387 702 460 740 τοῦ
495 701 704 749 ξανθικου.
765 700 868 739 Cum
898 701 1086 739 Iustinus
1124 709 1209 739 octo
1249 714 1401 753 anno-9,
1439 715 1591 740 menses·

126 769 289 805 novem,
321 764 356 794 et
385 756 471 795 dies
499 763 578 794 tres
605 765 830 809 regnasset,
861 757 1135 796 Ιιωίίηιαηιιηι
1165 759 1318 795 sororis
1334 758 1479 810 filium
1509 758 1591 797 sibi

127 814 173 850 in
200 815 426 851 societatem
455 814 615 865 imperii
645 812 814 864 gerendi
850 816 1029 861 ascivit}
1065 816 1138 866 qai
1170 814 1322 852 Caesar
1354 813 1591 854 declaratus.-

122 870 212 919 fuit
241 871 382 921 prima
417 867 482 906 die
519 872 665 907 mensi-s·
703 870 924 921 Xanthiai,
973 870 1021 908 id
1062 879 1139 920 est,
1191 871 1372 908 calendis
1411 872 1590 923 Aprilis.

127 925 242 963 Idem
270 926 499 977 comprobat
537 928 746 979 antiquum
775 929 973 965 nomisma
1003 941 1025 964 a
1056 928 1141 965 viro
1170 925 1460 966 humanissimo
1488 930 1590 967 Dio-

127 983 243 1033 nysio
275 983 486 1021 Octaviano
521 982 627 1020 Sada
662 984 776 1021 uobis
816 983 1027 1031 traditum,
1071 985 1113 1020 in
1151 985 1263 1022 cuius
1304 998 1441 1022 aversa
1475 992 1589 1036 parte

126 1045 188 1076 est
216 1037 411 1091 ἐπίσημον
441 1054 466 1085 ς
492 1039 687 1077 Graecum
715 1053 808 1077 cum
835 1041 962 1079 tribus
990 1041 1143 1077 Latinis
1171 1041 1321 1079 notulis
1347 1054 1411 1079 111.
1443 1042 1588 1094 quibus

124 1090 327 1146 colligitur
353 1108 509 1133 summa
539 1109 685 1134 novem
712 1109 920 1134 annorum.
980 1095 1083 1146 [Vid.
1108 1096 1175 1147 fig.
1198 1098 1254 1148 2.]

237 1153 284 1189 P.
306 1153 381 1201 67,
410 1153 451 1192 2.
518 1154 632 1191 Metu·
669 1167 719 1190 ac
747 1154 869 1190 minis
898 1154 939 1193 S.
968 1155 1022 1192 P.
1058 1153 1105 1203 Q.
1139 1155 1380 1205 perterritae
1419 1154 1462 1190 in
1500 1166 1589 1191 eam

124 1207 349 1258 impellitur
386 1210 649 1260 sententiam]
701 1210 950 1248 Contrarium
992 1216 1124 1246 narrat
1162 1210 1296 1248 Victor
1333 1210 1589 1259 Tunnensis3

125 1264 310 1303 Iustinus
337 1263 557 1316 Augustus·
586 1266 865 1304 lastinianum
904 1273 1082 1316 nepotem
1111 1279 1234 1303 suum
1262 1264 1322 1304 ad
1358 1273 1591 1304 senatorum

123 1321 459 1372 supplicationem
487 1323 642 1359 invitus
674 1322 885 1360 Caesarem
906 1322 1031 1373 facit.
1090 1322 1261 1373 Cyrillus
1290 1321 1590 1374 scythopolita-

123 1390 220 1425 nus,
251 1376 472 1418 συναινέσει
500 1374 632 1429 πάσης
660 1381 733 1430 τῆς
763 1375 980 1431 συγκλήτου
1010 1379 1180 1430 βουλῆς,
1221 1380 1408 1416 universo
1443 1387 1590 1417 senatu

123 1433 416 1484 comprobante.
471 1435 532 1471 Ita
569 1435 683 1486 loqui
713 1435 906 1482 solemus,
947 1448 1039 1472 cum
1075 1437 1118 1472 in
1158 1437 1328 1473 comitiis
1367 1436 1433 1473 vel
1469 1436 1590 1488 pauci

124 1497 260 1542 aperte
286 1491 530 1538 reclamant,
563 1492 629 1528 vel
657 1492 775 1528 multi
805 1491 958 1529 occulte
987 1490 1260 1529 adversantur.
1319 1493 1423 1530 Sane
1452 1494 1495 1529 in
1525 1506 1591 1530 re·-

123 1548 376 1584 nunciatione
415 1543 694 1597 suffragiorum
730 1550 961 1585 universum
1005 1556 1188 1585 senatum
1228 1555 1266 1585 et
1311 1549 1507 1600 populum
1546 1550 1590 1586 in

125 1601 294 1640 eandem
322 1604 487 1640 minime
515 1604 634 1641 ivisse
663 1605 902 1642 sententiam
918 1617 1001 1670 par
1030 1611 1090 1642 est
1119 1603 1305 1653 credere3
1339 1618 1460 1657 quare
1492 1605 1591 1643 sub-

123 1657 299 1696 indicare
326 1661 542 1711 Procopius
570 1659 748 1710 videtur,
789 1674 880 1698 cum
915 1661 965 1699 iis
1000 1661 1267 1699 Iustinianum
1301 1663 1422 1700 minis
1459 1663 1586 1713 egisse
1607 1666 1639 1701 A
1662 1665 1708 1701 43

123 1717 197 1768 qui
223 1716 524 1766 refragarentur.

235 1774 281 1810 P.
303 1773 370 1819 67,
394 1773 435 1812 3.
493 1774 703 1824 διωσφενε
721 1771 1035 1811 dominationem
1064 1775 1179 1811 tertio
1212 1781 1306 1811 ante
1321 1774 1479 1826 fictum
1501 1775 1590 1811 Pa-

124 1827 279 1866 schatis
305 1827 383 1879 die]
416 1831 500 1867 Hoc
526 1836 597 1877 est,
623 1830 732 1878 feria
762 1831 926 1897 quinta-
934 1832 1107 1867 maioris
1134 1830 1409 1878 hebdomadis,
1439 1838 1484 1867 ut
1510 1832 1592 1882 Cy-

125 1885 239 1923 rillus
264 1883 614 1936 scythopolitanus
641 1884 836 1934 declarat,
875 1888 926 1940 τῇ
941 1881 1050 1953 ἆγίᾳ
1077 1885 1249 1957 πέμπτῃ.
1306 1886 1591 1938 Theophanes,

124 1944 182 1995 τῷ
210 1939 254 1981 δὲ
279 1937 466 1995 Ἀπριλίῳ
497 1941 595 2010 μηνὶ
625 1938 764 2007 πρώτῃ
796 1945 867 1993 τῆς
899 1937 1024 1994 αὐτῆς
1051 1942 1230 2011 πέμπτης
1261 1942 1511 1990 ἰνδικτιωνος
1539 1945 1594 1998 τῇ

125 1996 244 2053 ἑορτῇ
269 2000 343 2038 τοῦ
373 1997 517 2049 Πάσχα
542 1994 774 2066 ἀσθενήσας
803 1997 824 2038 ὁ
851 1996 1036 2051 βασιλεύς
1065 1995 1272 2047 Ἰουστῖνος
1295 2000 1592 2053 προεχειρίσατο

125 2052 182 2093 ἔτι
211 2056 289 2102 ζων
318 2054 374 2101 εἰς
398 2053 562 2106 βασιλέα
580 2050 857 2095 Ἰουστινιανὸν
884 2052 949 2095 τὸν
979 2054 1085 2096 ἴδιον
1112 2051 1299 2107 ανεψιδν,
1324 2055 1394 2096 καὶ
1425 2055 1591 2106 ἔστεψεν

126 2106 268 2159 αὕτᾶν,
311 2125 377 2150 και
414 2111 741 2163 συνεβασίλευσεν
780 2107 890 2166 αὐτῷ
918 2113 1049 2163 μῆνας
1087 2111 1286 2165 τέσσαρας.
1343 2114 1426 2150 Die
1446 2114 1592 2164 prima

122 2168 293 2218 (quinta
320 2167 492 2218 Cyrillus
520 2164 665 2222 habet)
692 2169 839 2205 mensi-s·
861 2152 1041 2220 ‘Aprili-r,
1074 2168 1292 2206 indictione
1321 2171 1491 2234 quinta,
1522 2167 1589 2206 die

114 2225 225 2275 fecto
253 2222 450 2275 Paschae,
479 2225 696 2275 imperator
725 2224 912 2263 Iustinus
940 2232 1170 2276 aegrotans,
1199 2224 1338 2262 adhuc
1366 2227 1502 2264 vivens
1530 2223 1591 2262 ad

127 2281 339 2332 imperium
373 2282 575 2331 promovit
610 2281 886 2319 lastinianum
922 2289 1120 2333 nepotem,
1162 2296 1329 2334 eumque
1364 2284 1588 2330 coronavit,

125 2343 165 2374 at
199 2337 327 2374 simul
359 2338 611 2388 imperarunt
647 2351 798 2375 menses
827 2345 1016 2389 quatuor.
1075 2340 1112 2376 A
1139 2340 1332 2390 Procopio
1364 2337 1587 2390 Theopha-

126 2405 222 2430 nem
263 2391 484 2445 discrepare
519 2406 601 2432 non
641 2394 830 2442 arbitror3
878 2407 973 2432 nam
1013 2402 1104 2433 ante
1141 2394 1295 2434 Pascha
1335 2394 1586 2446 designatum

129 2449 336 2488 caesarem
371 2451 636 2488 lastinianum
671 2450 929 2499 crediderim3
971 2453 1058 2502 ipso
1093 2465 1188 2490 vero
1217 2425 1445 2490 paschati?
1460 2451 1523 2488 die
1563 2464 1587 2487 a

124 2506 275 2557 ,populo
305 2508 620 2556 consalutatum3
650 2506 727 2546 hoc
745 2506 1027 2561 Theophanes,
1056 2508 1160 2547 illud
1181 2510 1399 2560 Procopius
1426 2520 1585 2545 narrare

129 2560 296 2600 videtur.
1647 2562 1650 2566 ’

241 2619 289 2656 Ρ.
311 2621 384 2668 67,
413 2618 456 2661 4-
510 2621 674 2658 Festum
700 2620 945 2672 Paschatis]
987 2622 1035 2658 In
1064 2621 1214 2659 Graeco
1244 2627 1304 2658 est
1330 2621 1403 2671 τῆς
1430 2617 1583 2671 ἑορτῆς.

131 2674 213 2712 Nos
239 2673 461 2716 addidimus
488 2677 729 2724 Paschatis;
756 2691 851 2716 nam
877 2679 1027 2717 festum
1049 2676 1282 2716 christianis
1313 2676 1493 2714 omnium
1521 2676 1585 2712 fe-

132 2735 286 2768 storum
323 2733 642 2783 celeberrimum,
685 2736 742 2772 ita
780 2749 852 2787 per
888 2734 1090 2789 quandam
1130 2734 1410 2772 excellentiam
1444 2733 1585 2769 Graeci

133 2787 403 2828 nominarunt.
453 2792 556 2830 Hinc
593 2790 838 2846 ἓορταστικαὶ
876 2792 1067 2845 epistolae
1107 2798 1147 2830 et
1186 2789 1375 2829 homiliae
1390 2818 1401 2839 ,
1439 2789 1584 2842 quibus
