1800 3126
556 149 746 193 NOTAE
779 149 1070 194 ALEMANNI.
1332 142 1334 144 ’
1447 149 1546 197 453

101 255 431 326 εἰσπράττεσθαι,
445 257 513 299 και
542 262 660 300 τοῦτο
689 257 788 300 κατοῖ
818 272 950 311 πασης
979 256 1128 311 ἐκράτει
1155 261 1228 311 τῆς
1252 255 1449 310 υπηκόου,
1478 260 1547 302 καὶ

99 320 177 365 πᾶς
205 315 230 358 o‘
257 315 299 357 ἐκ
325 310 516 368 γειτόνων
545 316 669 357 οἰκῶν
696 332 763 356 και
791 332 885 363 τους
914 319 993 356 τῶν
1021 316 1192 368 πλησίον
1213 314 1397 368 παρέχειν
1426 313 1546 370 η’ναγ-

99 370 232 421 niceto
258 370 423 424 φόρους,
452 371 528 412 εἴτε
555 369 635 412 ὕπὸ
662 376 733 412 τοῦ
761 374 903 424 λοιμοῦ
929 373 997 412 καὶ
1024 375 1096 425 τῆς
1125 372 1276 420 ἐνδείας
1305 371 1546 424 ἐκτριβέντες

97 424 220 481 ἦσαν,
248 427 323 468 εἴτε
351 431 430 468 τῶν
459 428 599 470 οἰκιων
630 424 844 468 οἷναστατοι
875 426 940 469 διά
970 445 1042 480 την
1073 425 1253 482 οῗνοῖγκην
1282 428 1546 481 γεγενημένοι.

90 486 229 540 ‚Pestis
257 491 292 521 et
312 485 472 534 fames,·
501 483 580 523 duo
599 485 698 522 haec
718 486 830 522 mala
854 499 977 537 aeque
997 487 1226 536 perniciosa
1243 485 1548 536 grassabantur

97 542 140 580 in
178 540 380 592 quasdam
409 549 550 592 partes
588 543 751 592 imperio
781 543 970 580 Romano>
995 543 1223 589 subiectas;
1261 540 1363 579 unde
1395 542 1547 580 multae

97 596 242 637 domus
269 599 354 635 sine
380 596 610 635 hominibus
637 605 772 649 erant,
808 611 954 635 necnon
980 600 1102 650 pagi,
1137 600 1389 650 integraeque
1413 599 1546 646 fami-

96 653 200 702 liae,
230 668 280 692 ac
306 654 429 692 villae
455 653 754 692 habitatoribus
781 655 993 695 vacabant.
1057 655 1321 705 Quamobrem
1350 655 1545 705 reipubli-

97 723 166 748 cae
194 718 411 757 curatores,
438 724 586 748 necnon
616 712 829 762 imperator
847 713 930 762 ipse
952 719 1235 762 praecaventes
1260 725 1309 749 ne
1330 711 1546 762 publicum

96 769 303 805 aerarium
331 768 482 804 annuis
508 769 680 804 istorum
707 767 974 819 vectigalibus
1001 770 1258 818 privaretur,
1296 766 1547 805 decreverunt

98 837 126 860 a
163 825 308 861 vicinis
345 825 494 874 exigere
527 823 680 861 tributa
717 824 904 869 illorum,
938 826 1011 875 qui
1040 823 1291 874 deperissent.
1348 822 1476 875 quue
1503 825 1547 861 in

99 882 283 918 universo
320 881 483 930 imperio
518 880 736 928 obtinebat,
776 887 811 917 et
841 882 1008 932 quisque
1035 883 1195 919 vicinus
1224 882 1415 931 cuiusque
1442 894 1548 932 pro-

90 937 243 988 pinqui
266 935 432 987 pendere
457 936 613 973 tributa
640 936 877 988 cogebatur,
917 939 999 974 sive
1035 937 1101 974 illi
1133 937 1180 974 ob
1213 944 1400 987 pestem,.
1426 944 1548 988 atque

97 991 364 1044 indigentiam
393 990 512 1030 deleti
528 993 722 1044 fuissent,
752 1007 821 1030 seu
849 1008 875 1030 a
899 995 1079 1044 propriis
1107 992 1268 1031 sedibus
1297 995 1548 1030 excessissent

99 1048 147 1086 ob
177 1051 460 1088 necessitatem.
519 1051 604 1088 Hoc
640 1051 822 1101 iniquum
856 1050 1066 1097 tributum,
1107 1051 1234 1088 Sabae
1269 1051 1343 1087 viri
1380 1051 1549 1087 sanctis-

98 1106 188 1143 simi
232 1113 371 1156 rogatu
421 1106 561 1144 tollere
603 1107 805 1144 volentem
848 1108 1102 1144 Anastasium
1144 1108 1328 1157 repressit
1371 1107 1548 1143 Marinus

96 1162 317 1213 praefectus
361 1164 576 1214 praetorio,
626 1170 669 1199 ut
712 1163 845 1200 scribit
884 1164 1055 1214 Cyrillus
1090 1162 1452 1214 Scythopolitauus.
1509 1163 1548 1199 Is

98 1218 267 1256 affirmat
307 1220 481 1257 ecclesiis
520 1218 629 1255 idem
665 1219 856 1256 tributum
890 1220 1120 1270 impositum
1147 1220 1284 1257 fuisse.
1339 1221 1439 1256 Rem
1467 1230 1549 1255 non

98 1273 247 1312 editam
280 1276 411 1326 placet
445 1274 511 1312 hic
539 1276 581 1312 in
612 1277 779 1326 gratIam
808 1277 1175 1313 iurisconsultorum
1207 1275 1439 1313 describere.
1501 1272 1554 1313 Οἴ

97 1346 196 1371 κατα
233 1330 368 1384 καιρὸν
414 1331 670 1403 Τρακτευταὶ,
707 1332 773 1373 καὶ
809 1333 965 1372 Βίνδικε
953 1347 989 1379 ς
1025 1348 1106 1372 των
1144 1329 1242 1371 κατὰ
1281 1330 1553 1381 Παλαιστίνην

98 1388 314 1438 δημοσίων,
344 1386 480 1428 ἑκατὸν
503 1390 665 1440 χρυσίου
689 1389 821 1439 λίτρας
850 1388 888 1435 ἐξ
915 1384 1080 1440 οἷπόρων
1109 1385 1334 1456 προσώπων
1362 1386 1429 1427 καὶ
1459 1387 1551 1426 δυσ-

97 1439 284 1497 προῖκτων
314 1440 544 1496 ανυσθῆναι
574 1443 631 1496 μη“
670 1443 893 1496 δυναμένας
931 1443 1251 1497 εἰσπραττόμενοι
1286 1440 1547 1496 ἠναγκάσθη·
1569 1450 1601 1484 A
1626 1450 1692 1485 101

100 1513 174 1540 σαν
203 1499 414 1553 ἔπιρῤίψαι
441 1516 516 1568 την
539 1497 693 1541 τούτων
719 1501 921 1566 εἴσπραξιν
949 1504 1032 1548 τοῖς
1056 1499 1155 1540 necto?
1183 1498 1431 1554 Ἱεροσόλυμα
1459 1510 1552 1539 συν-

97 1559 290 1604 τελεσταῖς
327 1572 426 1596 κατα
461 1554 677 1610 αναλογίαν
714 1561 786 1605 τῆς
817 1553 982 1597 ἕκαστον
1011 1555 1232 1624 δυναμεως.
1295 1559 1383 1596 Τῶν
1411 1557 1551 1595 τοίνυν

99 1610 236 1653 ἑκατὸν
271 1613 434 1666 χρυσίου
472 1617 626 1682 λιτρῶν
653 1611 753 1653 καθ’
781 1611 827 1654 ὃν
866 1614 1014 1665 εἴρηται
1053 1609 1203 1666 τρόπον
1233 1613 1552 1683 διανεμηθεισων

98 1671 442 1735 περισσοπρακτία,
474 1683 764 1737 απεγραφησαν
794 1687 820 1723 η
843 1685 883 1709 τε
901 1669 994 1722 αγία
1010 1666 1237 1716 Ἀνάστασις
1266 1668 1334 1708 καὶ
1356 1668 1398 1708 οἱ
1420 1665 1553 1708 λοιποὶ

101 1722 310 1791 σεβάσμιοι
333 1721 451 1766 τόποι
477 1725 544 1765 καὶ
574 1724 788 1793 οἰκήτορες.
845 1725 951 1776 πλην
978 1724 1039 1767 ὅτι
1064 1725 1181 1795 μέρος
1210 1723 1283 1777 μὲν
1312 1720 1434 1776 αὐτῆς
1463 1737 1554 1764 συν-

102 1777 289 1834 εχωρήθη
325 1779 405 1822 ὑπὸ
440 1784 514 1821 τοῦ
552 1778 723 1833 ευσεβως
757 1780 1062 1834 βασιλεύσαντος
1095 1778 1307 1822 Ἰουστίνου
1345 1777 1555 1833 ἀναφορᾶς

100 1836 311 1905 γινομένης
347 1834 426 1876 ὑπὸ
462 1840 534 1878 τοῦ
572 1835 716 1889 πατρὸς
756 1837 873 1890 ημῶν
911 1838 1040 1905 Σάβα
1067 1838 1133 1877 καὶ
1173 1840 1253 1877 τῶν
1292 1839 1442 1877 λοιπῶν
1482 1838 1555 1887 τῆς

101 1890 252 1946 ἐρήμου
298 1891 543 1946 ηγουμὲνων.
609 1897 681 1932 τοῦ
727 1892 770 1933 δὲ
807 1897 949 1934 λοιποῦ
989 1890 1112 1945 αὐτῆς
1148 1894 1274 1933 τελεία
1310 1890 1555 1945 συγχώρησις

100 1949 261 2003 γέγονεν
298 1948 363 1990 ἐπὶ
401 1953 473 2000 τῆς
505 1948 711 2001 παρούσης
747 1951 946 2002 βασιλείας
978 1946 1255 1990 Ἰουστινιανοῦ
1285 1946 1350 1989 διοῖ
1383 1950 1454 1999 τῆς
1482 1949 1555 1986 τοῦ

101 2008 218 2046 παπᾶ
259 2002 463 2058 Ευσεβίου
507 2007 710 2058 μεσιτείας.
787 2006 870 2055 Qui
902 2019 980 2057 pro
1025 2013 1194 2056 tempore
1235 2006 1278 2042 in
1315 2004 1556 2042 Palaestina

97 2061 356 2115 publicorum
385 2061 626 2100 tributorum
657 2069 912 2113 tractatores,
952 2069 988 2100 et
1022 2060 1211 2101 Vindices
1229 2063 1423 2111 fuerunt,
1464 2073 1556 2096 cum

104 2119 202 2156 auri
231 2125 386 2156 centum
424 2118 552 2156 librae
590 2117 804 2170 exigendae
841 2118 921 2156 sibi
959 2118 1272 2170 relinquerentur
1311 2131 1338 2154 a
1369 2116 1557 2168 personis

104 2177 236 2227 egenis
272 2188 374 2226 quae
413 2172 602 2212 solvendo
640 2189 722 2212 non
755 2181 902 2223 essent,
942 2177 1072 2212 coacti
1107 2181 1203 2212 sunt
1237 2187 1322 2211 eam
1359 2175 1558 2223 imponere

103 2232 345 2270 exactionem
384 2231 619 2269 tributariis
655 2231 1039 2282 Hierosolymitanis
1067 2245 1146 2283 pro
1186 2232 1381 2281 cuiusque
1407 2228 1556 2280 sacul-

105 2294 201 2326 tate.
255 2288 368 2338 Ergo
407 2288 481 2325 illo
519 2294 676 2325 centum
715 2289 810 2324 auri
846 2287 1043 2325 librarum
1073 2285 1260 2337 residuo,
1298 2300 1339 2323 eo
1379 2299 1458 2337 quo
1489 2284 1557 2321 di-

104 2345 242 2382 ximus
267 2341 408 2393 modo,
436 2345 614 2395 singulis
648 2345 853 2395 imposito,
892 2344 1056 2381 ecclesia
1084 2347 1204 2381 etiam
1230 2349 1393 2380 sanctae
1420 2354 1556 2379 resur-

105 2401 311 2452 rectionis,
340 2407 376 2437 et
403 2400 548 2450 reliqui
571 2400 809 2438 venerabiles
835 2399 934 2448 loci,
970 2414 1181 2452 eorumque
1210 2399 1459 2437 habitatores
1488 2395 1558 2434 de—

105 2457 246 2507 scripti
279 2463 391 2496 sunt.
452 2457 662 2494 Caeterum
690 2464 858 2507 tempore
886 2458 955 2508 pii
992 2457 1244 2509 imperatoris
1273 2455 1424 2493 Iustini
1458 2467 1558 2504 sup-

102 2512 356 2564 plicantibus
395 2520 511 2564 patre
549 2519 684 2551 nostro
722 2513 851 2562 Saba,
892 2520 929 2550 et
965 2513 1131 2565 reliquis
1177 2513 1294 2550 eremi
1315 2510 1559 2561 ‘hegumenis

105 2581 207 2619 pars
233 2571 320 2608 eius
347 2569 493 2607 tributi
520 2571 688 2607 remissa
703 2569 810 2620 juit.
877 2567 1047 2607 Tandem
1076 2570 1255 2621 reliquae
1274 2568 1414 2618 partis
1440 2565 1559 2602 abso-

109 2624 200 2662 luta
225 2626 403 2664 remissio
431 2634 582 2678 rogatu
607 2626 759 2664 Eusebi
778 2625 1000 2677 presbyteri
1025 2626 1076 2664 ab
1100 2625 1290 2663 hodierno
1320 2625 1558 2673 imperatore

110 2679 338 2720 Iustiniano
365 2680 593 2721 condonata
621 2689 689 2720 est.
746 2681 975 2720 Condouata
1012 2689 1071 2720 est
1109 2680 1381 2720 ecclesiasticis
1414 2679 1557 2716 Hiero-

109 2737 288 2788 solymae
316 2737 521 2788 duntaxat,
552 2738 601 2777 de
628 2737 692 2777 his
713 2740 821 2776 enim
841 2739 1010 2791 Cyrillus
1034 2740 1223 2790 loquitur.
1279 2738 1381 2773 Nam
1410 2735 1558 2786 alioqui

109 2791 230 2845 longe
256 2806 370 2834 secus
396 2808 439 2834 se
466 2809 529 2835 res
558 2795 703 2844 habet3
740 2802 878 2833 extant
907 2796 1012 2832 enim
1039 2795 1190 2832 formae
1222 2791 1409 2844 praefecti
1441 2803 1559 2841 prae-
