1800 3126
247 147 342 193 374
700 149 758 191 IN
785 147 928 190 HIST.
956 147 1211 191 ARGANAM

457 252 706 320 καταισχύνει
730 253 933 306 γέροντας,
961 251 1133 305 ἕκμαίνει
1159 252 1284 303 νέους,

458 312 602 364 ἔχθρας
629 306 792 350 ἀνάπτει
817 306 1031 358 φιλτάτων,
1059 313 1173 349 πατεῖ
1189 306 1348 360 νόμους,

460 366 568 406 καὶ
556 362 658 417 πρός
681 379 723 416 γε
750 361 903 411 τούτοις
930 360 1134 430 χρημάτων
1163 363 1293 416 σαφής
1319 363 1457 419 βλάβη.

461 418 611 467 πόσους
641 418 712 471 μὲν
733 419 866 466 οἴκους
893 414 1070 472 ἀθρόους
1095 418 1327 469 κατέσπασε,-

461 473 613 522 πόσους
642 478 865 527 προσαιτεῖν
892 475 1103 521 πλουσίους
1129 470 1347 540 η’ναγκασες

463 527 591 577 πόσας
618 528 660 569 δὲ
685 528 727 570 τὸ
753 529 848 582 πρὶν
865 526 1165 598 εὐνομουμένοις
1192 525 1326 578 πόλεις

465 583 593 636 ἄρδην
619 588 825 633 καθεῖλεν;
854 582 906 632 ὡς
932 600 1005 638 γαρ
1033 583 1172 636 ἦβωσα
1200 580 1332 633 στάσις

463 637 606 690 φόνοις
627 641 830 680 δυναστων
859 639 995 705 ἐχρανε
1019 637 1147 691 δήμου
1172 638 1296 692 χέρας,

459 691 635 747 χήρωσεν
664 691 822 746 ἀνδρῶν
845 710 916 742 τας
942 691 1075 742 πόλεις
1102 692 1210 749 νόμῳ
1241 696 1397 745 ξίφους,

463 753 545 802 πῦρ
572 749 637 789 καὶ
667 751 825 817 σίδηρος
851 748 919 797 τοὶς
944 747 1076 797 πόλεις
1102 735 1291 815 ἐνείματο,

463 809 633 858 σφαγαῖς
661 802 834 853 κολάζων
861 803 930 852 τοὶς
959 803 1130 858 σφαγοὲς,
1160 801 1303 855 φόνοις
1329 800 1493 855 φόνους.

357 859 404 894 P·
420 858 486 908 52,
506 859 547 900 4·
604 861 739 912 Neque
766 863 960 898 immanes
978 861 1055 898 lzac
1077 861 1265 899 violentia
1291 867 1439 910 nuptae
1453 856 1674 908 foeminae]

248 911 301 948 Et
328 914 460 951 statim
487 917 669 967 exemplo
692 915 735 953 id
762 916 962 954 confirmat
980 918 1205 967 Procopius.
1261 917 1314 954 At
1340 916 1411 952 illa
1437 914 1579 951 mulier
1600 914 1677 950 fuit

249 968 435 1006 violentia
463 972 738 1009 sceleratorum
768 973 976 1019 immunis,
1015 985 1112 1023 quae
1141 978 1264 1009 morte
1293 978 1471 1022 stuprum
1497 975 1678 1006 antever-

250 1024 312 1059 tit.
370 1024 451 1061 Sed
478 1027 593 1076 plane
621 1039 699 1064 non
728 1026 888 1064 deerant
913 1026 1095 1065 historico
1125 1027 1328 1078 exempla,
1364 1023 1677 1078 quae'adamus-

252 1080 329 1114 sim
356 1083 566 1118 narrationi
596 1084 859 1119 convenirent.
913 1084 1051 1120 Petrus
1078 1084 1309 1134 Apamensis
1343 1080 1462 1120 homo
1498 1081 1679 1117 factionis

251 1134 444 1182 Venetae,
473 1137 609 1173 militis
635 1136 836 1174 cuiusdam
864 1145 1119 1187 cognomento
1147 1137 1323 1188 Psephae
1350 1138 1556 1186 coniugem
1584 1148 1680 1172 con-

252 1191 464 1239 stupravit,
505 1188 534 1242 ἢ
572 1207 625 1242 μη
657 1193 876 1242 δυνηθεῖσα
909 1207 984 1243 την
1017 1190 1164 1232 ἄτοπον
1194 1192 1411 1258 ἐπιθυμίαν
1437 1194 1510 1231 τοῦ
1539 1187 1681 1242 ἀνδρὸς

251 1249 394 1295 φυγεῖν
434 1246 488 1292 εἰς
527 1244 683 1310 σφαγήν
712 1243 938 1298 ἀπεχώρησε
966 1249 1219 1313 τραγῳδοῦσα
1246 1244 1318 1294 τάς
1344 1262 1384 1287 τε
1412 1247 1576 1294 οἰκείας,
1612 1244 1681 1284 καὶ

251 1302 326 1338 τοῦ
358 1298 621 1352 γεγαμηκότος
653 1301 939 1348 έπονειδίστους
976 1299 1191 1354 ξυμφορᾶς.
1250 1303 1361 1352 Quae
1387 1315 1475 1339 cum
1500 1301 1682 1345 eoelerati

251 1354 427 1392 hominis
451 1355 653 1406 perditam
676 1358 803 1394 vitare
830 1355 1087 1406 cupiditatem
1114 1359 1372 1408 nequivisset,
1401 1370 1499 1394 suae
1525 1364 1562 1393 et
1588 1369 1681 1392 ma-

251 1411 322 1461 riti
342 1412 537 1460 infamiae
554 1413 755 1463 tragicum
769 1412 891 1462 plane
918 1411 1132 1449 remedium
1157 1411 1348 1450 adhibens
1375 1413 1419 1449 in
1447 1425 1564 1448 suam
1593 1425 1683 1448 cae-

253 1463 340 1501 dem
372 1469 574 1518 prorupit.
633 1468 816 1519 Episcopi
850 1466 1042 1504 secundae
1078 1468 1214 1518 Syriae
1253 1469 1295 1506 iu
1335 1469 1448 1518 epist.
1486 1465 1537 1504 ad
1564 1467 1680 1504 Conc-

253 1520 326 1557 sub
359 1523 589 1561 Iustiniano.

361 1578 406 1613 P·
437 1578 502 1626 53,
532 1578 573 1618 5.
629 1577 762 1629 lisque
788 1591 960 1628 magnas
994 1579 1230 1628 elargiretur
1258 1591 1366 1629 opes,
1405 1579 1492 1628 ete]
1537 1579 1682 1628 Evagr.

249 1631 280 1668 l.
310 1628 336 1670 4
369 1645 401 1668 c.
427 1632 496 1672 31.
538 1630 634 1672 ωστε
669 1633 737 1672 καὶ
771 1634 1000 1684 μιαιφονίας
1033 1630 1177 1681 αὐτους
1215 1633 1258 1673 ἐν
1293 1632 1389 1688 μέση
1421 1632 1559 1687 ημέρα.
1615 1632 1683 1672 καὶ

250 1684 294 1725 ἐν
329 1685 426 1754 μέσῃ
464 1691 514 1755 τῇ
550 1684 660 1728 πόλει
697 1685 929 1757 ἐργάζεσθαι
962 1691 1042 1728 τῶν
1079 1685 1332 1736 απεναντίας,
1372 1688 1439 1728 καὶ
1475 1704 1528 1739 μη
1557 1684 1683 1739 μόνον

250 1755 397 1788 ποινας
439 1741 493 1806 μὴ
531 1742 720 1788 δεδιέναι,
757 1739 853 1782 αλλοὶ
889 1742 957 1783 καὶ
994 1740 1207 1792 αξιοῦσθαι
1237 1747 1373 1796 γερῶν.
1439 1744 1491 1781 Ut
1527 1745 1684 1794 impune

244 1804 407 1846 possent
443 1800 533 1847 ipsa
570 1798 732 1835 meridie
768 1801 811 1835 in
849 1797 980 1835 media
1008 1801 1168 1836 civitate
1194 1798 1444 1837 adversarios
1471 1798 1684 1849 trucidare,

251 1858 289 1886 et
315 1865 395 1889 non
422 1852 538 1891 modo
566 1867 645 1891 non
666 1867 818 1904 poenas
843 1862 1074 1906 metuerent,
1108 1868 1244 1894 verum
1271 1857 1391 1893 etiam
1420 1853 1686 1906 dignarentur

245 1909 456 1957 praemii-9.

362 1965 409 1999 P·
439 1963 513 2012 53,
546 1965 612 2005 11.
671 1963 770 2005 Cum
797 1979 920 2016 neque
954 1979 1085 2003 eorum
1112 1979 1268 2005 sensum
1297 1967 1470 2017 aliquem
1497 1966 1686 2016 acciperet

251 2030 356 2067 quae
384 2032 423 2055 se
450 2027 647 2070 spectante
675 2023 719 2058 in
750 2023 853 2059 circo
878 2021 1039 2072 fierent]
1081 2024 1167 2059 Non
1196 2022 1323 2059 solum
1351 2021 1427 2059 hoc
1455 2021 1509 2059 ait
1547 2019 1595 2058 de
1622 2021 1685 2057 fa-

252 2074 468 2111 ctiosorum
498 2075 701 2123 caedibus,
741 2076 812 2113 sed
846 2079 965 2113 etiam
1003 2076 1050 2114 de
1082 2078 1269 2114 ‘conviciis
1299 2083 1337 2114 et
1373 2077 1615 2116 coutumeliis
1643 2077 1686 2112 in

250 2129 459 2179 principes,
489 2132 531 2166 in
559 2106 813 2168 Theodoram
840 2133 1070 2181 Augustam,
1102 2139 1140 2170 et
1167 2134 1209 2169 in
1236 2133 1495 2170 Iustinianum
1520 2144 1543 2168 a
1573 2132 1686 2169 vilis-

251 2184 352 2220 sima
388 2184 504 2234 plebe
542 2186 666 2223 iactis.
724 2185 869 2224 Chron.
899 2187 1115 2225 Alexandr.
1151 2190 1308 2228 πολλων
1343 2185 1500 2240 ὕβρεων
1526 2185 1707 2255 γενομέ-·

131 2247 163 2281 Α
185 2246 229 2281 28
254 2253 337 2278 νων
375 2237 516 2290 μεταξὺ
557 2243 635 2279 τῶν
673 2245 804 2293 μεροῖν
832 2241 1007 2282 Βενέτων
1037 2258 1077 2282 τε
1104 2242 1172 2282 καὶ
1199 2243 1424 2295 πρασίνων,
1460 2241 1527 2282 καὶ
1563 2238 1688 2283 πολλα

250 2291 549 2346 λοιδορήσαντες
586 2294 651 2336 τᾶν
688 2296 847 2347 βασιλέα
883 2301 1085 2349 κατῆλθον
1122 2299 1165 2338 οἷ
1198 2311 1383 2351 πρασινοι
1411 2294 1593 2345 ἕασαντες
1621 2295 1688 2338 τόν

252 2348 412 2401 βασιλέα
441 2351 506 2390 καὶ
541 2366 632 2398 τους
665 2352 852 2400 Βενέτους
880 2356 1148 2406 θεωρουντας.
1202 2353 1300 2392 Inde
1327 2354 1465 2392 multis
1491 2355 1594 2390 inter
1618 2367 1689 2406 ge-

251 2406 385 2442 minas
399 2405 607 2455 factiones·
636 2408 872 2445 Venetorum
900 2416 934 2445 et
963 2411 1227 2446 Prasinorum
1255 2411 1376 2446 iactis
1404 2410 1611 2456 conviciis,
1653 2415 1689 2445 et

251 2462 295 2497 in
321 2462 449 2510 ipeum
483 2463 775 2513 imperatorem,
815 2466 986 2501 Praeini
1021 2478 1065 2501 ex
1097 2467 1200 2501 circo
1229 2463 1507 2502 descenderunt
1541 2464 1689 2501 relicti-s·

251 2516 485 2566 imperatore
523 2524 558 2553 et
591 2519 636 2555 V
631 2520 749 2554 eneti&
778 2520 822 2555 in
847 2521 1084 2569 spectaculo.
1140 2522 1246 2556 Haec
1274 2521 1314 2556 iu
1343 2533 1390 2557 eo
1415 2518 1594 2557 chronico
1625 2518 1689 2556 di-

251 2572 424 2619 minuta,
454 2571 559 2623 apud
582 2571 869 2622 Theophanem
896 2587 988 2612 vero
1018 2587 1107 2611 cum
1134 2576 1285 2626 integra
1311 2574 1547 2623 habeantur,
1584 2575 1686 2612 infra

252 2625 303 2663 ad
339 2639 429 2677 pag.
459 2629 512 2669 56
541 2635 757 2680 opportuno
785 2630 872 2668 loco
900 2631 972 2667 tibi
1002 2629 1180 2669 dabimus
1211 2644 1302 2668 cum
1329 2638 1461 2670 nostra
1494 2631 1685 2682 interpre-

252 2683 413 2775 ῒειῒίοιίξ.

361 2737 492 2788 Ρ.53,
525 2739 590 2780 12.
648 2740 756 2779 Nam
783 2741 882 2778 mire
908 2739 1082 2779 stolidus
1099 2740 1204 2793 fuit]
1235 2743 1285 2780 At
1313 2742 1354 2780 in
1382 2741 1496 2780 rebus
1525 2738 1683 2793 agendis
