1858 3126
675 148 1075 193 ARGUMENTUM.
1513 150 1610 198 169

150 266 314 311 pau-atum
338 258 490 295 Nicaeae
503 270 546 293 ac
565 257 802 295 Nicomediae.
850 261 941 295 Pons
954 257 1114 305 Sangari
1136 256 1326 303 impositus.
1378 258 1445 294 Via
1463 262 1610 296 munita.

153 308 280 354 Pythia
300 307 448 352 palatio,
463 306 604 347 balneis,
629 318 671 340 ao
693 308 820 351 templo
837 312 974 341 ornata.
1003 306 1076 350 (3.)
1123 305 1164 338 In
1182 306 1329 339 Galatia
1340 307 1471 350 fluvius
1485 308 1614 343 Siberis

147 358 255 402 ponte
277 354 421 395 iunctus,
445 356 479 385 et
502 352 678 397 Iuliopolis
702 359 823 388 contra
846 364 979 387 amnem
1002 351 1147 386 munita.
1195 352 1235 384 In
1263 352 1500 395 Cappadocia,
1523 355 1614 388 muri

153 402 346 435 Caesareae
368 399 404 432 in
425 398 595 431 meliorem
604 400 760 441 sormam
778 399 928 440 redacti,
953 403 987 433 et
1013 399 1168 433 Moseeus
1179 399 1287 440 sacta
1303 398 1515 443 Metropolis.
1540 400 1614 444 (4.)

155 446 223 480 Via
243 445 410 479 montibus
431 445 598 488 praecisis
626 447 760 480 laxata.
804 445 1039 488 Mopsuestiae
1062 445 1272 488 Adanaeque
1290 450 1414 488 pontes
1441 447 1614 490 reparati.

151 491 263 525 Tamo
284 491 459 536 provisum
489 491 654 525 adversus
677 494 809 536 flumen
838 491 1004 536 Cydnum.
1037 490 1109 534 (5.)
1171 490 1416 535 Hierosolymis
1450 493 1613 536 templum

149 537 314 581 deiparae
336 536 723 582 magnificentissimum.
747 537 818 581 (6.)
883 537 984 570 Mons
1002 536 1160 571 Garizim
1174 547 1301 571 summo
1319 537 1355 570 in
1371 537 1498 571 honore
1517 538 1614 582 apud

149 583 405 617 Samaritanos.
452 583 582 616 Eorum
604 585 740 618 seditio.
793 582 923 616 Christi
934 583 1130 626 praedictio
1148 594 1171 616 a
1194 583 1329 616 Zenone
1345 585 1438 628 Aug.
1455 584 1613 628 impleta.

146 629 314 665 mulctati
328 630 370 663 ab
387 630 571 665 Anastasio
588 629 820 664 Samaritani.
869 628 1080 662 lastinianus
1100 629 1257 662 Garizim
1275 629 1396 671 mum’t,
1419 634 1453 663 et
1474 630 1616 664 incensa

147 676 278 719 templa
303 679 492 710 restaurat.
533 675 615 719 (7.)
676 675 850 719 Templum
884 674 1060 708 monachis
1090 675 1126 707 in
1156 679 1270 709 monte
1294 674 1382 709 Sina
1412 680 1614 710 extructum.

149 721 335 756 Castellum
358 721 406 754 ad
428 722 553 755 montis
572 722 720 755 eiusdem
739 721 875 755 radices
893 719 1055 765 positum.
1077 720 1150 765 (8.)
1197 721 1402 757 Instaurata
1424 722 1464 757 in
1485 722 1616 758 oriente

146 768 370 810 monasteria,
391 768 535 813 templa,
551 767 708 814 ptochia,
731 771 796 803 eto.
821 766 892 813 (9.)

832 857 933 915 VI.

237 960 471 997 Alexandriae
491 960 626 996 munita
651 959 788 995 Phiala.
825 960 940 995 ‚Nilus
962 960 1082 996 Asiam
1109 960 1152 996 ab
1178 960 1302 1005 Africa
1323 965 1476 1006 separat.
1522 962 1615 1006 Quid

146 1013 260 1044 aetum
287 1008 479 1052 Taphosiri.
503 1008 610 1052 (Cap.
640 1007 695 1051 1.)
742 1007 970 1042 Paratonium
994 1013 1028 1042 et
1052 1008 1277 1054 Antipyrgus.
1328 1009 1519 1050 Teuchria,
1544 1011 1615 1044 Be·-

121 1056 269 1096 ·reniee‚
295 1054 498 1095 Ptolemais,
523 1055 690 1095 Roriam,
713 1059 858 1099 utraque
887 1054 1031 1099 Augila.
1057 1054 1130 1098 (2.)
1177 1053 1290 1099 Syrtis
1313 1055 1437 1089 maior.
1488 1056 1615 1101 Tripo-

143 1101 198 1135 lis.
248 1101 368 1136 Mauri
392 1100 525 1135 Pacati.
553 1101 626 1144 (3.)
694 1101 815 1144 Leptis
838 1111 973 1145 magna
1004 1112 1027 1134 a
1058 1101 1248 1134 Iustiniano
1272 1102 1407 1135 munita
1431 1106 1534 1146 atque
1557 1113 1616 1136 or-

142 1152 243 1182 nata.
294 1147 456 1181 Oblatum
487 1147 535 1181 ibi
565 1147 700 1180 Mauris
734 1147 947 1191 prodigium.
998 1147 1217 1181 Gadabitani
1250 1147 1382 1181 Christi
1403 1148 1514 1191 fidem
1539 1159 1616 1181 am-

141 1194 351 1238 plectuntur.
376 1193 486 1237 Syrtis
499 1193 622 1228 minor,
647 1193 717 1236 (4.)
768 1193 951 1237 Carthago
971 1192 1067 1226 dicta
1087 1193 1293 1233 Iustiniana,
1317 1198 1350 1227 et
1371 1194 1479 1238 Baga
1505 1193 1617 1227 Theo-

144 1240 274 1274 dorias.
325 1240 417 1282 Quid
439 1239 477 1271 in
499 1244 646 1283 utraque
663 1239 744 1271 urbe
763 1239 953 1282 imperator
975 1238 1227 1282 aedificaverit.
1253 1238 1322 1282 (5.)
1369 1240 1481 1274 Muris
1504 1241 1619 1273 cincta

142 1296 168 1319 a
191 1286 383 1320 Iustiniano
409 1285 635 1323 Admmetus,
673 1285 870 1318 Iustiniana
893 1283 1030 1318 dicitur.
1080 1285 1183 1319 Nova
1206 1286 1285 1319 urbs
1310 1287 1450 1319 condita
1473 1286 1521 1319 ad
1547 1287 1617 1320 Ca-

141 1332 326 1376 putanda,
350 1331 407 1364 ubi
422 1332 509 1372 sons
531 1330 739 1364 mirabiliter
763 1334 945 1374 eruperat,
980 1332 1128 1374 appulsa
1152 1332 1231 1365 illuc
1254 1331 1475 1376 imperatoris
1498 1333 1619 1365 classe.

143 1378 292 1422 Byzacii
314 1377 487 1422 quaedam
509 1377 608 1410 urbes
631 1376 796 1409 munitae.
823 1375 890 1419 (6.)
953 1377 1059 1409 Urbes
1082 1377 1290 1417 Numidiae,
1312 1378 1498 1422 praecipue
1523 1378 1618 1411 cirea

143 1428 292 1458 montem
323 1423 528 1465 Ammiani,
562 1423 601 1456 in
633 1420 800 1455 Sardinia
835 1420 982 1455 Traiani
997 1422 1140 1464 forum.-
1172 1423 1221 1459 ad
1251 1423 1412 1459 Herculis
1443 1425 1616 1459 columnas

142 1469 288 1516 Septen
309 1468 523 1506 lastinianus
544 1468 718 1503 moenibus
740 1466 863 1513 cingit.
885 1465 956 1512 (7.)
