1858 3126
494 144 571 187 DE
604 141 895 188 AEDIFICIIS
936 141 1015 188 IV.
1088 142 1130 189 1.
1337 156 1339 158 ’
1439 142 1538 191 267

87 261 161 318 τὴν
178 257 295 306 πᾶλιν
313 254 535 316 ἆειρρῦτοις
550 255 789 315 διεπράξατο
809 257 988 309 ἐπιεικῶς
1004 253 1188 312 πλήθειν.
1253 255 1383 299 πολλὰ
1409 258 1453 300 δὲ
1471 259 1540 300 καὶ

89 331 192 375 ἄλλα
217 333 276 388 τῷ
298 333 370 382 τῆς
389 326 543 379 πόλεως
569 330 721 384 οἰκιστῇ
746 326 948 384 ὖπέρογκά
967 344 1010 369 τε.
1037 327 1103 368 καὶ
1125 324 1245 382 λόγου
1268 330 1419 368 πολλοῦ
1446 328 1540 368 δια-

87 396 299 453 πεπόνηται
319 396 426 448 ἄξια.
494 401 597 439 θεοῦ
623 397 696 450 μὲν
715 396 856 450 τεμένη
882 397 1188 452 διαριθμεῖσθαι
1210 394 1256 436 οὗ
1285 392 1429 452 ῥᾴδια,
1463 413 1539 437 κα-

84 464 260 523 ταγώγια
286 466 330 508 δὲ
360 462 563 522 ἀρχόντων
590 463 818 523 φράζεσθαι
841 462 947 521 λόγῳ
972 463 1182 518 ἀμήχανα,
1216 467 1345 506 στοῶν
1370 464 1539 518 μεγέθη,

42 545 64 581 5
86 535 241 591 ἀγορῶν
259 531 407 589 κάλλη,
441 534 516 584 τὰς
534 533 703 591 κρήνας,
737 532 809 582 τὰς
828 531 970 587 ἀγυιὰς
978 565 990 584 ,
1017 533 1070 575 τὰ
1082 536 1296 586 βαλανεῖα,
1321 531 1373 574 τὰ
1398 536 1535 586 πωλη-
1559 538 1590 572 O

84 601 216 660 τῆρια.
281 601 396 653 πόλις
434 601 571 653 ἁπλῶς
608 600 759 657 μεγάλη
792 602 860 642 καὶ
891 600 1216 658 πολυάνθρωπος
1248 602 1315 643 καὶ
1351 600 1402 643 τὰ
1434 600 1540 642 ἄλλα

85 671 285 725 εῧδαίμων
301 673 368 714 καὶ
387 672 453 713 οἵα
471 675 544 726 τῆς
564 669 703 727 χώρας
718 667 878 724 ἁπάσης
895 667 1142 725 μητρόπολις
1161 668 1272 712 εἶναι.
1341 671 1396 719 εἷς
1416 667 1540 720 ἀξιώ-

83 756 214 796 ματος
243 740 322 797 γὰρ
352 738 514 783 τοσόνδε
546 738 645 793 ἣκει.
712 737 814 794 πρὸς
844 738 889 779 δὲ
917 739 985 779 καὶ
1015 741 1095 779 τῶν
1117 738 1322 794 Ἰλλυριῶν
1354 737 1542 794 ἀρχιερέα

85 807 422 865 διακεκλήρωται,
453 811 532 850 τῶν
557 806 690 850 ἄλλων
710 804 864 848 πόλεων
892 805 1015 862 αὐτῇ,
1044 804 1112 847 ἅτε
1134 804 1274 862 πρώτῃ
1297 806 1342 847 τὸ
1366 807 1543 861 μέγεθος

31 876 207 933 ἱθοῖἱσῃ,
241 877 516 932 ἐξισταμένων.
582 873 683 918 ὥστε
713 876 780 917 καὶ
806 872 1114 931 ἀνθυπούργηκε
1143 878 1200 931 τῷ
1224 878 1390 927 βασιλεῖ
1413 875 1539 925 κλέος.

82 943 110 1001 ἦ
131 945 204 1000 μὲν
224 945 303 1003 γὰρ
323 946 508 1003 τροφίμῳ
529 942 840 998 ἄποσεμνῦνεται
856 947 1036 997 βασιλεῖ’,
1073 940 1094 984 ὅ
1122 943 1166 984 δὲ
1184 941 1539 999 ἄντιφιλοτιμεΐται
1562 946 1597 981 Η
1615 947 1661 983 34

85 1015 460 1071 δεδημιουργηκὲναι
478 1012 550 1066 τὴν
567 1012 696 1055 πόλιν.
743 1013 815 1054 καί
829 1029 899 1066 μοι
919 1011 1013 1068 ἄχρι
1031 1012 1147 1053 τοῦδε
1169 1013 1289 1053 εἰπεῖν
1307 1010 1541 1068 ἀποχρήσει.

83 1081 243 1125 ἅπαντα
263 1081 341 1139 γὰρ
360 1081 402 1131 ἐς
427 1081 472 1124 τὸ
495 1081 656 1138 ἀκριβὲς
685 1084 933 1136 λεπτολογεῖν
964 1078 1194 1134 ἀμήχανον,
1232 1081 1314 1122 ἐπεὶ
1336 1084 1394 1137 τῷ
1418 1085 1542 1134 βασι-

83 1154 150 1193 λεῖ’
177 1148 456 1207 προσηκούσης
486 1153 558 1203 τῆς
586 1148 738 1200 πόλεως
768 1151 1043 1193 ἐλασσοῦσθαι
1079 1148 1204 1204 αὐτῆς
1235 1146 1394 1191 ἅπαντα
1426 1147 1543 1205 λόγον

31 1230 76 1268 15
86 1218 314 1275 ἐπάναγκες.
1568 1220 1602 1256 D

212 1286 299 1330 ’Ἐτι
324 1286 460 1341 με’ντοι
485 1288 551 1329 καὶ
574 1287 797 1343 Βεδεριανὰ
829 1286 875 1330 τὸ
905 1283 1100 1345 φρούριον
1129 1283 1544 1340 ἄνοικοὸομησάμενος

85 1353 180 1398 ὅλον
211 1359 348 1412 πολλῷ
375 1354 624 1413 ὀχυρώτερον
655 1354 940 1409 κατεστήσατο.
1007 1350 1058 1410 ἦν
1087 1356 1132 1397 δέ
1159 1372 1219 1405 τις
1252 1356 1292 1397 ἐν
1312 1353 1546 1410 Δαρδάνοις

85 1425 130 1466 ἔκ
155 1427 331 1466 παλαιοῦ
349 1422 484 1475 πόλις,
519 1423 619 1480 ἥπερ
646 1424 855 1466 Οὐλπιᾶνα
882 1421 1108 1476 ὠνόμαστο.
1175 1421 1325 1478 ταύτης
1344 1424 1413 1466 τὸν
1431 1424 1545 1480 περί-

83 1495 208 1546 βολον
234 1491 420 1534 καθελών
448 1493 492 1534 ἓκ
520 1496 594 1534 τοῦ
620 1494 868 1534 ἔπιπλεῖστον
902 1487 971 1546 (ἦν
998 1491 1077 1548 γὰρ
1102 1491 1304 1548 σφαλερὸς
1326 1493 1366 1542 ἐς
1385 1491 1435 1534 τὰ
1461 1490 1547 1546 μά-

30 1550 205 1609 zomata
222 1562 290 1604 καὶ
308 1559 412 1610 ὅλως
430 1560 607 1618 ἀχρεῖος)
628 1559 732 1602 ἄλλα
751 1577 793 1603 τε
811 1560 914 1617 αὐτῇ
934 1564 1167 1615 παμπληθῆ
1184 1561 1547 1615 ἐγκαλλωπίσματα

84 1627 371 1684 ποιησάμενος,
407 1628 449 1680 ’ἴς
478 1646 520 1671 τε
553 1629 627 1684 τὴν
655 1633 726 1671 νῦν
755 1630 1028 1683 μεταθέμενος
1057 1629 1295 1682 εὐκοσμίαν,
1328 1627 1547 1671 σεκούνδαν

86 1697 212 1751 αὐτὴν
238 1697 516 1752 Ἰουστινιανὴν
548 1696 816 1751 ἐπωνόμασεν.
885 1695 1103 1741 σεκούνδαν
1132 1697 1210 1753 γὰρ
1246 1698 1319 1751 τὴν
1355 1699 1545 1754 δευτέραν
1569 1701 1600 1734 V
1622 1702 1691 1738 439

87 1768 262 1807 Λατῖνοι
288 1765 458 1820 λέγουσι.
526 1767 592 1807 καὶ
616 1765 741 1820 ἄλλην
761 1766 804 1807 δὲ
827 1766 930 1822 αὐτῇ
957 1767 1124 1820 πλησίον
1146 1767 1329 1819 ἐδείματο
1356 1764 1473 1808 πόλιν
1497 1766 1543 1807 οὐ
1568 1771 1596 1804 Ρ
1616 1772 1661 1806 68

87 1832 280 1890 πρότερον
306 1828 443 1884 οὖσαν,
478 1832 600 1889 ἥνπερ
621 1832 951 1876 Ἰουστινούπολιν
979 1838 1035 1891 τῷ
1067 1835 1168 1891 θείῳ
1200 1833 1418 1887 ἐπωνύμως
1453 1833 1548 1876 ἐκά-

34 1912 80 1948 25
92 1906 215 1944 λεσεν.
284 1901 388 1943 ἀλλὰ
410 1903 476 1944 καὶ
503 1904 706 1959 Σαρδικῆς
734 1903 800 1944 καὶ
829 1899 1164 1953 Ναϊσουπόλεως,
1200 1901 1256 1944 ἔτι
1282 1903 1416 1955 μέντοι
1445 1904 1486 1943 Γ
1483 1919 1550 1959 ερ-

88 1985 194 2020 nitate
215 1984 385 2020 civitatem
408 1984 585 2026 instruxit,
607 1986 741 2030 aliaque
755 1986 920 2031 permulta
935 1985 1028 2020 urbis
1045 1985 1209 2019 conditori
1227 1985 1376 2030 gloriosa
1392 1989 1428 2019 et
1447 1997 1551 2032 prae-

89 2031 181 2066 clara
195 2031 366 2065 admodum
384 2030 472 2064 fecit.
520 2031 597 2065 Nec
614 2036 800 2076 promptum
818 2037 871 2065 est
886 2032 949 2065 deo
967 2032 1096 2065 dicatas
1122 2032 1223 2065 aedes
1247 2043 1462 2075 enumerare,
1487 2044 1551 2065 nec

89 2083 227 2112 nostrae
241 2076 411 2111 facultatis
427 2076 618 2111 describere
642 2078 896 2120 magistratuum
912 2078 1027 2111 domos
1038 2105 1048 2121 ‚
1072 2077 1261 2122 porticuum
1286 2077 1550 2122 amplitudinem,

91 2123 276 2168 platearum
292 2122 407 2165 decus,
430 2123 555 2163 fontes,
577 2123 733 2168 compita,
759 2122 909 2164 balneas,
932 2133 1042 2157 rerum
1060 2124 1134 2156 fora
1149 2123 1324 2156 venalium.
1370 2123 1422 2156 Ut
1437 2123 1553 2168 paucis

91 2169 286 2210 absolvam,
308 2169 390 2202 urbs
405 2174 459 2202 est
480 2178 620 2212 magna,
645 2170 822 2214 frequens,
846 2169 949 2203 rebus
965 2168 1118 2203 omnibus
1132 2169 1256 2210 beata,
1280 2179 1321 2202 ac
1336 2168 1410 2202 iure
1425 2174 1553 2203 metro-

89 2214 178 2260 polis
193 2214 371 2248 universae
384 2213 599 2259 provinciae:
625 2215 668 2249 ad
684 2219 810 2248 tantam
827 2214 954 2260 quippe
969 2214 1166 2258 dignitatem
1190 2219 1310 2248 evecta
1331 2219 1396 2249 est.
1443 2215 1554 2249 Prae-

91 2264 188 2294 terea
216 2261 316 2294 sedes
341 2265 396 2293 est
421 2259 666 2305 archiepiscopi
686 2260 899 2304 lllyriorum,
923 2260 1066 2294 caeteris
1090 2260 1288 2294 civitatibus
1311 2260 1398 2305 ipsi,
1432 2266 1553 2306 utpote

92 2304 233 2340 omnium
249 2305 427 2348 maximae,
450 2306 732 2341 concedentibus:
756 2306 842 2340 adeo
858 2311 896 2340 ut
913 2307 1073 2340 honorem
1093 2306 1237 2352 principi
1252 2310 1288 2340 et
1301 2306 1443 2350 gloriam
1458 2307 1554 2340 refe-

92 2355 156 2385 nt.
207 2351 296 2386 Nam
311 2350 370 2385 illa
384 2351 517 2396 quidem
539 2363 616 2386 sese
640 2352 746 2386 iactat
761 2352 891 2386 alumno
909 2351 1132 2396 imperatore:
1155 2352 1210 2385 hic
1226 2363 1329 2393 vero,
1351 2358 1450 2396 grata
1467 2352 1555 2394 vice,

92 2396 177 2430 urbe
199 2397 333 2431 condita
351 2397 526 2441 gloriatur.
578 2397 753 2432 Hactenus
779 2397 871 2431 dicta
892 2398 1082 2432 sufficiant:
1114 2397 1189 2432 fieri
1209 2398 1295 2432 enim
1316 2400 1472 2443 profecto
1491 2410 1554 2432 ne-

93 2441 169 2486 quit
181 2445 220 2476 ut
233 2442 364 2486 singula
379 2443 568 2476 accuratius
582 2454 840 2489 persequamur:
866 2454 938 2478 cum
954 2443 1044 2477 infra
1065 2444 1181 2479 urbem
1200 2444 1405 2490 imperatore
1420 2444 1555 2488 dignam

95 2486 200 2520 omnis
215 2488 323 2523 oratio
342 2488 504 2522 subsistat
519 2501 655 2523 necesse
670 2490 726 2524 sit.

187 2532 324 2567 Adhaec
339 2534 511 2569 castellum
525 2535 718 2569 Bederiana
732 2533 964 2568 reaedificavit
978 2545 998 2568 a
1014 2535 1241 2578 fundamento,
1262 2547 1305 2569 ac
1319 2535 1423 2569 multo
1439 2534 1556 2568 melius

98 2579 321 2614 communivit.
365 2579 454 2614 Erat
468 2580 555 2625 apud
570 2581 748 2614 Dardanos
762 2580 921 2625 Ulpiana,
943 2580 1025 2615 urbs
1040 2581 1198 2626 antiqua3
1222 2582 1317 2615 cuius
1333 2581 1464 2614 moenia
1480 2591 1554 2614 cum

98 2622 148 2656 sic
162 2622 384 2666 labascerent,
409 2629 448 2659 ut
462 2626 542 2660 nulli
559 2631 672 2660 essent
688 2626 777 2669 usui,
793 2637 908 2660 eorum
925 2631 1055 2671 partem
1072 2628 1245 2661 maximam
1260 2627 1451 2669 demolitus,
1470 2627 1553 2658 sub-

96 2667 176 2702 inde
199 2668 364 2711 restituit,
386 2671 560 2716 multisque
587 2672 790 2706 ornamentis
815 2672 969 2714 collatis,
991 2673 1163 2706 civitatem
1191 2672 1398 2718 composuit,
1423 2671 1554 2714 qualem

98 2713 199 2747 hodie
221 2713 335 2748 videre
354 2721 425 2760 est,
449 2728 490 2751 ac
503 2720 686 2763 secundqm
702 2717 823 2752 Latino
847 2717 960 2752 itidem
977 2719 1142 2752 vocabulo
1168 2717 1373 2762 nuncupavit
1397 2716 1554 2750 Iustinia-

101 2769 191 2792 nam.
237 2758 313 2793 Nec
333 2762 449 2804 procul
471 2763 548 2797 hinc
571 2769 692 2798 novam
705 2764 822 2798 urbem
839 2764 934 2798 aliam
951 2764 1120 2806 condidit3
1145 2775 1245 2808 quam
1260 2764 1302 2797 de
1318 2762 1474 2796 avunculi
1489 2773 1553 2795 no-

102 2804 191 2839 mine
205 2803 424 2851 Iustinopolin
436 2807 533 2844 dixit.
583 2810 755 2854 Sardicae,
775 2809 1013 2855 Naisopoleos‚
1035 2811 1228 2845 Germanae
1242 2813 1278 2844 et
1292 2807 1466 2843 Pautaliae
1480 2819 1554 2843 mu-
