1754 3132
601 170 870 218 ALEMANNI
897 167 1193 214 PRAEFATIO.
1539 182 1639 214 xxv

159 289 224 333 luti
242 288 353 332 rimas
385 285 605 344 Procopium
629 300 728 344 pene
757 283 879 328 furtim
901 284 1124 327 scribentem
1153 281 1436 340 deprehendas,
1471 289 1508 323 et
1537 281 1637 323 sesti-

159 357 327 406 nafione,
361 356 423 398 vel
449 365 547 398 metu
577 355 755 397 memoria
781 354 962 395 turbatum
997 353 1176 395 interdum
1210 366 1408 409 agnoscas
1467 349 1634 397 Accedit,

159 425 256 482 qnod
284 440 413 466 annum
440 423 637 465 secundum
666 431 703 464 et
731 421 957 478 trigesimum
987 421 1214 478 principatus
1251 418 1438 461 Iustiniani
1477 417 1639 458 narratio

158 493 256 534 haec
281 508 355 534 non
385 491 550 541 excedit,
590 490 655 532 ille
685 504 778 532 vero
815 489 1136 547 quadragesimum
1167 487 1302 545 attigit.
1361 486 1531 542 Denique
1559 484 1636 532 illa,

159 564 251 605 λίαν
279 560 356 617 γοὶρ
386 562 426 611 ἐς
460 557 590 614 αὕτήν
621 556 647 607 ἦ
683 555 872 613 Θεοδώρα
902 555 1133 613 ἦγριαίνετο
1161 558 1231 600 καὶ
1262 554 1463 609 ἕσεσῆρειε
1494 562 1530 594 et
1560 553 1637 602 illa,

159 626 291 685 μήτηρ
313 630 357 672 δὲ
375 633 456 671 τῶν
474 644 585 677 τινος
608 627 651 670 ἓν
670 627 825 684 θυμὲλῃ
845 627 1195 681 πεπορνευμένων,
1210 624 1456 666 narrationum
1476 622 1634 678 particu-
1658 626 1691 660 A
1717 624 1754 660 15

157 697 220 740 lae
239 705 330 748 sunt,
343 712 434 754 quas
453 696 541 739 olim
560 695 756 738 Suidianus
770 694 902 737 Codex
922 694 1097 744 habebat,
1120 694 1182 735 hic
1194 693 1395 736 Vaticanus
1414 705 1489 732 non
1511 689 1639 732 habet.

270 788 331 829 De
357 787 463 830 huius
480 801 594 844 porro
625 784 713 827 libri
739 784 892 834 ordine,
930 785 1051 841 deque
1077 792 1246 840 tempore
1274 797 1345 839 quo
1375 782 1529 838 scriptus
1569 789 1638 831 est,

158 854 213 897 sic
233 855 384 898 habeto.
442 855 618 911 Reliquos
637 861 721 895 octo
739 852 918 893 historiae
935 853 1049 894 libros
1070 852 1150 908 ipse
1179 852 1308 893 vivens
1328 849 1528 905 Procopius
1550 849 1638 889 emi-

159 923 227 973 sit,
266 938 312 964 ac
330 923 526 965 Iustiniano
546 922 731 978 legendos
761 919 930 962 tradidit:
966 920 1076 961 immo
1105 927 1248 976 septem
1268 918 1320 959 illi
1343 918 1469 974 primi,
1505 931 1640 972 nempe

159 990 234 1032 duo
265 991 314 1032 de
343 991 495 1032 Persico
528 989 652 1039 bello,
688 989 736 1030 de
755 988 962 1031 Vandalico
982 987 1153 1038 totidem,
1195 1002 1240 1028 ac
1272 995 1348 1028 tres
1382 986 1428 1027 de
1450 985 1637 1034 Gotthico,

157 1066 196 1100 ut
227 1059 381 1115 ipsemet
403 1057 579 1107 affirmat,
615 1056 699 1112 ἥδη
730 1057 1002 1111 ἐξενεχθέντες
1031 1052 1261 1110 πανταχόθι
1300 1052 1524 1107 δεδήλωντο
1563 1057 1639 1106 τῆς

104 1163 108 1167 ,
156 1126 359 1181 Ῥωμαίων
388 1124 525 1182 ἆρχῆς,
554 1130 627 1166 iam
655 1128 821 1178 evulgati
852 1129 892 1165 in
916 1130 1080 1165 universo
1110 1126 1353 1165 Romanorum
1377 1125 1530 1176 Imperio
1559 1124 1639 1162 noti

156 1200 270 1236 erant.
327 1194 449 1246 Quoto
465 1209 557 1236 vero
586 1193 739 1251 quisque
760 1207 856 1235 anno
878 1193 998 1235 editus
1022 1193 1152 1244 suerit,
1195 1201 1334 1235 certum
1355 1206 1429 1232 non
1451 1199 1525 1239 est;
1568 1190 1642 1230 (luo

156 1262 255 1304 haec
291 1270 428 1304 tantum
459 1262 586 1303 habeo
622 1262 830 1318 explorata.
888 1262 987 1304 Ante
1021 1262 1160 1303 obitum
1195 1260 1443 1308 'theodor-ae,
1494 1257 1532 1299 id
1567 1265 1636 1306 est,

157 1338 243 1372 ante
262 1345 393 1372 annum
415 1330 612 1371 secundum
633 1338 670 1370 et
687 1329 907 1386 vigesimum
926 1329 1129 1378 Iustiniani,
1153 1328 1303 1369 Persica
1316 1361 1326 1377 ,
1358 1325 1639 1381 Vandalicaque

156 1396 283 1448 bella,
325 1405 362 1439 et
380 1397 517 1438 bonam
537 1394 792 1437 Gotthicorum
819 1404 963 1452 partem
981 1396 1199 1452 Procopium
1226 1395 1449 1442 absolvissc;
1488 1408 1572 1434 nam
1601 1393 1640 1435 in

156 1465 203 1508 iis
233 1463 523 1508 Amalasunthao
556 1471 710 1504 structas
745 1463 896 1505 insidias
929 1479 953 1506 a
981 1464 1205 1514 Theodora,
1239 1463 1288 1505 ob
1324 1463 1403 1504 eius
1421 1471 1556 1503 metum
1587 1471 1639 1503 ta-

157 1533 295 1583 cuisse,
331 1533 466 1575 indicat
486 1531 523 1572 in
539 1531 614 1572 hoe
643 1531 917 1574 commentario.
977 1531 1202 1581 Praeterea,
1246 1539 1390 1587 septem
1421 1530 1565 1586 priores
1595 1530 1639 1570 li·

155 1602 247 1644 bros
283 1608 367 1642 anto
396 1616 527 1642 annum
554 1600 741 1642 Iustiniani
780 1608 921 1641 sextum
946 1607 983 1642 et
1013 1599 1235 1657 vigesimum
1272 1599 1482 1656 divulgatos
1511 1598 1638 1640 fuisse.

154 1670 271 1726 quue
317 1669 435 1710 Autor
469 1677 648 1711 memorat
690 1668 792 1710 initio
834 1668 918 1710 libri
965 1668 1104 1719 octavi,
1163 1682 1270 1724 quem
1319 1683 1415 1708 anno
1452 1666 1641 1708 Iustiniani

157 1737 315 1794 septimo
337 1745 375 1778 et
395 1736 582 1794 vigesimo
614 1737 937 1779 commentabatur.
999 1737 1197 1779 Caeterum
1227 1744 1377 1778 octavus
1411 1735 1476 1776 ille
1504 1749 1641 1791 perpe·

156 1821 237 1848 ram
257 1803 463 1846 inscribitur
483 1805 531 1847 de
549 1806 652 1848 bello
673 1805 847 1847 Gotthico
864 1821 873 1847 ε
915 1805 1168 1862 complectitur
1200 1804 1296 1846 enim
1317 1817 1412 1859 quae
1443 1819 1523 1844 cum
1552 1803 1641 1844 Per-

157 1873 229 1923 sis,
269 1872 471 1922 Vandalis,
507 1881 544 1915 et
580 1873 748 1924 Gotthis‚
790 1881 874 1929 post
910 1874 1012 1915 edita
1049 1874 1175 1931 priora
1207 1872 1414 1922 volumina,
1464 1871 1640 1913 Romanis

158 1939 416 1998 contigissent;
457 1955 552 1997 quae
589 1941 687 1997 quod
725 1938 931 1998 γράμμασι
963 1947 1048 1992 τοῖς
1079 1943 1120 1992 ἐς
1156 1941 1200 1985 τὸ
1230 1946 1314 1983 πᾶν
1347 1941 1640 1994 δεδηλωμένοις

159 2007 295 2052 οὐκέτι
323 2007 431 2063 εἶχον
466 2007 516 2050 τὰ
548 2009 811 2066 ἐπιγενόμενα
841 2008 1096 2064 ἐναρμόζειν,
1131 2013 1358 2050 monumentis
1395 2013 1468 2048 iam
1500 2013 1638 2049 omnino

156 2081 197 2119 in
211 2079 394 2131 publicum
428 2078 527 2118 datis
553 2080 701 2130 addere,
736 2081 835 2119 haud
864 2081 1018 2132 amplius
1038 2080 1250 2119 commodum
1278 2093 1349 2118 esse
1377 2077 1519 2119 videret
1546 2077 1635 2118 Pro-

157 2145 306 2202 copius,
341 2144 378 2186 in
410 2152 580 2187 octavum
613 2146 678 2188 illa
703 2146 826 2188 omnia
857 2146 989 2187 librum
1019 2145 1198 2196 coniecit,
1239 2144 1299 2202 qui
1333 2146 1381 2187 ob
1412 2145 1451 2187 id
1483 2144 1637 2186 historia

158 2214 339 2270 quaedam
359 2209 602 2267 σύμμικτος,
635 2217 816 2266 miscella,
846 2215 908 2257 vel
939 2223 976 2257 ut
1005 2215 1088 2272 ipse
1116 2213 1185 2264 ait,
1221 2216 1405 2268 ποικίλη,
1436 2219 1542 2255 varia
1571 2220 1636 2254 est.

157 2282 228 2323 Hic
246 2281 343 2322 liber
374 2281 492 2323 editus
520 2283 654 2325 eodem
676 2282 758 2324 fere
789 2298 862 2339 quo
891 2283 1046 2340 scriptus
1073 2291 1129 2324 est
1158 2297 1274 2332 anno,
1311 2282 1467 2338 septimo
1495 2282 1636 2323 scilicet
1658 2292 1687 2327 P
1711 2291 1754 2327 x]

159 2357 197 2391 et
216 2349 400 2408 vigesimo
426 2349 627 2393 Iustiniani.
686 2351 774 2393 Post
814 2351 911 2393 hanc
938 2351 1144 2393 universam
1177 2349 1367 2392 historiam
1393 2350 1480 2391 licet
1514 2350 1638 2392 animo

77 2427 86 2434 ‘
156 2416 358 2474 Procopius
381 2417 571 2460 moliretur
601 2417 828 2470 Ἀνὲκδοτα,
855 2428 893 2461 ut
911 2419 1035 2461 ultimo
1066 2419 1161 2461 libro
1193 2419 1380 2461 declarat:
1421 2427 1543 2459 tamen
1572 2420 1637 2459 ab·

157 2484 298 2536 attinuit,
340 2484 449 2541 idque
471 2486 597 2544 operis
615 2488 745 2530 reiecit
773 2487 810 2529 in
832 2502 963 2529 annum
984 2488 1180 2530 secundum
1212 2495 1249 2529 ct
1280 2487 1508 2544 trigesimum
1535 2487 1637 2528 Iusti-

157 2553 278 2603 niani,
307 2555 419 2609 'quod
438 2554 501 2596 hio
527 2556 675 2614 saepius
694 2556 847 2614 repetit,
888 2556 1094 2612 eodemque
1115 2571 1211 2597 anno
1234 2556 1412 2605 absolvit,
1454 2564 1639 2611 totumque

158 2624 406 2681 septennium,
439 2622 476 2664 id
497 2632 574 2675 est,
606 2624 654 2666 ad
682 2625 820 2666 obitum
840 2624 1099 2680 Imperatoris,
1143 2639 1187 2666 ac
1218 2624 1348 2666 diutius
1378 2625 1557 2674 abditum,
1585 2632 1638 2664 at-

120 2720 126 2724 ·
160 2707 232 2750 que
250 2692 477 2734 reconditum
495 2691 634 2735 habuit.
693 2693 755 2735 Ex
773 2691 831 2733 his
853 2692 1021 2750 corrigas
1042 2693 1195 2734 aliorum
1209 2726 1219 2742 ‚
1259 2701 1296 2734 et
1323 2692 1528 2748 Nicephori
1554 2707 1639 2748 per·

160 2775 307 2802 versam
331 2759 505 2816 Procopii
530 2760 707 2802 librorum
735 2760 987 2816 partitionem
1027 2760 1076 2802 do
1109 2761 1238 2817 quibus
1267 2759 1389 2803 Photii
1420 2760 1636 2802 sententiam

160 2837 270 2886 atque
290 2841 480 2870 censuram
500 2827 538 2870 in
558 2827 791 2870 Bibliotheca
815 2828 1078 2872 desideramus,
