1800 3126
286 148 384 194 336
862 150 1125 194 PROCOPII

282 259 434 314 μέντοι,
467 256 558 310 ὅσος
586 259 631 302 τὸ
659 257 848 317 πρότερον
874 255 944 313 ἦν,
979 260 1081 302 ἀλλὰ
1105 260 1204 304 κατὰ
1233 262 1332 305 πολὺ
1361 262 1534 319 ἥσσονα·
1567 263 1622 316 ὥς
1639 265 1698 320 μὴ

282 331 339 383 τῷ
366 327 524 382 μεγέθει
547 328 725 383 σφαλερὰ
755 330 819 369 καὶ
850 322 971 377 αὖθις
998 327 1024 382 ἡ
1055 327 1167 378 πόλις
1205 329 1287 384 εἴη,
1317 333 1380 372 καὶ
1407 334 1603 386 πολεμίοις
1627 334 1700 387 μὲν

284 392 437 448 ἆλωτὴ,
463 393 621 451 ψάμμῳ
646 395 688 435 δὲ
704 393 923 451 πρόχειρος.
988 399 1057 437 νῦν
1076 397 1118 437 de*
1143 395 1193 450 δὴ
1211 401 1281 450 τῆς
1297 396 1444 448 πόλεως
1467 399 1511 441 τὸ
1537 401 1607 453 μὲν
1624 417 1700 442 κα·-

283 462 490 514 ταχωσθέν
512 461 578 517 ἐφ’
603 456 720 518 οὗπερ
743 456 791 515 ἦν
810 460 1011 516 σχήματος
1033 462 1158 505 εἴασεν
1179 462 1281 505 οὕτω
1307 464 1356 518 δὴ
1379 464 1536 522 ψάμμῳ
1564 468 1603 516 ἐς
1631 465 1700 508 λό-

285 545 385 585 φους
407 529 673 584 συνειλεγμένῃ
694 530 1008 584 κεκαλυμμένον,
1042 529 1112 584 τήν
1136 547 1177 571 τε
1203 530 1341 584 λοιπὴν
1355 531 1564 584 ἐτειχίσατο
1585 533 1624 574 ἓν
1643 537 1732 590 τῷό

283 599 354 648 τῆς
393 597 618 648 οἲκοὸομιάς
653 597 779 654 ἐχυρῷ
805 596 991 650 μάλιστα.
1058 599 1122 639 καὶ
1153 597 1256 653 ἱερὸν
1293 598 1364 651 μὲν
1394 598 1624 648 ἀξιοθέατον
1652 604 1700 654 τῇ

282 661 459 717 θεοτόκῳ
483 665 575 717 τῇδε
606 663 820 717 ἀνέθηκεν,
853 666 1058 718 ἐκκλησίας
1087 665 1130 705 δὲ
1150 665 1338 720 τέτταρας
1366 666 1543 718 ἐδείματο
1567 665 1703 715 ἄλλας.

283 729 383 783 πρὸς
402 729 527 770 δὲκαὶ
546 729 875 787 ἆνῳκοδομήσατο
899 731 949 774 τὰ
970 735 1062 788 τῇδε
1082 731 1267 787 γεγονότα
1290 733 1330 773 ἐν
1346 738 1427 781 τοῖς
1447 731 1528 773 ἅνω
1547 731 1704 788 χρόνοις

282 797 349 837 καὶ
384 796 716 840 καταπεπτωκότα
751 800 952 851 βασίλεια,
987 798 1167 854 Σεβήρου
1202 799 1396 852 βασιλέως
1432 802 1503 840 τοῦ
1533 802 1704 840 παλαιοῦ

282 861 416 917 ἴργον·
451 863 495 913 ὃς
515 865 565 918 δὴ
593 866 748 907 ἐνθένδε
769 864 996 922 ὁρμώμενος
1012 872 1182 920 μνημεῖα
1200 870 1269 921 τῆς
1290 866 1538 919 εὐδαιμονίας
1555 865 1606 908 τὰ
1625 870 1704 919 βα-
1715 875 1758 910 10

281 930 408 971 σι’λεια
427 929 521 972 τάδε
541 932 737 974 ἀπέλιπεν.

231 1001 264 1035 D
412 997 533 1039 Ἀλλὰ
558 999 633 1054 γὰρ
661 1001 837 1041 ἐνταῦθα
865 997 1068 1054 γενόμενος
1093 1004 1162 1041 τοῦ
1188 997 1304 1053 λόγου
1326 999 1370 1040 τὸ
1394 999 1618 1052 ξυνενεχθὲν
1644 998 1707 1040 ἐπὶ

281 1062 568 1117 Λεπτιμάγνας
600 1067 640 1106 ἐν
670 1065 804 1122 χρόνῳ
837 1071 893 1122 τῷ
927 1068 1025 1107 καθ’
1059 1065 1165 1120 ἡμᾶς
1190 1064 1244 1115 ὥς
1277 1065 1416 1119 ἥκιστα
1445 1064 1708 1120 σιωπήσομαι.
1757 1109 1760 1113 ,

282 1129 358 1183 ἤδη
382 1131 452 1182 μὲν
470 1131 744 1173 Ἰουστινιανοῦ
770 1131 840 1184 τὴν
857 1134 1062 1184 βασιλείαν
1083 1131 1402 1188 παραλαβόντος,
1435 1132 1543 1175 οὔπω
1567 1134 1610 1174 δὲ
1632 1131 1705 1174 πό-

161 1205 196 1239 Η
217 1205 262 1240 54
284 1200 401 1250 λεμον
437 1198 505 1239 τὸν
538 1198 775 1240 Βανὸιλικὸν
813 1199 1079 1255 ἀνῃρημένου,
1113 1198 1371 1255 Μαυρούσιοι
1403 1199 1625 1256 βάρβαροι,
1668 1199 1705 1241 οἶ
1719 1209 1760 1243 15

284 1263 508 1306 Λευκοίθαι
542 1265 773 1320 καλούμενοι
787 1298 799 1317 ,
836 1265 1070 1320 βιασάμενοι
1109 1267 1202 1316 τούς
1229 1266 1393 1320 Λιβύης
1425 1265 1510 1308 τότε
1550 1267 1709 1321 κυρίους

284 1334 519 1384 Βανὸιλους,
555 1333 701 1389 ἔρημον
725 1332 947 1390 ἀνθρώπων
964 1335 1034 1388 τὴν
1050 1332 1336 1389 Λεπτιμάγναν
1352 1332 1575 1376 παντάπασι
1594 1349 1708 1375 κατε-

285 1398 494 1453 στήσαντο.
561 1402 601 1442 ἓν
624 1399 772 1457 χώροις
802 1402 845 1443 δὲ
874 1401 1072 1458 λοφιόδεσι
1102 1403 1175 1452 ’ξὺν
1202 1408 1286 1451 τοῖς
1309 1399 1472 1456 ἡγεμόσι
1503 1398 1709 1457 διατριβήν

283 1483 372 1508 τινα
395 1466 545 1520 ἔχοντες
564 1467 849 1523 Λεπτιμάγνης
875 1469 920 1510 οὐ
949 1473 1081 1527 πολλῷ
1108 1468 1283 1519 ἄποθεν,
1315 1467 1444 1525 φλόγα
1470 1467 1596 1523 πυρὸς
1618 1469 1709 1516 ἐξα-

285 1536 448 1583 πιναίως
465 1537 507 1576 ἐν
526 1536 627 1591 με’σῃ
651 1540 700 1591 τῇ
723 1535 832 1577 πόλει
856 1537 1077 1578 τεθέανται.
1142 1538 1351 1588 πολεμίους
1373 1536 1415 1576 δὲ
1433 1532 1763 1587 ὖποτοπήσαν-Ξθ

284 1617 347 1650 τες
381 1601 573 1654 ἐνδήμους
610 1604 786 1644 ἐνταῦθα
821 1604 1027 1657 γενέσθαι,
1073 1601 1208 1659 δρόμῳ
1240 1603 1303 1643 ἐπ’
1339 1601 1482 1649 αὐτοὺς
1513 1599 1709 1654 ἐβοήθουν

144 1679 176 1714 P
201 1679 266 1714 113
289 1671 434 1724 πολλῷ.
469 1667 692 1725 ἀνθρώπων
714 1671 756 1711 δὲ
772 1670 911 1712 οὐδένα
929 1669 1105 1725 εὑρόντες
1123 1671 1184 1710 ἐπὶ
1203 1668 1295 1717 τοὺς
1312 1666 1471 1721 μάντεις
1487 1667 1530 1709 τὸ
1547 1671 1710 1723 πρᾶγμα

284 1729 392 1789 ἦγον,
427 1735 471 1774 οἳ
488 1735 536 1788 δὴ
559 1740 614 1791 τῷ
633 1733 894 1789 ’ξυμβεβηκότι
913 1735 1232 1791 τεκμηριούμενοι
1249 1735 1319 1789 τὴν
1335 1732 1622 1788 Λεπτιμάγναν
1638 1734 1709 1776 οὔκ

288 1804 342 1851 εἷς
361 1802 519 1856 μακρὰν
537 1801 842 1856 οἰκισθήσεσθαι
863 1802 1088 1858 προῦλεγον.
1154 1803 1200 1844 οὗ
1220 1806 1354 1858 πολλῷ
1373 1819 1414 1844 τε
1431 1801 1594 1856 ὕστερον
1613 1801 1710 1857 ἄφι-

287 1868 449 1922 κόμενος
468 1867 488 1910 ὅ
509 1874 577 1910 τοῦ
595 1871 790 1922 βασιλέως
813 1870 979 1926 στρατὸς
998 1867 1163 1924 Λιβύην
1184 1886 1224 1912 τε
1244 1869 1314 1924 τὴν
1332 1868 1454 1924 ἄλλην
1475 1870 1540 1910 καὶ
1557 1869 1708 1925 Τρίπο-
1719 1875 1763 1912 25

378 1985 432 2019 16.
452 1982 654 2029 Λευκάθαι]
679 1982 857 2019 nucinam
876 1984 997 2020 Tolos.

287 2083 449 2123 buerant,
471 2083 530 2117 sed
545 2084 644 2128 longe
659 2084 794 2117 minori:
818 2096 859 2118 ne
874 2085 954 2118 urbs
968 2084 1001 2118 in
1015 2084 1188 2118 discrimen
1203 2083 1415 2129 amplitudine
1430 2085 1653 2126 relaberetur,
1677 2091 1710 2118 et

286 2137 360 2160 cum
387 2127 472 2161 hosti
488 2133 587 2173 captu
607 2129 716 2162 facilis
736 2134 802 2162 tum
827 2139 947 2162 arenae
961 2134 1050 2162 esset
1064 2130 1218 2164 obnoxia.
1262 2131 1312 2163 Ac
1326 2136 1454 2184 partem
1495 2130 1604 2164 uidem
1617 2130 1710 2163 urbis

287 2172 468 2225 sepultam,
494 2174 598 2216 qualis
624 2179 719 2216 erat,
740 2174 850 2207 iacere
873 2174 972 2214 sivit3
993 2174 1041 2207 ita
1066 2179 1104 2207 ut
1127 2175 1187 2207 sub
1211 2185 1311 2208 arena
1332 2186 1365 2209 in
1389 2181 1478 2208 tumu
1491 2185 1529 2208 os
1552 2179 1712 2218 congesta

289 2222 462 2250 etiamnum
479 2217 600 2250 lateat:
625 2218 782 2262 reliquam
799 2223 906 2252 autem
920 2219 1087 2252 moenibus
1104 2219 1311 2253 validissimis
1325 2219 1438 2254 cinxit.
1483 2219 1608 2253 Ibidem
1625 2224 1712 2253 tem-

288 2261 377 2306 plum
391 2267 542 2305 spectatu
561 2262 691 2306 dignum
705 2263 862 2308 deiparae
881 2264 1013 2308 posuit:
1037 2264 1195 2298 ecclesias
1210 2270 1382 2308 praeterea
1395 2268 1539 2310 quatuor
1553 2263 1712 2298 aedifica-

289 2305 352 2338 vit.
397 2306 557 2339 Restituit
572 2308 748 2352 collapsum
764 2312 861 2341 vetus
878 2309 1032 2351 palatium
1043 2334 1051 2349 ‚
1076 2320 1159 2353 opus
1174 2309 1293 2343 Severi
1307 2312 1392 2355 Aug.
1407 2309 1568 2344 senioris:
1591 2310 1647 2354 qui
1664 2308 1712 2342 ibi

288 2355 384 2384 natus
408 2351 531 2394 regiam
547 2352 630 2385 illam
646 2352 679 2385 in
694 2359 932 2387 monumentum
946 2354 1115 2387 felicitatis
1129 2355 1321 2398 reliquerat.

379 2395 427 2428 Et
451 2397 582 2439 quando
607 2398 671 2430 huc
695 2409 746 2431 me
766 2398 900 2431 deduxit
923 2399 1047 2440 oratio,
1069 2396 1158 2443 qu'od
1183 2404 1294 2432 aetate
1316 2402 1432 2433 nostra
1454 2398 1489 2432 in
1509 2398 1591 2432 urbe
1610 2397 1711 2442 Lepti

290 2450 408 2483 magna
433 2441 573 2482 accidit,
599 2442 728 2475 silentio
751 2454 817 2476 non
837 2444 1106 2487 praetermittam.
1152 2445 1218 2478 Iam
1234 2444 1363 2488 quidem
1378 2443 1547 2498 imperium
1561 2443 1713 2476 Iustinia-

290 2496 370 2527 nus,
391 2485 451 2518 sed
470 2486 610 2519 nondum
626 2487 744 2520 bellum
763 2488 975 2522 Vandalicum
996 2494 1208 2534 susceperat;
1234 2499 1305 2522 cum
1323 2489 1434 2522 Mauri
1450 2487 1600 2530 barbari,
1621 2487 1714 2520 Leu-

290 2530 407 2563 catliae
421 2530 501 2563 dicti
513 2555 523 2572 ,
552 2531 654 2573 pulsis
672 2532 830 2566 Vandalis
845 2538 925 2565 tunc
940 2533 1074 2567 Africae
1090 2534 1248 2574 dominis,
1269 2535 1318 2567 Le
1343 2534 1391 2567 tin
1413 2543 1562 2577 magnam
1583 2532 1713 2577 penitus

291 2575 493 2608 desolarunt.
539 2574 637 2608 Haud
654 2577 767 2619 procul
781 2576 867 2616 hinc.
888 2578 1051 2611 tumuloso
1065 2578 1098 2612 in
1113 2578 1197 2620 loco,
1221 2589 1292 2612 cum
1332 2579 1447 2612 ucibus
1462 2582 1712 2619 commorantes,

292 2619 431 2653 mediam
446 2620 557 2653 urbem
577 2620 643 2663 igni
662 2621 824 2654 collucere
839 2621 965 2655 vident.
1011 2623 1092 2656 Mox
1113 2623 1176 2656 rati
1196 2624 1377 2667 ingressum
1392 2624 1535 2664 hostem,
1559 2633 1655 2656 cursu
1670 2621 1712 2655 il-

293 2664 347 2697 luc
372 2665 594 2698 contendunt:
619 2665 777 2699 neminem
801 2667 908 2708 nacti,
933 2678 1000 2700 rem
1017 2668 1170 2701 deferunt
1193 2669 1235 2702 ad
1259 2669 1399 2702 divinos.
1446 2667 1492 2702 Hi
1509 2678 1587 2701 casu
1602 2666 1712 2700 conie-

294 2714 387 2742 ctura
403 2721 546 2753 expenso
557 2735 568 2752 ‚
589 2709 707 2754 Leptin
723 2722 870 2754 magnam
887 2712 979 2744 brevi
997 2714 1237 2756 frequentatum
1251 2714 1294 2746 iri
1314 2712 1595 2759 praenuntiarunt.
1637 2711 1712 2744 Neo

290 2754 395 2788 multo
410 2759 488 2800 post
503 2766 546 2790 eo.
558 2759 709 2800 portatus
723 2755 932 2801 imperatoris
950 2758 1114 2792 exercitus
1126 2784 1136 2800 ,
1158 2759 1322 2804 Tripolim
1348 2769 1421 2792 cum
1442 2757 1570 2803 reliqm
1586 2754 1712 2800 recepit
