1754 3132
211 176 286 206 xvx
616 159 873 201 ALEMANNI
900 159 1244 202 DISSERTA'rlo„

211 269 384 327 peratoris
413 283 584 312 consensu
603 269 792 311 universae
818 283 886 324 per
911 269 1100 325 Imperium
1122 271 1317 312 Romanum
1343 277 1472 326 gentes
1499 274 1554 324 (ut
1579 279 1632 312 est

211 338 302 378 libro
332 337 471 387 ultimo)
501 335 714 375 lectitabant.
771 336 893 386 Quare
921 336 1053 376 nemini
1082 336 1206 377 mirum
1233 337 1432 386 videbitur,
1463 337 1494 376 si
1511 338 1559 376 ad
1578 338 1631 378 hi-

210 403 354 444 storiam
370 401 588 444 Ἀνέκὸοτον
621 401 868 451 asserendam,
907 401 966 442 hic
986 410 1021 442 et
1041 402 1076 442 in
1095 402 1198 442 Notis
1224 403 1454 457 probationes
1483 417 1529 444 ex
1548 403 1632 444 reli-

210 470 287 524 quis
305 467 469 522 Procopii
490 467 588 506 libris
607 474 768 521 petamus
782 500 792 515 ‚
827 482 904 508 cum
923 468 1054 508 nullam
1073 476 1143 508 tam
1161 481 1302 517 veram,
1331 477 1472 524 tamque
1490 469 1634 510 fidelem

211 536 257 575 de
275 534 463 574 Iustiniano
479 532 662 572 historiam
681 533 842 574 invenire
868 534 993 582 liceat,
1026 549 1130 588 quam
1157 533 1210 574 cui
1232 535 1402 575 calculum
1425 535 1486 576 ille
1515 536 1634 577 album

211 600 402 648 adiecerit,
437 613 609 654 quamque
635 598 870 640 subiectorum
892 600 1051 640 manibus
1071 608 1164 640 totos
1186 609 1324 654 septem
1347 617 1391 641 ac
1411 602 1534 644 decem
1556 603 1634 643 sere

212 682 324 707 annos
345 665 560 721 pervolutari
580 671 651 703 tam
670 665 856 706 ambitiose
875 666 1025 714 viderit,
1055 674 1091 706 ut
1117 672 1219 706 aucto
1241 666 1436 708 honoribus
1456 683 1499 708 ac
1517 669 1633 724 digni-

87 732 116 766 P
138 730 190 766 ῙΧ
214 733 343 773 tatibus
362 731 430 784 (uti
449 730 563 770 statim
583 730 756 782 dicemus)
777 732 930 780 Autore,
971 731 1088 772 eidem
1107 747 1278 773 novorum
1299 733 1345 773 de
1363 733 1434 774 suis
1452 734 1639 774 Aedificiis

215 799 452 839 cudendorum
486 796 655 836 librorum
689 812 808 837 euram
837 798 1067 839 demandarit.
1124 799 1161 838 ln
1181 812 1225 838 ea
1256 798 1365 854 igitur
1399 807 1471 839 tam
1497 799 1636 854 prolixa

212 864 363 905 historia
396 863 488 903 adeo
508 861 648 910 sobrie,
683 877 729 903 ne
763 864 878 903 dicam
908 864 1045 912 ieiune,
1073 864 1254 904 Iustiniani
1287 864 1412 905 laudes
1443 864 1638 919 Procopius

216 929 406 977 delibavit;
441 936 562 968 contra
580 942 668 968 vero
696 937 767 969 tam
793 930 939 984 copiosa
962 928 1092 984 sparsit
1117 930 1274 971 eiusdem
1300 930 1436 970 semina
1459 930 1636 984 vitupera-

214 998 367 1045 tionum,
400 1002 450 1036 'ut
476 1008 591 1049 neque
625 994 675 1034 ihi
704 1009 772 1049 per
803 996 1057 1046 adulationem,
1101 1012 1216 1052 neque
1248 997 1307 1036 hic
1337 1011 1403 1050 per
1432 996 1639 1036 calumniam

217 1063 341 1118 egisse
361 1060 558 1116 posteritati
585 1060 700 1100 videri
728 1061 855 1115 possit;
886 1061 956 1101 imo
983 1062 1090 1103 tidem
1110 1065 1297 1104 universae
1330 1061 1500 1103 historiae
1521 1075 1565 1102 ea
1587 1061 1638 1101 di-

217 1129 322 1170 cendi
341 1129 506 1168 libertate
529 1126 760 1175 conciliasse,
791 1142 894 1182 quam
928 1142 991 1168 suo
1018 1129 1225 1170 lastinianus
1251 1127 1426 1184 suffragio
1452 1136 1487 1169 et
1507 1127 1638 1169 autori-

216 1203 289 1236 tate
314 1193 532 1250 probaverit.

325 1284 475 1328 Lector,
510 1280 540 1320 si
561 1294 690 1329 vacas,
724 1281 816 1321 hunc
841 1289 1057 1336 postremum
1086 1298 1165 1323 cum
1191 1278 1337 1338 reliquis
1362 1282 1539 1323 committe
1553 1282 1639 1322 Pro-

215 1347 310 1402 copii
329 1347 449 1394 libris,
486 1346 656 1401 pluraque
684 1355 720 1387 et
739 1348 908 1402 graviora
934 1363 1039 1403 quam
1057 1348 1116 1388 hic
1142 1349 1341 1388 habeantur
1367 1347 1546 1388 Iustiniani
1574 1347 1639 1387 cri-

214 1415 310 1455 mina
330 1413 449 1453 inillis
470 1413 649 1461 invenies,
683 1413 855 1468 pleraque
886 1414 991 1454 etiam
1018 1413 1127 1454 fusius
1160 1422 1195 1454 et
1224 1414 1360 1454 maiore
1388 1422 1559 1468 apparatu
1579 1427 1640 1453 ex-

215 1480 365 1534 plicata;
400 1478 664 1527 crudelitatem,
697 1480 901 1529 avaritiam,
941 1480 1083 1520 infidum
1103 1479 1255 1520 animum
1282 1479 1318 1519 in
1338 1479 1483 1528 amieos,
1523 1479 1640 1519 datam

216 1546 377 1586 hostibus
397 1544 515 1592 fidem,
551 1559 594 1584 ac
614 1543 803 1592 violatam,
836 1545 870 1585 in
890 1546 1022 1600 probos
1044 1546 1174 1594 odium,
1213 1560 1371 1586 amorem
1393 1546 1428 1586 in
1449 1546 1641 1601 improbos,

217 1612 270 1653 ius
289 1612 476 1651 humanum
497 1618 602 1666 atque
622 1610 795 1658 divinum,
825 1611 976 1667 denique
996 1612 1113 1652 omnia
1141 1613 1187 1652 ad
1205 1612 1423 1652 Theodorae
1444 1611 1641 1666 imperium,

217 1687 324 1732 atque
357 1677 540 1718 libidinem
573 1684 790 1731 temperata:
829 1676 976 1716 haecin
1008 1677 1076 1717 illis
1096 1677 1195 1718 libris
1227 1677 1356 1732 raptim
1380 1677 1538 1718 indicare
1572 1691 1644 1717 non

215 1745 331 1799 piget.
387 1745 552 1784 loannem
586 1743 840 1797 Cappadocem
877 1742 1100 1784 Praefectum
1137 1744 1342 1792 Praetorio,
1385 1758 1407 1783 a
1445 1742 1643 1783 Theodora

215 1811 374 1864 privatas
403 1809 547 1850 iniurias
586 1816 824 1864 persequente
850 1807 942 1848 falso
970 1809 1225 1863 perduellionis
1255 1817 1453 1850 accusatum
1486 1808 1643 1848 liberare

215 1876 422 1916 Iustinianus
447 1891 517 1915 non
536 1876 662 1923 audet,
698 1874 881 1915 submissis
903 1888 992 1914 vero
1021 1875 1113 1915 clam
1140 1875 1275 1916 nunciis
1305 1876 1352 1916 de
1380 1875 1566 1930 Augustae
1591 1873 1642 1912 in·

217 1942 317 1982 sidiis
348 1942 538 1982 certiorem
571 1941 674 1981 facit:
718 1941 863 1981 tandem
899 1948 1052 1995 urgente
1086 1941 1242 1982 foemina
1279 1940 1458 1981 hominem
1485 1939 1642 1987 crimine,

219 2008 316 2049 cuius
336 2008 476 2062 quidem
497 2007 785 2055 insimulabatur,
817 2022 984 2054 vacuum,
1018 2006 1087 2046 sibi
1119 2021 1208 2047 vero
1243 2006 1346 2047 unice
1373 2014 1513 2062 gratum
1540 2013 1644 2059 atque

219 2074 468 2115 amicissimum
486 2073 627 2121 exilio,
667 2082 703 2113 et
739 2073 913 2112 bonorum
945 2071 1205 2126 proscriptione
1236 2073 1395 2121 damnat;
1436 2073 1483 2112 ab
1519 2071 1642 2119 exilio,

221 2140 288 2180 nisi
310 2139 463 2179 extincta
489 2139 705 2187 Theodora,
751 2139 924 2178 insontem
955 2151 1129 2177 revocare
1163 2153 1234 2178 non
1264 2152 1379 2179 ausus.
1435 2138 1524 2178 Inita
1553 2150 1646 2192 pace

221 2220 300 2246 cum
320 2205 502 2253 Chosroe,
539 2205 824 2252 Alamundarum‚
847 2211 883 2243 et
905 2204 1050 2243 Hunnos
1074 2204 1119 2243 ad
1137 2204 1268 2245 bellum
1287 2203 1407 2244 Persis
1424 2203 1646 2243 inserendum

222 2285 288 2325 spe
308 2279 343 2311 et
363 2271 478 2325 pretio
506 2272 675 2320 solicitat,
707 2272 812 2326 idque
847 2269 883 2309 in
914 2283 1065 2324 gravem
1085 2270 1228 2324 Imperii
1249 2269 1401 2311 Romani
1436 2268 1642 2324 perniciem.

220 2337 374 2378 Militem
393 2351 460 2392 per
479 2338 585 2378 urbes
605 2336 878 2392 praesidiarium
892 2335 1036 2390 negatis
1055 2336 1114 2376 diu
1138 2335 1322 2389 stipendiis
1341 2336 1387 2376 ad
1408 2335 1646 2376 defectionem

225 2403 384 2458 impellit.
442 2404 590 2444 Praeter
609 2405 764 2445 urbanos
784 2418 827 2442 ac
846 2402 1082 2451 domesticos,
1122 2402 1157 2442 in
1177 2403 1300 2443 castris
1329 2403 1418 2443 duos
1446 2401 1570 2442 habuit
1594 2401 1643 2440 in-

221 2469 346 2525 signes
365 2483 451 2510 suae
482 2471 654 2511 avaritiae
673 2470 869 2516 ministros,
901 2469 1070 2508 Ioannem
1097 2469 1333 2518 Quaestorem
1362 2467 1557 2516 exercitus,
1587 2466 1646 2521 qui

222 2544 259 2577 ut
291 2536 482 2590 sumptibus
508 2544 676 2590 parceret
707 2534 956 2590 Imperatoris,
991 2548 1086 2588 pane
1117 2535 1261 2574 sordido
1299 2534 1482 2589 ingentem
1499 2533 1646 2573 militum

222 2603 475 2645 multitudinem
499 2603 642 2657 impune
661 2601 819 2647 necavit;
850 2608 886 2640 et
904 2601 1144 2641 Alexandrum
1172 2599 1406 2648 Fofficulam,
1441 2600 1537 2641 cuius
1561 2599 1644 2639 odio

226 2670 355 2711 milites
381 2684 456 2710 rem
480 2670 524 2709 de
552 2669 719 2709 industria
748 2667 842 2708 male
866 2679 999 2722 gerere
1031 2665 1067 2706 in
1094 2667 1197 2708 ltalia
1225 2666 1439 2723 pergebant.
1496 2666 1647 2720 Propter

225 2735 411 2778 avaritiam
446 2735 671 2791 Logothetas
698 2734 834 2776 ibidem
866 2731 1030 2780 instituit;
1082 2740 1118 2773 et
1147 2734 1284 2775 Romae
1320 2745 1444 2774 omnes
1475 2731 1646 2772 honorum
