<?xml version="1.0" encoding="UTF-8"?>
<!DOCTYPE html PUBLIC "-//W3C//DTD XHTML 1.0 Transitional//EN"
    "http://www.w3.org/TR/xhtml1/DTD/xhtml1-transitional.dtd">
<html xmlns="http://www.w3.org/1999/xhtml" xml:lang="en" lang="en">
 <head>
  <title>
</title>
<meta http-equiv="Content-Type" content="text/html;charset=utf-8" />
  <meta name='ocr-system' content='tesseract 3.04.00' />
  <meta name='ocr-capabilities' content='ocr_page ocr_carea ocr_par ocr_line ocrx_word'/>
</head>
<body>
  <div class='ocr_page' id='page_1' title='image "./corpusscriptorum45niebuoft_0344.png"; bbox 0 0 1858 3126; ppageno 0'>
   <div class='ocr_carea' id='block_1_1' title="bbox 323 142 1160 191">
    <p class='ocr_par' dir='ltr' id='par_1_1' title="bbox 323 142 1160 191">
     <span class='ocr_line' id='line_1_1' title="bbox 323 142 1160 191; baseline 0 -1"><span class='ocrx_word' id='word_1_1' title='bbox 323 142 419 190; x_wconf 77' lang='lat'><strong><em>304</em></strong></span> <span class='ocrx_word' id='word_1_2' title='bbox 899 146 1160 191; x_wconf 87' lang='lat' dir='ltr'>PROCOPH</span> 
     </span>
    </p>
   </div>
   <div class='ocr_carea' id='block_1_2' title="bbox 198 254 1813 2664">
    <p class='ocr_par' dir='ltr' id='par_1_2' title="bbox 271 254 1770 582">
     <span class='ocr_line' id='line_1_2' title="bbox 320 254 1738 318; baseline 0.001 -16"><span class='ocrx_word' id='word_1_3' title='bbox 320 254 391 314; x_wconf 68' lang='grc' dir='ltr'><strong><em>ἦν,</em></strong></span> <span class='ocrx_word' id='word_1_4' title='bbox 427 260 466 302; x_wconf 77' lang='grc' dir='ltr'><strong><em>ἓν</em></strong></span> <span class='ocrx_word' id='word_1_5' title='bbox 491 259 534 302; x_wconf 75' lang='grc' dir='ltr'><strong><em>δὲ</em></strong></span> <span class='ocrx_word' id='word_1_6' title='bbox 556 262 605 316; x_wconf 84' lang='grc' dir='ltr'><strong><em>τῇ</em></strong></span> <span class='ocrx_word' id='word_1_7' title='bbox 629 258 803 315; x_wconf 65' lang='grc' dir='ltr'><strong><em>παραλίᾳ</em></strong></span> <span class='ocrx_word' id='word_1_8' title='bbox 827 259 978 312; x_wconf 75' lang='grc' dir='ltr'><em>κειμένη</em></span> <span class='ocrx_word' id='word_1_9' title='bbox 1006 257 1231 315; x_wconf 75' lang='grc' dir='ltr'><strong><em>ἀφύλακτον</em></strong></span> <span class='ocrx_word' id='word_1_10' title='bbox 1258 257 1332 314; x_wconf 68' lang='grc' dir='ltr'><strong><em>εἶχε</em></strong></span> <span class='ocrx_word' id='word_1_11' title='bbox 1363 259 1434 315; x_wconf 80' lang='grc' dir='ltr'><strong><em>τὴν</em></strong></span> <span class='ocrx_word' id='word_1_12' title='bbox 1460 257 1583 318; x_wconf 75' lang='grc' dir='ltr'><strong><em>ταύτῃ</em></strong></span> <span class='ocrx_word' id='word_1_13' title='bbox 1610 257 1738 315; x_wconf 73' lang='grc' dir='ltr'><strong><em>ἠιόνα.</em></strong></span> 
     </span>
     <span class='ocr_line' id='line_1_3' title="bbox 321 324 1738 384; baseline 0 -14"><span class='ocrx_word' id='word_1_14' title='bbox 321 328 372 370; x_wconf 81' lang='grc' dir='ltr'><strong><em>τὰ</em></strong></span> <span class='ocrx_word' id='word_1_15' title='bbox 398 331 516 369; x_wconf 81' lang='grc' dir='ltr'><strong><em>πλοῖα</em></strong></span> <span class='ocrx_word' id='word_1_16' title='bbox 544 324 731 372; x_wconf 79' lang='grc' dir='ltr'><em>πολλάκις</em></span> <span class='ocrx_word' id='word_1_17' title='bbox 751 324 883 377; x_wconf 86' lang='grc' dir='ltr'><strong><em>ἀμέλει</em></strong></span> <span class='ocrx_word' id='word_1_18' title='bbox 905 327 1079 367; x_wconf 76' lang='grc' dir='ltr'><strong><em>ἐνταῦθα</em></strong></span> <span class='ocrx_word' id='word_1_19' title='bbox 1102 328 1334 381; x_wconf 87' lang='grc' dir='ltr'><strong><em>καταίροντα</em></strong></span> <span class='ocrx_word' id='word_1_20' title='bbox 1353 326 1554 384; x_wconf 76' lang='grc' dir='ltr'><strong><em>ὑποχείρια</em></strong></span> <span class='ocrx_word' id='word_1_21' title='bbox 1577 327 1738 384; x_wconf 81' lang='grc' dir='ltr'><strong><em>βαρβά-</em></strong></span> 
     </span>
     <span class='ocr_line' id='line_1_4' title="bbox 323 391 1738 450; baseline 0.001 -15"><span class='ocrx_word' id='word_1_22' title='bbox 323 410 407 450; x_wconf 88' lang='grc' dir='ltr'><strong><em>ροις</em></strong></span> <span class='ocrx_word' id='word_1_23' title='bbox 433 394 594 443; x_wconf 78' lang='grc' dir='ltr'><strong><em>Οὕννοις</em></strong></span> <span class='ocrx_word' id='word_1_24' title='bbox 613 392 844 440; x_wconf 71' lang='grc' dir='ltr'><strong><em>ἐξαπιναίως</em></strong></span> <span class='ocrx_word' id='word_1_25' title='bbox 869 393 1087 447; x_wconf 77' lang='grc' dir='ltr'><strong><em>γεγένηται·</em></strong></span> <span class='ocrx_word' id='word_1_26' title='bbox 1122 391 1220 435; x_wconf 81' lang='grc' dir='ltr'><strong><em>ὥστε</em></strong></span> <span class='ocrx_word' id='word_1_27' title='bbox 1243 395 1307 433; x_wconf 82' lang='grc' dir='ltr'><strong><em>καὶ</em></strong></span> <span class='ocrx_word' id='word_1_28' title='bbox 1331 394 1402 443; x_wconf 78' lang='grc' dir='ltr'><strong><em>τὰς</em></strong></span> <span class='ocrx_word' id='word_1_29' title='bbox 1420 394 1564 449; x_wconf 79' lang='grc' dir='ltr'><strong><em>νήσους</em></strong></span> <span class='ocrx_word' id='word_1_30' title='bbox 1582 395 1738 437; x_wconf 71' lang='grc' dir='ltr'><strong><em>ἐνθένδε</em></strong></span> 
     </span>
     <span class='ocr_line' id='line_1_5' title="bbox 321 458 1739 518; baseline 0.001 -16"><span class='ocrx_word' id='word_1_31' title='bbox 321 461 394 511; x_wconf 80' lang='grc' dir='ltr'><strong><em>τὰς</em></strong></span> <span class='ocrx_word' id='word_1_32' title='bbox 418 465 466 517; x_wconf 81' lang='grc' dir='ltr'><strong><em>τῇ</em></strong></span> <span class='ocrx_word' id='word_1_33' title='bbox 485 460 600 518; x_wconf 71' lang='grc' dir='ltr'><strong><em>χώρα</em></strong></span> <span class='ocrx_word' id='word_1_34' title='bbox 629 458 868 510; x_wconf 75' lang='grc' dir='ltr'><strong><em>ἐπικειμένας</em></strong></span> <span class='ocrx_word' id='word_1_35' title='bbox 894 458 1137 512; x_wconf 75' lang='grc' dir='ltr'><strong><em>ἠνώχλησαν.</em></strong></span> <span class='ocrx_word' id='word_1_36' title='bbox 1198 459 1466 511; x_wconf 82' lang='grc' dir='ltr'><strong><em>Ἰουστινιανός</em></strong></span> <span class='ocrx_word' id='word_1_37' title='bbox 1491 463 1535 503; x_wconf 76' lang='grc' dir='ltr'><strong><em>δὲ</em></strong></span> <span class='ocrx_word' id='word_1_38' title='bbox 1553 461 1739 514; x_wconf 72' lang='grc' dir='ltr'><strong><em>βασιλεὺς</em></strong></span> 
     </span>
     <span class='ocr_line' id='line_1_6' title="bbox 271 525 1770 582; baseline -0.001 -13"><span class='ocrx_word' id='word_1_39' title='bbox 271 537 303 571; x_wconf 90' lang='lat' dir='ltr'>D</span> <span class='ocrx_word' id='word_1_40' title='bbox 327 529 611 580; x_wconf 70' lang='grc' dir='ltr'><strong><em>διατειχίσματι</em></strong></span> <span class='ocrx_word' id='word_1_41' title='bbox 640 525 712 578; x_wconf 84' lang='grc' dir='ltr'><strong><em>τὴν</em></strong></span> <span class='ocrx_word' id='word_1_42' title='bbox 737 527 932 580; x_wconf 78' lang='grc' dir='ltr'><strong><em>παραλίαν</em></strong></span> <span class='ocrx_word' id='word_1_43' title='bbox 959 526 1190 582; x_wconf 79' lang='grc' dir='ltr'><strong><em>περιβαλὼν</em></strong></span> <span class='ocrx_word' id='word_1_44' title='bbox 1206 525 1320 579; x_wconf 81' lang='grc' dir='ltr'><strong><em>ὅλην,</em></strong></span> <span class='ocrx_word' id='word_1_45' title='bbox 1353 533 1438 576; x_wconf 83' lang='grc' dir='ltr'><strong><em>ταῖς</em></strong></span> <span class='ocrx_word' id='word_1_46' title='bbox 1463 545 1506 570; x_wconf 87' lang='grc' dir='ltr'><strong><em>τε</em></strong></span> <span class='ocrx_word' id='word_1_47' title='bbox 1529 531 1644 570; x_wconf 80' lang='grc' dir='ltr'><strong><em>ναυσὶ</em></strong></span> <span class='ocrx_word' id='word_1_48' title='bbox 1673 529 1770 573; x_wconf 84' lang='grc' dir='ltr'><strong><em>καὶ5</em></strong></span> 
     </span>
    </p>

    <p class='ocr_par' dir='ltr' id='par_1_3' title="bbox 319 591 1796 1118">
     <span class='ocr_line' id='line_1_7' title="bbox 320 591 1740 647; baseline 0 -11"><span class='ocrx_word' id='word_1_49' title='bbox 320 601 402 643; x_wconf 83' lang='grc' dir='ltr'><strong><em>τοῖς</em></strong></span> <span class='ocrx_word' id='word_1_50' title='bbox 434 593 642 647; x_wconf 81' lang='grc' dir='ltr'><strong><em>νησιώταις</em></strong></span> <span class='ocrx_word' id='word_1_51' title='bbox 672 591 743 645; x_wconf 81' lang='grc' dir='ltr'><strong><em>τὴν</em></strong></span> <span class='ocrx_word' id='word_1_52' title='bbox 775 592 993 646; x_wconf 81' lang='grc' dir='ltr'><strong><em>ἀσφάλειαν</em></strong></span> <span class='ocrx_word' id='word_1_53' title='bbox 1032 592 1268 634; x_wconf 78' lang='grc' dir='ltr'><strong><em>ἀνεσώσατο.</em></strong></span> <span class='ocrx_word' id='word_1_54' title='bbox 1334 593 1435 634; x_wconf 78' lang='grc' dir='ltr'><strong><em>ἀλλὰ</em></strong></span> <span class='ocrx_word' id='word_1_55' title='bbox 1465 596 1531 635; x_wconf 85' lang='grc' dir='ltr'><strong><em>καὶ</em></strong></span> <span class='ocrx_word' id='word_1_56' title='bbox 1566 595 1634 636; x_wconf 84' lang='grc' dir='ltr'><strong><em>τὸν</em></strong></span> <span class='ocrx_word' id='word_1_57' title='bbox 1668 598 1740 636; x_wconf 80' lang='grc' dir='ltr'><strong><em>τοῦ</em></strong></span> 
     </span>
     <span class='ocr_line' id='line_1_8' title="bbox 320 659 1739 716; baseline 0 -14"><span class='ocrx_word' id='word_1_58' title='bbox 320 660 467 709; x_wconf 72' lang='grc' dir='ltr'><strong><em>ὕδατος</em></strong></span> <span class='ocrx_word' id='word_1_59' title='bbox 494 660 625 714; x_wconf 83' lang='grc' dir='ltr'><strong><em>ὀχετὸν</em></strong></span> <span class='ocrx_word' id='word_1_60' title='bbox 653 659 694 699; x_wconf 73' lang='grc' dir='ltr'><strong><em>ἐκ</em></strong></span> <span class='ocrx_word' id='word_1_61' title='bbox 714 663 790 699; x_wconf 85' lang='grc' dir='ltr'><strong><em>τῶν</em></strong></span> <span class='ocrx_word' id='word_1_62' title='bbox 818 659 940 715; x_wconf 79' lang='grc' dir='ltr'><strong><em>ὀρῶν,</em></strong></span> <span class='ocrx_word' id='word_1_63' title='bbox 976 659 1002 701; x_wconf 75' lang='grc' dir='ltr'><em>ἃ</em></span> <span class='ocrx_word' id='word_1_64' title='bbox 1024 659 1146 715; x_wconf 81' lang='grc' dir='ltr'><strong><em>ταύτῃ</em></strong></span> <span class='ocrx_word' id='word_1_65' title='bbox 1169 659 1313 712; x_wconf 80' lang='grc' dir='ltr'><strong><em>ἀνέχει,</em></strong></span> <span class='ocrx_word' id='word_1_66' title='bbox 1346 660 1459 716; x_wconf 80' lang='grc' dir='ltr'><strong><em>μέχρι</em></strong></span> <span class='ocrx_word' id='word_1_67' title='bbox 1479 662 1518 710; x_wconf 72' lang='grc' dir='ltr'><strong><em>ἐς</em></strong></span> <span class='ocrx_word' id='word_1_68' title='bbox 1537 660 1608 714; x_wconf 80' lang='grc' dir='ltr'><strong><em>τὴν</em></strong></span> <span class='ocrx_word' id='word_1_69' title='bbox 1627 660 1739 702; x_wconf 85' lang='grc' dir='ltr'><strong><em>πόλιν</em></strong></span> 
     </span>
     <span class='ocr_line' id='line_1_9' title="bbox 319 724 1741 782; baseline 0.001 -15"><span class='ocrx_word' id='word_1_70' title='bbox 319 726 533 782; x_wconf 68' lang='grc' dir='ltr'><strong><em>ὑπέρογκον</em></strong></span> <span class='ocrx_word' id='word_1_71' title='bbox 553 726 758 779; x_wconf 76' lang='grc' dir='ltr'><strong><em>ἀνέστησεν</em></strong></span> <span class='ocrx_word' id='word_1_72' title='bbox 773 724 891 779; x_wconf 74' lang='grc' dir='ltr'><strong><em>ὕψος.</em></strong></span> <span class='ocrx_word' id='word_1_73' title='bbox 959 727 1040 768; x_wconf 68' lang='grc' dir='ltr'><strong><em>ἔστι</em></strong></span> <span class='ocrx_word' id='word_1_74' title='bbox 1064 727 1108 768; x_wconf 77' lang='grc' dir='ltr'><strong><em>δέ</em></strong></span> <span class='ocrx_word' id='word_1_75' title='bbox 1128 743 1186 776; x_wconf 89' lang='grc' dir='ltr'><strong><em>τις</em></strong></span> <span class='ocrx_word' id='word_1_76' title='bbox 1212 729 1251 767; x_wconf 77' lang='grc' dir='ltr'><strong><em>ἓν</em></strong></span> <span class='ocrx_word' id='word_1_77' title='bbox 1266 724 1434 781; x_wconf 79' lang='grc' dir='ltr'><strong><em>Ῥοδόπῃ</em></strong></span> <span class='ocrx_word' id='word_1_78' title='bbox 1453 726 1563 776; x_wconf 87' lang='grc' dir='ltr'><strong><em>πόλις</em></strong></span> <span class='ocrx_word' id='word_1_79' title='bbox 1581 727 1741 782; x_wconf 79' lang='grc' dir='ltr'><strong><em>ἀρχαία,</em></strong></span> 
     </span>
     <span class='ocr_line' id='line_1_10' title="bbox 322 791 1742 850; baseline 0 -16"><span class='ocrx_word' id='word_1_80' title='bbox 322 794 503 850; x_wconf 85' lang='grc' dir='ltr'><strong><em>Τόπερος</em></strong></span> <span class='ocrx_word' id='word_1_81' title='bbox 528 793 650 847; x_wconf 79' lang='grc' dir='ltr'><strong><em>ὄνομα</em></strong></span> <span class='ocrx_word' id='word_1_82' title='bbox 657 824 670 843; x_wconf 83' lang='grc'>,</span> <span class='ocrx_word' id='word_1_83' title='bbox 705 791 732 846; x_wconf 75' lang='grc' dir='ltr'>ἢ</span> <span class='ocrx_word' id='word_1_84' title='bbox 753 798 932 847; x_wconf 81' lang='grc' dir='ltr'><strong><em>ποταμοῦ</em></strong></span> <span class='ocrx_word' id='word_1_85' title='bbox 954 795 1024 847; x_wconf 77' lang='grc' dir='ltr'><strong><em>μὲν</em></strong></span> <span class='ocrx_word' id='word_1_86' title='bbox 1046 793 1186 849; x_wconf 81' lang='grc' dir='ltr'><strong><em>ῥεῖθρα</em></strong></span> <span class='ocrx_word' id='word_1_87' title='bbox 1207 791 1481 849; x_wconf 80' lang='grc' dir='ltr'><strong><em>περιβάλλεται</em></strong></span> <span class='ocrx_word' id='word_1_88' title='bbox 1501 795 1544 835; x_wconf 77' lang='grc' dir='ltr'><strong><em>ἐκ</em></strong></span> <span class='ocrx_word' id='word_1_89' title='bbox 1566 798 1636 836; x_wconf 83' lang='grc' dir='ltr'><strong><em>τοῦ</em></strong></span> <span class='ocrx_word' id='word_1_90' title='bbox 1656 795 1742 835; x_wconf 75' lang='grc' dir='ltr'><strong><em>ἐπι-</em></strong></span> 
     </span>
     <span class='ocr_line' id='line_1_11' title="bbox 319 854 1796 916; baseline 0.001 -15"><span class='ocrx_word' id='word_1_91' title='bbox 319 865 520 911; x_wconf 78' lang='grc' dir='ltr'><strong><em>πλεῖστον,</em></strong></span> <span class='ocrx_word' id='word_1_92' title='bbox 550 859 674 916; x_wconf 81' lang='grc' dir='ltr'><strong><em>λόφον</em></strong></span> <span class='ocrx_word' id='word_1_93' title='bbox 696 860 738 900; x_wconf 77' lang='grc' dir='ltr'><strong><em>δὲ</em></strong></span> <span class='ocrx_word' id='word_1_94' title='bbox 758 861 858 915; x_wconf 74' lang='grc' dir='ltr'><strong><em>αὐτῇ</em></strong></span> <span class='ocrx_word' id='word_1_95' title='bbox 882 859 1166 914; x_wconf 77' lang='grc' dir='ltr'><strong><em>ἕπανεστηκότα</em></strong></span> <span class='ocrx_word' id='word_1_96' title='bbox 1195 859 1334 915; x_wconf 75' lang='grc' dir='ltr'><strong><em>ὄρθιον</em></strong></span> <span class='ocrx_word' id='word_1_97' title='bbox 1360 857 1470 912; x_wconf 76' lang='grc' dir='ltr'><strong><em>εἶχεν.</em></strong></span> <span class='ocrx_word' id='word_1_98' title='bbox 1534 860 1602 916; x_wconf 70' lang='grc' dir='ltr'><strong><em>ἐφ’</em></strong></span> <span class='ocrx_word' id='word_1_99' title='bbox 1624 854 1670 901; x_wconf 73' lang='grc' dir='ltr'><strong><em>οὗ</em></strong></span> <span class='ocrx_word' id='word_1_100' title='bbox 1687 861 1741 915; x_wconf 79' lang='grc' dir='ltr'><strong><em>-ὁὴ</em></strong></span> <span class='ocrx_word' id='word_1_101' title='bbox 1755 869 1796 903; x_wconf 88' lang='grc'><strong><em>10</em></strong></span> 
     </span>
     <span class='ocr_line' id='line_1_12' title="bbox 321 925 1743 984; baseline 0.001 -16"><span class='ocrx_word' id='word_1_102' title='bbox 321 927 368 968; x_wconf 82' lang='grc' dir='ltr'><strong><em>οὗ</em></strong></span> <span class='ocrx_word' id='word_1_103' title='bbox 396 931 530 984; x_wconf 74' lang='grc' dir='ltr'><strong><em>πολλῷ</em></strong></span> <span class='ocrx_word' id='word_1_104' title='bbox 561 927 785 982; x_wconf 62' lang='grc' dir='ltr'><strong><em>ἔμπροσθεν</em></strong></span> <span class='ocrx_word' id='word_1_105' title='bbox 809 930 1054 981; x_wconf 82' lang='grc' dir='ltr'><strong><em>Σκλαβηνοῖς</em></strong></span> <span class='ocrx_word' id='word_1_106' title='bbox 1075 925 1297 983; x_wconf 78' lang='grc' dir='ltr'><strong><em>βαρβάροις</em></strong></span> <span class='ocrx_word' id='word_1_107' title='bbox 1322 925 1438 968; x_wconf 72' lang='grc' dir='ltr'><strong><em>ἑάλω.</em></strong></span> <span class='ocrx_word' id='word_1_108' title='bbox 1505 926 1606 968; x_wconf 79' lang='grc' dir='ltr'><strong><em>ἀλλὰ</em></strong></span> <span class='ocrx_word' id='word_1_109' title='bbox 1623 931 1743 980; x_wconf 86' lang='grc' dir='ltr'><strong><em>βασι-</em></strong></span> 
     </span>
     <span class='ocr_line' id='line_1_13' title="bbox 320 992 1745 1051; baseline -0.004 -16"><span class='ocrx_word' id='word_1_110' title='bbox 320 994 410 1044; x_wconf 79' lang='grc' dir='ltr'><strong><em>λεὺς</em></strong></span> <span class='ocrx_word' id='word_1_111' title='bbox 425 994 693 1042; x_wconf 82' lang='grc' dir='ltr'><strong><em>Ἰουστινιανὸς</em></strong></span> <span class='ocrx_word' id='word_1_112' title='bbox 714 994 814 1048; x_wconf 81' lang='grc' dir='ltr'><strong><em>μέγα</em></strong></span> <span class='ocrx_word' id='word_1_113' title='bbox 833 999 888 1051; x_wconf 78' lang='grc' dir='ltr'><strong><em>τῷ</em></strong></span> <span class='ocrx_word' id='word_1_114' title='bbox 905 993 1099 1050; x_wconf 75' lang='grc' dir='ltr'><strong><em>περιβόλῳ</em></strong></span> <span class='ocrx_word' id='word_1_115' title='bbox 1116 993 1222 1047; x_wconf 70' lang='grc' dir='ltr'><strong><em>ὕψος</em></strong></span> <span class='ocrx_word' id='word_1_116' title='bbox 1243 995 1454 1035; x_wconf 72' lang='grc' dir='ltr'><strong><em>ἐντέθεικεν</em></strong></span> <span class='ocrx_word' id='word_1_117' title='bbox 1465 1007 1476 1018; x_wconf 87' lang='grc'><em>·</em></span> <span class='ocrx_word' id='word_1_118' title='bbox 1507 993 1607 1036; x_wconf 82' lang='grc' dir='ltr'><strong><em>ὥστε</em></strong></span> <span class='ocrx_word' id='word_1_119' title='bbox 1623 992 1745 1050; x_wconf 73' lang='grc' dir='ltr'><strong><em>ὓπερ..</em></strong></span> 
     </span>
     <span class='ocr_line' id='line_1_14' title="bbox 323 1059 1747 1118; baseline 0.001 -17"><span class='ocrx_word' id='word_1_120' title='bbox 323 1063 422 1116; x_wconf 73' lang='grc' dir='ltr'><strong><em>αι’ρει</em></strong></span> <span class='ocrx_word' id='word_1_121' title='bbox 441 1060 615 1117; x_wconf 79' lang='grc' dir='ltr'><strong><em>τοσούτῳ</em></strong></span> <span class='ocrx_word' id='word_1_122' title='bbox 633 1060 700 1101; x_wconf 84' lang='grc' dir='ltr'><strong><em>τὸν</em></strong></span> <span class='ocrx_word' id='word_1_123' title='bbox 720 1059 857 1117; x_wconf 80' lang='grc' dir='ltr'><strong><em>λόφον,</em></strong></span> <span class='ocrx_word' id='word_1_124' title='bbox 883 1061 963 1118; x_wconf 81' lang='grc' dir='ltr'><strong><em>ὅσῳ</em></strong></span> <span class='ocrx_word' id='word_1_125' title='bbox 983 1061 1031 1114; x_wconf 77' lang='grc' dir='ltr'><strong><em>δὴ</em></strong></span> <span class='ocrx_word' id='word_1_126' title='bbox 1052 1061 1174 1102; x_wconf 79' lang='grc' dir='ltr'><strong><em>αὐτοῦ</em></strong></span> <span class='ocrx_word' id='word_1_127' title='bbox 1192 1061 1490 1116; x_wconf 78' lang='grc' dir='ltr'><strong><em>καταδεέστερος</em></strong></span> <span class='ocrx_word' id='word_1_128' title='bbox 1505 1060 1555 1101; x_wconf 76' lang='grc' dir='ltr'><strong><em>τὰ</em></strong></span> <span class='ocrx_word' id='word_1_129' title='bbox 1574 1060 1747 1117; x_wconf 79' lang='grc' dir='ltr'><strong><em>πρότερα</em></strong></span> 
     </span>
    </p>

    <p class='ocr_par' dir='ltr' id='par_1_4' title="bbox 203 1123 1799 1518">
     <span class='ocr_line' id='line_1_15' title="bbox 203 1123 1746 1184; baseline 0.001 -18"><span class='ocrx_word' id='word_1_130' title='bbox 203 1132 233 1166; x_wconf 90' lang='lat' dir='ltr'>P</span> <span class='ocrx_word' id='word_1_131' title='bbox 256 1133 299 1167; x_wconf 90' lang='lat'><strong><em>91</em></strong></span> <span class='ocrx_word' id='word_1_132' title='bbox 322 1123 394 1181; x_wconf 58' lang='grc' dir='ltr'><strong><em>ἦν.</em></strong></span> <span class='ocrx_word' id='word_1_133' title='bbox 451 1129 516 1168; x_wconf 84' lang='grc' dir='ltr'><strong><em>καὶ</em></strong></span> <span class='ocrx_word' id='word_1_134' title='bbox 538 1127 658 1169; x_wconf 76' lang='grc' dir='ltr'><strong><em>στοὰν</em></strong></span> <span class='ocrx_word' id='word_1_135' title='bbox 679 1127 750 1178; x_wconf 74' lang='grc' dir='ltr'><strong><em>μὲν</em></strong></span> <span class='ocrx_word' id='word_1_136' title='bbox 773 1128 1028 1181; x_wconf 76' lang='grc' dir='ltr'><strong><em>ἐπανέστησεν</em></strong></span> <span class='ocrx_word' id='word_1_137' title='bbox 1047 1128 1088 1167; x_wconf 72' lang='grc' dir='ltr'><strong><em>ἓν</em></strong></span> <span class='ocrx_word' id='word_1_138' title='bbox 1111 1131 1280 1184; x_wconf 72' lang='grc' dir='ltr'><strong><em>θολωτῷ</em></strong></span> <span class='ocrx_word' id='word_1_139' title='bbox 1295 1128 1431 1180; x_wconf 81' lang='grc' dir='ltr'><strong><em>τείχει,</em></strong></span> <span class='ocrx_word' id='word_1_140' title='bbox 1465 1126 1560 1169; x_wconf 83' lang='grc' dir='ltr'><strong><em>ὅθεν</em></strong></span> <span class='ocrx_word' id='word_1_141' title='bbox 1586 1128 1634 1181; x_wconf 81' lang='grc' dir='ltr'><strong><em>δὴ</em></strong></span> <span class='ocrx_word' id='word_1_142' title='bbox 1663 1133 1746 1176; x_wconf 87' lang='grc' dir='ltr'><strong><em>τοῖς</em></strong></span> 
     </span>
     <span class='ocr_line' id='line_1_16' title="bbox 321 1193 1799 1249; baseline 0.001 -14"><span class='ocrx_word' id='word_1_143' title='bbox 321 1199 623 1247; x_wconf 78' lang='grc' dir='ltr'><strong><em>τειχομαχοῦσιν</em></strong></span> <span class='ocrx_word' id='word_1_144' title='bbox 653 1193 690 1234; x_wconf 78' lang='grc' dir='ltr'><strong><em>οἱ</em></strong></span> <span class='ocrx_word' id='word_1_145' title='bbox 711 1197 781 1246; x_wconf 84' lang='grc' dir='ltr'><strong><em>τῆς</em></strong></span> <span class='ocrx_word' id='word_1_146' title='bbox 802 1194 952 1243; x_wconf 85' lang='grc' dir='ltr'><strong><em>πόλεως</em></strong></span> <span class='ocrx_word' id='word_1_147' title='bbox 970 1193 1205 1246; x_wconf 86' lang='grc' dir='ltr'><strong><em>ἀμυνόμενοι</em></strong></span> <span class='ocrx_word' id='word_1_148' title='bbox 1229 1195 1271 1234; x_wconf 76' lang='grc' dir='ltr'><strong><em>ἐκ</em></strong></span> <span class='ocrx_word' id='word_1_149' title='bbox 1288 1199 1357 1235; x_wconf 78' lang='grc' dir='ltr'><strong><em>τοῦ</em></strong></span> <span class='ocrx_word' id='word_1_150' title='bbox 1375 1195 1580 1249; x_wconf 78' lang='grc' dir='ltr'><strong><em>ἀσφαλοῦς</em></strong></span> <span class='ocrx_word' id='word_1_151' title='bbox 1597 1193 1744 1247; x_wconf 76' lang='grc' dir='ltr'><strong><em>διαμά-</em></strong></span> <span class='ocrx_word' id='word_1_152' title='bbox 1757 1202 1799 1236; x_wconf 86' lang='grc'><strong><em>15</em></strong></span> 
     </span>
     <span class='ocr_line' id='line_1_17' title="bbox 319 1258 1748 1316; baseline 0 -14"><span class='ocrx_word' id='word_1_153' title='bbox 319 1278 478 1315; x_wconf 81' lang='grc' dir='ltr'><strong><em>χονται,</em></strong></span> <span class='ocrx_word' id='word_1_154' title='bbox 513 1265 591 1302; x_wconf 83' lang='grc' dir='ltr'><strong><em>τῶν</em></strong></span> <span class='ocrx_word' id='word_1_155' title='bbox 631 1261 673 1300; x_wconf 74' lang='grc' dir='ltr'><strong><em>δὲ</em></strong></span> <span class='ocrx_word' id='word_1_156' title='bbox 702 1259 860 1316; x_wconf 77' lang='grc' dir='ltr'><strong><em>πύργων</em></strong></span> <span class='ocrx_word' id='word_1_157' title='bbox 899 1262 1061 1302; x_wconf 71' lang='grc' dir='ltr'><strong><em>ἕκαστον</em></strong></span> <span class='ocrx_word' id='word_1_158' title='bbox 1093 1258 1286 1316; x_wconf 79' lang='grc' dir='ltr'><strong><em>φρούριον</em></strong></span> <span class='ocrx_word' id='word_1_159' title='bbox 1315 1259 1481 1316; x_wconf 75' lang='grc' dir='ltr'><strong><em>ἐρυμνὸν</em></strong></span> <span class='ocrx_word' id='word_1_160' title='bbox 1513 1259 1748 1302; x_wconf 72' lang='grc' dir='ltr'><strong><em>ἐσκευάσατο</em></strong></span> 
     </span>
     <span class='ocr_line' id='line_1_18' title="bbox 322 1326 1750 1383; baseline -0.001 -14"><span class='ocrx_word' id='word_1_161' title='bbox 322 1327 431 1370; x_wconf 79' lang='grc' dir='ltr'><strong><em>εἶναι.</em></strong></span> <span class='ocrx_word' id='word_1_162' title='bbox 499 1327 599 1368; x_wconf 77' lang='grc' dir='ltr'><strong><em>ἀλλὰ</em></strong></span> <span class='ocrx_word' id='word_1_163' title='bbox 632 1329 697 1368; x_wconf 84' lang='grc' dir='ltr'><strong><em>καὶ</em></strong></span> <span class='ocrx_word' id='word_1_164' title='bbox 719 1328 768 1368; x_wconf 83' lang='grc' dir='ltr'><strong><em>τὰ</em></strong></span> <span class='ocrx_word' id='word_1_165' title='bbox 797 1330 839 1370; x_wconf 73' lang='grc' dir='ltr'><strong><em>ἐκ</em></strong></span> <span class='ocrx_word' id='word_1_166' title='bbox 858 1332 929 1369; x_wconf 78' lang='grc' dir='ltr'><strong><em>τοῦ</em></strong></span> <span class='ocrx_word' id='word_1_167' title='bbox 949 1326 1158 1383; x_wconf 84' lang='grc' dir='ltr'><strong><em>περιβόλου</em></strong></span> <span class='ocrx_word' id='word_1_168' title='bbox 1180 1327 1294 1383; x_wconf 86' lang='grc' dir='ltr'><strong><em>μέχρι</em></strong></span> <span class='ocrx_word' id='word_1_169' title='bbox 1315 1328 1354 1376; x_wconf 75' lang='grc' dir='ltr'><strong><em>ἒς</em></strong></span> <span class='ocrx_word' id='word_1_170' title='bbox 1373 1326 1441 1368; x_wconf 84' lang='grc' dir='ltr'><strong><em>τὸν</em></strong></span> <span class='ocrx_word' id='word_1_171' title='bbox 1465 1327 1641 1380; x_wconf 81' lang='grc' dir='ltr'><strong><em>ποταμὸν</em></strong></span> <span class='ocrx_word' id='word_1_172' title='bbox 1660 1329 1750 1368; x_wconf 81' lang='grc' dir='ltr'><strong><em>δια-</em></strong></span> 
     </span>
     <span class='ocr_line' id='line_1_19' title="bbox 322 1393 1751 1453; baseline -0.001 -16"><span class='ocrx_word' id='word_1_173' title='bbox 322 1397 541 1448; x_wconf 80' lang='grc' dir='ltr'><strong><em>τειχίσματι</em></strong></span> <span class='ocrx_word' id='word_1_174' title='bbox 560 1395 783 1450; x_wconf 82' lang='grc' dir='ltr'><strong><em>περιβαλὼν</em></strong></span> <span class='ocrx_word' id='word_1_175' title='bbox 806 1393 1058 1451; x_wconf 75' lang='grc' dir='ltr'><strong><em>ἐκρατύνατο.</em></strong></span> <span class='ocrx_word' id='word_1_176' title='bbox 1122 1398 1247 1436; x_wconf 80' lang='grc' dir='ltr'><strong><em>ταῦτα</em></strong></span> <span class='ocrx_word' id='word_1_177' title='bbox 1268 1395 1340 1447; x_wconf 78' lang='grc' dir='ltr'><strong><em>μὲν</em></strong></span> <span class='ocrx_word' id='word_1_178' title='bbox 1356 1393 1615 1453; x_wconf 76' lang='grc' dir='ltr'><strong><em>Ἰουστινιανῷ</em></strong></span> <span class='ocrx_word' id='word_1_179' title='bbox 1629 1398 1751 1448; x_wconf 84' lang='grc' dir='ltr'><strong><em>βασι-</em></strong></span> 
     </span>
     <span class='ocr_line' id='line_1_20' title="bbox 320 1464 723 1518; baseline 0 -16"><span class='ocrx_word' id='word_1_180' title='bbox 320 1466 385 1503; x_wconf 85' lang='grc' dir='ltr'><strong><em>λεΐ</em></strong></span> <span class='ocrx_word' id='word_1_181' title='bbox 397 1465 488 1518; x_wconf 78' lang='grc' dir='ltr'><strong><em>τῇδε</em></strong></span> <span class='ocrx_word' id='word_1_182' title='bbox 505 1464 723 1515; x_wconf 90' lang='grc' dir='ltr'><strong><em>πεποιήται.</em></strong></span> 
     </span>
    </p>

    <p class='ocr_par' dir='ltr' id='par_1_5' title="bbox 319 1525 1813 1716">
     <span class='ocr_line' id='line_1_21' title="bbox 456 1525 1813 1584; baseline -0.002 -14"><span class='ocrx_word' id='word_1_183' title='bbox 456 1531 539 1571; x_wconf 85' lang='grc' dir='ltr'><strong><em>Καὶ</em></strong></span> <span class='ocrx_word' id='word_1_184' title='bbox 560 1529 635 1570; x_wconf 80' lang='grc' dir='ltr'><strong><em>ὅσα</em></strong></span> <span class='ocrx_word' id='word_1_185' title='bbox 657 1530 700 1570; x_wconf 74' lang='grc' dir='ltr'><strong><em>δὲ</em></strong></span> <span class='ocrx_word' id='word_1_186' title='bbox 721 1528 828 1584; x_wconf 72' lang='grc' dir='ltr'><strong><em>αὐτῷ</em></strong></span> <span class='ocrx_word' id='word_1_187' title='bbox 850 1525 1091 1582; x_wconf 75' lang='grc' dir='ltr'><strong><em>ὀχυρώματα</em></strong></span> <span class='ocrx_word' id='word_1_188' title='bbox 1121 1526 1321 1582; x_wconf 68' lang='grc' dir='ltr'><strong><em>εἴργασται</em></strong></span> <span class='ocrx_word' id='word_1_189' title='bbox 1342 1525 1450 1582; x_wconf 78' lang='grc' dir='ltr'><strong><em>ἀμφί</em></strong></span> <span class='ocrx_word' id='word_1_190' title='bbox 1469 1543 1510 1568; x_wconf 85' lang='grc' dir='ltr'><strong><em>τε</em></strong></span> <span class='ocrx_word' id='word_1_191' title='bbox 1535 1527 1606 1581; x_wconf 85' lang='grc' dir='ltr'><strong><em>τὴν</em></strong></span> <span class='ocrx_word' id='word_1_192' title='bbox 1627 1526 1813 1580; x_wconf 61' lang='grc' dir='ltr'><strong><em>ἄλληνὲο·</em></strong></span> 
     </span>
     <span class='ocr_line' id='line_1_22' title="bbox 326 1592 1752 1654; baseline -0.001 -18"><span class='ocrx_word' id='word_1_193' title='bbox 326 1595 490 1654; x_wconf 73' lang='grc' dir='ltr'><strong><em>Θρᾴκην</em></strong></span> <span class='ocrx_word' id='word_1_194' title='bbox 507 1598 574 1637; x_wconf 82' lang='grc' dir='ltr'><strong><em>καὶ</em></strong></span> <span class='ocrx_word' id='word_1_195' title='bbox 591 1595 663 1648; x_wconf 82' lang='grc' dir='ltr'><strong><em>τὴν</em></strong></span> <span class='ocrx_word' id='word_1_196' title='bbox 680 1600 749 1637; x_wconf 77' lang='grc' dir='ltr'><strong><em>νῦν</em></strong></span> <span class='ocrx_word' id='word_1_197' title='bbox 767 1595 1009 1648; x_wconf 81' lang='grc' dir='ltr'><strong><em>καλουμένην</em></strong></span> <span class='ocrx_word' id='word_1_198' title='bbox 1027 1596 1287 1647; x_wconf 78' lang='grc' dir='ltr'><strong><em>Αῒμίμοντον,</em></strong></span> <span class='ocrx_word' id='word_1_199' title='bbox 1307 1593 1382 1647; x_wconf 73' lang='grc' dir='ltr'><strong><em>ἐγώ</em></strong></span> <span class='ocrx_word' id='word_1_200' title='bbox 1400 1592 1580 1646; x_wconf 78' lang='grc' dir='ltr'><strong><em>δηλώσω.</em></strong></span> <span class='ocrx_word' id='word_1_201' title='bbox 1613 1598 1752 1649; x_wconf 81' lang='grc' dir='ltr'><strong><em>πρῶτα</em></strong></span> 
     </span>
     <span class='ocr_line' id='line_1_23' title="bbox 319 1657 1752 1716; baseline -0.002 -13"><span class='ocrx_word' id='word_1_202' title='bbox 319 1664 391 1716; x_wconf 75' lang='grc' dir='ltr'><strong><em>μὲν</em></strong></span> <span class='ocrx_word' id='word_1_203' title='bbox 423 1660 773 1711; x_wconf 80' lang='grc' dir='ltr'><strong><em>Φιλιππουπόλεώς</em></strong></span> <span class='ocrx_word' id='word_1_204' title='bbox 803 1679 844 1703; x_wconf 81' lang='grc' dir='ltr'><strong><em>τε</em></strong></span> <span class='ocrx_word' id='word_1_205' title='bbox 876 1663 941 1702; x_wconf 86' lang='grc' dir='ltr'><strong><em>καὶ</em></strong></span> <span class='ocrx_word' id='word_1_206' title='bbox 967 1659 1302 1708; x_wconf 88' lang='grc' dir='ltr'><strong><em>Πλωτινοπόλεως</em></strong></span> <span class='ocrx_word' id='word_1_207' title='bbox 1329 1657 1381 1700; x_wconf 79' lang='grc' dir='ltr'><strong><em>τά</em></strong></span> <span class='ocrx_word' id='word_1_208' title='bbox 1407 1676 1448 1701; x_wconf 84' lang='grc' dir='ltr'><strong><em>τε</em></strong></span> <span class='ocrx_word' id='word_1_209' title='bbox 1477 1661 1656 1702; x_wconf 74' lang='grc' dir='ltr'><strong><em>ἐνδέοντα</em></strong></span> <span class='ocrx_word' id='word_1_210' title='bbox 1685 1662 1752 1702; x_wconf 77' lang='grc' dir='ltr'><strong><em>καὶ</em></strong></span> 
     </span>
    </p>

    <p class='ocr_par' dir='ltr' id='par_1_6' title="bbox 198 1724 1803 2571">
     <span class='ocr_line' id='line_1_24' title="bbox 198 1724 1751 1784; baseline -0.001 -14"><span class='ocrx_word' id='word_1_211' title='bbox 198 1740 234 1774; x_wconf 87' lang='grc' dir='ltr'><strong>Η</strong></span> <span class='ocrx_word' id='word_1_212' title='bbox 255 1741 299 1776; x_wconf 84' lang='grc'><strong><em>45</em></strong></span> <span class='ocrx_word' id='word_1_213' title='bbox 322 1728 670 1782; x_wconf 81' lang='grc' dir='ltr'><strong><em>καταπεπονηκότα</em></strong></span> <span class='ocrx_word' id='word_1_214' title='bbox 695 1731 850 1783; x_wconf 71' lang='grc' dir='ltr'><strong><em>σπουδῇ</em></strong></span> <span class='ocrx_word' id='word_1_215' title='bbox 873 1732 922 1782; x_wconf 85' lang='grc' dir='ltr'><strong><em>τῇ</em></strong></span> <span class='ocrx_word' id='word_1_216' title='bbox 944 1727 1052 1782; x_wconf 86' lang='grc' dir='ltr'><strong><em>πάσῃ</em></strong></span> <span class='ocrx_word' id='word_1_217' title='bbox 1074 1724 1380 1784; x_wconf 78' lang='grc' dir='ltr'><strong><em>ᾠκοδομήσατο·</em></strong></span> <span class='ocrx_word' id='word_1_218' title='bbox 1413 1728 1494 1767; x_wconf 73' lang='grc' dir='ltr'><strong><em>ἐπεὶ</em></strong></span> <span class='ocrx_word' id='word_1_219' title='bbox 1515 1727 1638 1776; x_wconf 79' lang='grc' dir='ltr'><strong><em>αὐτὰς</em></strong></span> <span class='ocrx_word' id='word_1_220' title='bbox 1666 1729 1751 1768; x_wconf 78' lang='grc' dir='ltr'><strong><em>ἔπι-</em></strong></span> 
     </span>
     <span class='ocr_line' id='line_1_25' title="bbox 320 1792 1751 1850; baseline -0.001 -12"><span class='ocrx_word' id='word_1_221' title='bbox 320 1794 562 1850; x_wconf 82' lang='grc' dir='ltr'><strong><em>μαχωτάτας</em></strong></span> <span class='ocrx_word' id='word_1_222' title='bbox 581 1796 802 1848; x_wconf 80' lang='grc' dir='ltr'><strong><em>ξυνέβαινεν</em></strong></span> <span class='ocrx_word' id='word_1_223' title='bbox 823 1793 932 1844; x_wconf 80' lang='grc' dir='ltr'><strong><em>εἶναι,</em></strong></span> <span class='ocrx_word' id='word_1_224' title='bbox 958 1795 1096 1849; x_wconf 89' lang='grc' dir='ltr'><strong><em>καίπερ</em></strong></span> <span class='ocrx_word' id='word_1_225' title='bbox 1121 1794 1252 1834; x_wconf 68' lang='grc' dir='ltr'><strong><em>ἔθνεσι</em></strong></span> <span class='ocrx_word' id='word_1_226' title='bbox 1271 1792 1519 1847; x_wconf 77' lang='grc' dir='ltr'><strong><em>γειτονούσας</em></strong></span> <span class='ocrx_word' id='word_1_227' title='bbox 1531 1792 1751 1850; x_wconf 81' lang='grc' dir='ltr'><strong><em>βαρβάρων</em></strong></span> 
     </span>
     <span class='ocr_line' id='line_1_26' title="bbox 320 1859 1803 1919; baseline -0.001 -16"><span class='ocrx_word' id='word_1_228' title='bbox 320 1866 494 1912; x_wconf 81' lang='grc' dir='ltr'><strong><em>πολλοῖς.</em></strong></span> <span class='ocrx_word' id='word_1_229' title='bbox 561 1864 626 1903; x_wconf 83' lang='grc' dir='ltr'><strong><em>καὶ</em></strong></span> <span class='ocrx_word' id='word_1_230' title='bbox 649 1861 825 1918; x_wconf 77' lang='grc' dir='ltr'><strong><em>φρούρια</em></strong></span> <span class='ocrx_word' id='word_1_231' title='bbox 844 1862 886 1901; x_wconf 78' lang='grc' dir='ltr'><strong><em>δὲ</em></strong></span> <span class='ocrx_word' id='word_1_232' title='bbox 910 1859 1118 1917; x_wconf 80' lang='grc' dir='ltr'><strong><em>ἀνάριθμα</em></strong></span> <span class='ocrx_word' id='word_1_233' title='bbox 1137 1861 1198 1901; x_wconf 76' lang='grc' dir='ltr'><strong><em>ἐπὶ</em></strong></span> <span class='ocrx_word' id='word_1_234' title='bbox 1218 1859 1380 1919; x_wconf 71' lang='grc' dir='ltr'><strong><em>Θρᾴκης</em></strong></span> <span class='ocrx_word' id='word_1_235' title='bbox 1399 1859 1585 1916; x_wconf 74' lang='grc' dir='ltr'><strong><em>ἱδρύσατο</em></strong></span> <span class='ocrx_word' id='word_1_236' title='bbox 1606 1860 1803 1914; x_wconf 74' lang='grc' dir='ltr'><strong><em>πάσης,25</em></strong></span> 
     </span>
     <span class='ocr_line' id='line_1_27' title="bbox 323 1924 1750 1986; baseline -0.001 -14"><span class='ocrx_word' id='word_1_237' title='bbox 323 1930 379 1972; x_wconf 73' lang='grc' dir='ltr'><strong><em>δι’</em></strong></span> <span class='ocrx_word' id='word_1_238' title='bbox 409 1924 463 1971; x_wconf 74' lang='grc' dir='ltr'><strong><em>ὦν</em></strong></span> <span class='ocrx_word' id='word_1_239' title='bbox 488 1929 558 1983; x_wconf 80' lang='grc' dir='ltr'><strong><em>τὴν</em></strong></span> <span class='ocrx_word' id='word_1_240' title='bbox 580 1928 741 1986; x_wconf 84' lang='grc' dir='ltr'><strong><em>χώραν,</em></strong></span> <span class='ocrx_word' id='word_1_241' title='bbox 773 1927 1027 1982; x_wconf 74' lang='grc' dir='ltr'><strong><em>ὑποκειμένην</em></strong></span> <span class='ocrx_word' id='word_1_242' title='bbox 1051 1929 1102 1969; x_wconf 81' lang='grc' dir='ltr'><strong><em>τὰ</em></strong></span> <span class='ocrx_word' id='word_1_243' title='bbox 1132 1926 1304 1984; x_wconf 88' lang='grc' dir='ltr'><strong><em>πρότερα</em></strong></span> <span class='ocrx_word' id='word_1_244' title='bbox 1331 1933 1418 1976; x_wconf 78' lang='grc' dir='ltr'><strong><em>ταῖς</em></strong></span> <span class='ocrx_word' id='word_1_245' title='bbox 1446 1931 1525 1970; x_wconf 77' lang='grc' dir='ltr'><strong><em>τῶν</em></strong></span> <span class='ocrx_word' id='word_1_246' title='bbox 1555 1929 1750 1982; x_wconf 83' lang='grc' dir='ltr'><strong><em>πολεμίων</em></strong></span> 
     </span>
     <span class='ocr_line' id='line_1_28' title="bbox 321 2032 1752 2080; baseline -0.001 -12"><span class='ocrx_word' id='word_1_247' title='bbox 321 2034 402 2069; x_wconf 86' lang='lat' dir='ltr'><strong>mari</strong></span> <span class='ocrx_word' id='word_1_248' title='bbox 417 2034 569 2080; x_wconf 85' lang='lat' dir='ltr'><strong>apposita</strong></span> <span class='ocrx_word' id='word_1_249' title='bbox 583 2034 677 2068; x_wconf 84' lang='lat' dir='ltr'><strong>littus</strong></span> <span class='ocrx_word' id='word_1_250' title='bbox 690 2034 836 2067; x_wconf 85' lang='lat' dir='ltr'><strong>habebat</strong></span> <span class='ocrx_word' id='word_1_251' title='bbox 850 2033 1062 2067; x_wconf 86' lang='lat' dir='ltr'><strong>immunitum.</strong></span> <span class='ocrx_word' id='word_1_252' title='bbox 1087 2032 1252 2073; x_wconf 83' lang='lat' dir='ltr'><strong>Quocirca</strong></span> <span class='ocrx_word' id='word_1_253' title='bbox 1266 2043 1367 2076; x_wconf 80' lang='lat' dir='ltr'><strong>saepe</strong></span> <span class='ocrx_word' id='word_1_254' title='bbox 1381 2033 1569 2076; x_wconf 77' lang='lat' dir='ltr'><strong>contigerat</strong></span> <span class='ocrx_word' id='word_1_255' title='bbox 1584 2035 1622 2066; x_wconf 85' lang='lat' dir='ltr'><strong><em>ut</em></strong></span> <span class='ocrx_word' id='word_1_256' title='bbox 1635 2033 1752 2067; x_wconf 84' lang='lat' dir='ltr'><strong>Hunni</strong></span> 
     </span>
     <span class='ocr_line' id='line_1_29' title="bbox 321 2077 1752 2124; baseline -0.002 -11"><span class='ocrx_word' id='word_1_257' title='bbox 321 2079 468 2120; x_wconf 84' lang='lat' dir='ltr'><strong>barbari,</strong></span> <span class='ocrx_word' id='word_1_258' title='bbox 493 2079 601 2124; x_wconf 85' lang='lat' dir='ltr'><strong>captis</strong></span> <span class='ocrx_word' id='word_1_259' title='bbox 617 2083 755 2122; x_wconf 88' lang='lat' dir='ltr'><strong>repente</strong></span> <span class='ocrx_word' id='word_1_260' title='bbox 768 2079 925 2116; x_wconf 84' lang='lat' dir='ltr'><strong>navibus,</strong></span> <span class='ocrx_word' id='word_1_261' title='bbox 949 2089 1035 2122; x_wconf 87' lang='lat' dir='ltr'><strong>quae</strong></span> <span class='ocrx_word' id='word_1_262' title='bbox 1049 2077 1126 2110; x_wconf 86' lang='lat' dir='ltr'><strong>illuc</strong></span> <span class='ocrx_word' id='word_1_263' title='bbox 1141 2078 1301 2122; x_wconf 77' lang='lat' dir='ltr'><strong>appulsae</strong></span> <span class='ocrx_word' id='word_1_264' title='bbox 1315 2079 1455 2119; x_wconf 77' lang='lat' dir='ltr'><strong>fuerant,</strong></span> <span class='ocrx_word' id='word_1_265' title='bbox 1477 2077 1645 2120; x_wconf 79' lang='lat' dir='ltr'>negotium</span> <span class='ocrx_word' id='word_1_266' title='bbox 1659 2077 1752 2111; x_wconf 70' lang='lat' dir='ltr'><strong>insu-</strong></span> 
     </span>
     <span class='ocr_line' id='line_1_30' title="bbox 322 2121 1752 2165; baseline -0.001 -9"><span class='ocrx_word' id='word_1_267' title='bbox 322 2124 364 2157; x_wconf 80' lang='lat' dir='ltr'><strong>lis</strong></span> <span class='ocrx_word' id='word_1_268' title='bbox 381 2124 598 2157; x_wconf 85' lang='lat' dir='ltr'><strong>circumiectis</strong></span> <span class='ocrx_word' id='word_1_269' title='bbox 613 2124 826 2156; x_wconf 80' lang='lat' dir='ltr'><strong>facesserent.</strong></span> <span class='ocrx_word' id='word_1_270' title='bbox 858 2123 979 2155; x_wconf 86' lang='lat' dir='ltr'><strong>Verum</strong></span> <span class='ocrx_word' id='word_1_271' title='bbox 994 2122 1196 2155; x_wconf 83' lang='lat' dir='ltr'><strong>Iustinianus</strong></span> <span class='ocrx_word' id='word_1_272' title='bbox 1208 2123 1295 2165; x_wconf 88' lang='lat' dir='ltr'>Aug.</span> <span class='ocrx_word' id='word_1_273' title='bbox 1311 2133 1370 2155; x_wconf 83' lang='lat' dir='ltr'><strong><em>ora</em></strong></span> <span class='ocrx_word' id='word_1_274' title='bbox 1385 2121 1472 2155; x_wconf 90' lang='lat' dir='ltr'><strong>omni</strong></span> <span class='ocrx_word' id='word_1_275' title='bbox 1484 2122 1645 2156; x_wconf 86' lang='lat' dir='ltr'><strong>maritima</strong></span> <span class='ocrx_word' id='word_1_276' title='bbox 1657 2132 1752 2156; x_wconf 90' lang='lat' dir='ltr'><strong>muro</strong></span> 
     </span>
     <span class='ocr_line' id='line_1_31' title="bbox 323 2166 1751 2211; baseline 0 -10"><span class='ocrx_word' id='word_1_277' title='bbox 323 2169 586 2209; x_wconf 82' lang='lat' dir='ltr'><strong>circummunita,</strong></span> <span class='ocrx_word' id='word_1_278' title='bbox 611 2168 751 2209; x_wconf 84' lang='lat' dir='ltr'><strong>navigiis</strong></span> <span class='ocrx_word' id='word_1_279' title='bbox 770 2173 802 2200; x_wconf 82' lang='lat' dir='ltr'><strong><em>et</em></strong></span> <span class='ocrx_word' id='word_1_280' title='bbox 825 2167 1023 2200; x_wconf 84' lang='lat' dir='ltr'><strong>insularibus</strong></span> <span class='ocrx_word' id='word_1_281' title='bbox 1038 2167 1249 2200; x_wconf 77' lang='lat' dir='ltr'><strong><em>securitatem</em></strong></span> <span class='ocrx_word' id='word_1_282' title='bbox 1264 2166 1427 2199; x_wconf 84' lang='lat' dir='ltr'><strong>restituit:</strong></span> <span class='ocrx_word' id='word_1_283' title='bbox 1450 2166 1633 2211; x_wconf 84' lang='lat' dir='ltr'><strong>praealtum</strong></span> <span class='ocrx_word' id='word_1_284' title='bbox 1652 2167 1751 2201; x_wconf 85' lang='lat' dir='ltr'><strong>etiam</strong></span> 
     </span>
     <span class='ocr_line' id='line_1_32' title="bbox 322 2211 1753 2257; baseline -0.001 -11"><span class='ocrx_word' id='word_1_285' title='bbox 322 2213 564 2257; x_wconf 81' lang='lat' dir='ltr'><strong>aquaeductum</strong></span> <span class='ocrx_word' id='word_1_286' title='bbox 588 2223 608 2245; x_wconf 90' lang='lat' dir='ltr'><strong><em>a</em></strong></span> <span class='ocrx_word' id='word_1_287' title='bbox 631 2212 748 2245; x_wconf 84' lang='lat' dir='ltr'><strong>vicinis</strong></span> <span class='ocrx_word' id='word_1_288' title='bbox 764 2212 930 2245; x_wconf 83' lang='lat' dir='ltr'><strong>montibus</strong></span> <span class='ocrx_word' id='word_1_289' title='bbox 945 2211 987 2243; x_wconf 86' lang='lat' dir='ltr'><strong><em>ad</em></strong></span> <span class='ocrx_word' id='word_1_290' title='bbox 1003 2212 1116 2244; x_wconf 87' lang='lat' dir='ltr'><strong>urbem</strong></span> <span class='ocrx_word' id='word_1_291' title='bbox 1131 2222 1237 2254; x_wconf 84' lang='lat' dir='ltr'><strong>usque</strong></span> <span class='ocrx_word' id='word_1_292' title='bbox 1252 2211 1448 2246; x_wconf 80' lang='lat' dir='ltr'><strong>construxit.</strong></span> <span class='ocrx_word' id='word_1_293' title='bbox 1492 2211 1668 2255; x_wconf 80' lang='lat' dir='ltr'><strong>Toperus,</strong></span> <span class='ocrx_word' id='word_1_294' title='bbox 1691 2222 1753 2245; x_wconf 84' lang='lat' dir='ltr'><strong><em>an-</em></strong></span> 
     </span>
     <span class='ocr_line' id='line_1_33' title="bbox 322 2255 1752 2301; baseline -0.001 -10"><span class='ocrx_word' id='word_1_295' title='bbox 322 2258 416 2301; x_wconf 86' lang='lat' dir='ltr'><strong>tiqua</strong></span> <span class='ocrx_word' id='word_1_296' title='bbox 441 2258 519 2291; x_wconf 88' lang='lat' dir='ltr'><strong>urbs</strong></span> <span class='ocrx_word' id='word_1_297' title='bbox 536 2257 734 2300; x_wconf 83' lang='lat' dir='ltr'><strong>Rhodopes,</strong></span> <span class='ocrx_word' id='word_1_298' title='bbox 759 2258 830 2290; x_wconf 84' lang='lat' dir='ltr'><strong>fere</strong></span> <span class='ocrx_word' id='word_1_299' title='bbox 855 2256 998 2299; x_wconf 85' lang='lat' dir='ltr'><strong>undique</strong></span> <span class='ocrx_word' id='word_1_300' title='bbox 1023 2256 1146 2289; x_wconf 86' lang='lat' dir='ltr'><strong>ambita</strong></span> <span class='ocrx_word' id='word_1_301' title='bbox 1170 2255 1295 2297; x_wconf 86' lang='lat' dir='ltr'><strong>fluvio,</strong></span> <span class='ocrx_word' id='word_1_302' title='bbox 1318 2256 1394 2289; x_wconf 85' lang='lat' dir='ltr'><strong>colli</strong></span> <span class='ocrx_word' id='word_1_303' title='bbox 1416 2255 1519 2288; x_wconf 88' lang='lat' dir='ltr'><strong>arduo</strong></span> <span class='ocrx_word' id='word_1_304' title='bbox 1542 2255 1752 2297; x_wconf 75' lang='lat' dir='ltr'><strong>subiacebat3</strong></span> 
     </span>
     <span class='ocr_line' id='line_1_34' title="bbox 324 2300 1752 2346; baseline 0 -12"><span class='ocrx_word' id='word_1_305' title='bbox 324 2313 390 2346; x_wconf 88' lang='lat' dir='ltr'><strong><em>qua</em></strong></span> <span class='ocrx_word' id='word_1_306' title='bbox 405 2313 470 2335; x_wconf 90' lang='lat' dir='ltr'><strong><em>non</em></strong></span> <span class='ocrx_word' id='word_1_307' title='bbox 485 2302 532 2335; x_wconf 89' lang='lat' dir='ltr'><strong><em>ita</em></strong></span> <span class='ocrx_word' id='word_1_308' title='bbox 546 2301 671 2345; x_wconf 87' lang='lat' dir='ltr'><strong>pridem</strong></span> <span class='ocrx_word' id='word_1_309' title='bbox 690 2312 710 2334; x_wconf 90' lang='lat' dir='ltr'><strong><em>a</em></strong></span> <span class='ocrx_word' id='word_1_310' title='bbox 725 2301 898 2334; x_wconf 89' lang='lat' dir='ltr'><strong>Sclavenis</strong></span> <span class='ocrx_word' id='word_1_311' title='bbox 914 2300 1067 2333; x_wconf 84' lang='lat' dir='ltr'><strong>barbaris</strong></span> <span class='ocrx_word' id='word_1_312' title='bbox 1079 2305 1178 2344; x_wconf 87' lang='lat' dir='ltr'><strong>capta</strong></span> <span class='ocrx_word' id='word_1_313' title='bbox 1191 2301 1312 2334; x_wconf 84' lang='lat' dir='ltr'><strong>fuerat.</strong></span> <span class='ocrx_word' id='word_1_314' title='bbox 1357 2301 1540 2345; x_wconf 85' lang='lat' dir='ltr'><strong>Imperator</strong></span> <span class='ocrx_word' id='word_1_315' title='bbox 1553 2311 1634 2334; x_wconf 85' lang='lat' dir='ltr'><strong>vero</strong></span> <span class='ocrx_word' id='word_1_316' title='bbox 1651 2300 1752 2334; x_wconf 74' lang='lat' dir='ltr'><strong>lusti-</strong></span> 
     </span>
     <span class='ocr_line' id='line_1_35' title="bbox 322 2345 1752 2390; baseline -0.001 -10"><span class='ocrx_word' id='word_1_317' title='bbox 322 2347 437 2380; x_wconf 88' lang='lat' dir='ltr'><strong>nianus</strong></span> <span class='ocrx_word' id='word_1_318' title='bbox 452 2353 520 2379; x_wconf 84' lang='lat' dir='ltr'><strong><em>tam</em></strong></span> <span class='ocrx_word' id='word_1_319' title='bbox 535 2346 602 2379; x_wconf 84' lang='lat' dir='ltr'><strong>alte</strong></span> <span class='ocrx_word' id='word_1_320' title='bbox 616 2357 727 2379; x_wconf 79' lang='lat' dir='ltr'><strong>muros</strong></span> <span class='ocrx_word' id='word_1_321' title='bbox 743 2346 880 2388; x_wconf 86' lang='lat' dir='ltr'><strong>extulit,</strong></span> <span class='ocrx_word' id='word_1_322' title='bbox 904 2351 940 2378; x_wconf 85' lang='lat' dir='ltr'><strong><em>ut</em></strong></span> <span class='ocrx_word' id='word_1_323' title='bbox 957 2345 1073 2378; x_wconf 89' lang='lat' dir='ltr'><strong>collem</strong></span> <span class='ocrx_word' id='word_1_324' title='bbox 1095 2350 1187 2378; x_wconf 85' lang='lat' dir='ltr'><strong>tanto</strong></span> <span class='ocrx_word' id='word_1_325' title='bbox 1210 2350 1382 2390; x_wconf 83' lang='lat' dir='ltr'><strong>superent,</strong></span> <span class='ocrx_word' id='word_1_326' title='bbox 1404 2349 1526 2388; x_wconf 89' lang='lat' dir='ltr'><strong>quanto</strong></span> <span class='ocrx_word' id='word_1_327' title='bbox 1549 2345 1640 2389; x_wconf 76' lang='lat' dir='ltr'><strong>prius</strong></span> <span class='ocrx_word' id='word_1_328' title='bbox 1656 2351 1752 2379; x_wconf 84' lang='lat' dir='ltr'><strong>erant</strong></span> 
     </span>
     <span class='ocr_line' id='line_1_36' title="bbox 321 2389 1751 2434; baseline -0.001 -10"><span class='ocrx_word' id='word_1_329' title='bbox 321 2391 507 2425; x_wconf 79' lang='lat' dir='ltr'><strong>inferiores.</strong></span> <span class='ocrx_word' id='word_1_330' title='bbox 552 2390 619 2424; x_wconf 90' lang='lat' dir='ltr'><strong><em>Hic</em></strong></span> <span class='ocrx_word' id='word_1_331' title='bbox 645 2391 805 2434; x_wconf 88' lang='lat' dir='ltr'><strong>porticum</strong></span> <span class='ocrx_word' id='word_1_332' title='bbox 832 2396 1029 2424; x_wconf 77' lang='lat' dir='ltr'><strong>cameratam</strong></span> <span class='ocrx_word' id='word_1_333' title='bbox 1055 2390 1228 2434; x_wconf 86' lang='lat' dir='ltr'><strong>imposuit,</strong></span> <span class='ocrx_word' id='word_1_334' title='bbox 1253 2390 1340 2423; x_wconf 91' lang='lat' dir='ltr'><strong>unde</strong></span> <span class='ocrx_word' id='word_1_335' title='bbox 1362 2389 1453 2422; x_wconf 76' lang='lat' dir='ltr'><strong>urbis</strong></span> <span class='ocrx_word' id='word_1_336' title='bbox 1470 2389 1660 2422; x_wconf 78' lang='lat' dir='ltr'><strong>defensores</strong></span> <span class='ocrx_word' id='word_1_337' title='bbox 1679 2394 1751 2423; x_wconf 89' lang='lat' dir='ltr'><strong>tuto</strong></span> 
     </span>
     <span class='ocr_line' id='line_1_37' title="bbox 323 2433 1750 2480; baseline -0.002 -10"><span class='ocrx_word' id='word_1_338' title='bbox 323 2447 394 2470; x_wconf 87' lang='lat' dir='ltr'><strong><em>cum</em></strong></span> <span class='ocrx_word' id='word_1_339' title='bbox 413 2435 698 2480; x_wconf 76' lang='lat' dir='ltr'><strong>oppugnatoribus</strong></span> <span class='ocrx_word' id='word_1_340' title='bbox 713 2436 876 2469; x_wconf 88' lang='lat' dir='ltr'><strong>dimicant.</strong></span> <span class='ocrx_word' id='word_1_341' title='bbox 922 2435 978 2468; x_wconf 84' lang='lat' dir='ltr'><strong><em>Ex</em></strong></span> <span class='ocrx_word' id='word_1_342' title='bbox 1002 2446 1199 2478; x_wconf 84' lang='lat' dir='ltr'><strong>unaquaque</strong></span> <span class='ocrx_word' id='word_1_343' title='bbox 1213 2434 1296 2467; x_wconf 88' lang='lat' dir='ltr'><strong>turri</strong></span> <span class='ocrx_word' id='word_1_344' title='bbox 1311 2434 1479 2468; x_wconf 89' lang='lat' dir='ltr'><strong>castellum</strong></span> <span class='ocrx_word' id='word_1_345' title='bbox 1494 2433 1638 2466; x_wconf 84' lang='lat' dir='ltr'><strong>validum</strong></span> <span class='ocrx_word' id='word_1_346' title='bbox 1651 2434 1750 2467; x_wconf 70' lang='lat' dir='ltr'><strong>fecit:</strong></span> 
     </span>
     <span class='ocr_line' id='line_1_38' title="bbox 322 2478 1749 2525; baseline -0.001 -11"><span class='ocrx_word' id='word_1_347' title='bbox 322 2491 409 2525; x_wconf 87' lang='lat' dir='ltr'><strong>quae</strong></span> <span class='ocrx_word' id='word_1_348' title='bbox 425 2492 445 2513; x_wconf 89' lang='lat' dir='ltr'><strong><em>a</em></strong></span> <span class='ocrx_word' id='word_1_349' title='bbox 459 2480 628 2513; x_wconf 86' lang='lat' dir='ltr'><strong>moenibus</strong></span> <span class='ocrx_word' id='word_1_350' title='bbox 643 2481 685 2513; x_wconf 88' lang='lat' dir='ltr'><strong><em>ad</em></strong></span> <span class='ocrx_word' id='word_1_351' title='bbox 701 2479 835 2514; x_wconf 85' lang='lat' dir='ltr'><strong>fluvium</strong></span> <span class='ocrx_word' id='word_1_352' title='bbox 852 2481 1027 2525; x_wconf 72' lang='lat' dir='ltr'><strong>patebant.</strong></span> <span class='ocrx_word' id='word_1_353' title='bbox 1052 2491 1093 2513; x_wconf 89' lang='lat' dir='ltr'><strong><em>ea</em></strong></span> <span class='ocrx_word' id='word_1_354' title='bbox 1117 2490 1208 2512; x_wconf 88' lang='lat' dir='ltr'><strong>muro</strong></span> <span class='ocrx_word' id='word_1_355' title='bbox 1223 2478 1375 2515; x_wconf 80' lang='lat' dir='ltr'><strong>firmavit.</strong></span> <span class='ocrx_word' id='word_1_356' title='bbox 1422 2478 1517 2512; x_wconf 84' lang='lat' dir='ltr'><strong>Haec</strong></span> <span class='ocrx_word' id='word_1_357' title='bbox 1538 2478 1587 2512; x_wconf 85' lang='lat' dir='ltr'><strong>ibi</strong></span> <span class='ocrx_word' id='word_1_358' title='bbox 1607 2485 1684 2512; x_wconf 84' lang='lat' dir='ltr'><strong>acta</strong></span> <span class='ocrx_word' id='word_1_359' title='bbox 1707 2479 1749 2512; x_wconf 84' lang='lat' dir='ltr'><strong><em>ab</em></strong></span> 
     </span>
     <span class='ocr_line' id='line_1_39' title="bbox 322 2524 616 2571; baseline -0.01 -12"><span class='ocrx_word' id='word_1_360' title='bbox 322 2526 401 2571; x_wconf 88' lang='lat' dir='ltr'><strong>imp.</strong></span> <span class='ocrx_word' id='word_1_361' title='bbox 425 2524 616 2558; x_wconf 86' lang='lat' dir='ltr'><strong>Iustiniano.</strong></span> 
     </span>
    </p>

    <p class='ocr_par' dir='ltr' id='par_1_7' title="bbox 322 2567 1748 2664">
     <span class='ocr_line' id='line_1_40' title="bbox 412 2567 1748 2613; baseline -0.001 -11"><span class='ocrx_word' id='word_1_362' title='bbox 412 2569 482 2602; x_wconf 88' lang='lat' dir='ltr'><strong><em>Iam</em></strong></span> <span class='ocrx_word' id='word_1_363' title='bbox 497 2580 562 2613; x_wconf 90' lang='lat' dir='ltr'><strong>quo</strong></span> <span class='ocrx_word' id='word_1_364' title='bbox 578 2572 675 2613; x_wconf 83' lang='lat' dir='ltr'><strong>pacto</strong></span> <span class='ocrx_word' id='word_1_365' title='bbox 691 2569 849 2611; x_wconf 85' lang='lat' dir='ltr'><strong>reliquam</strong></span> <span class='ocrx_word' id='word_1_366' title='bbox 865 2569 1055 2610; x_wconf 81' lang='lat' dir='ltr'><strong>Thraciam,</strong></span> <span class='ocrx_word' id='word_1_367' title='bbox 1079 2572 1114 2601; x_wconf 86' lang='lat' dir='ltr'><strong><em>et</em></strong></span> <span class='ocrx_word' id='word_1_368' title='bbox 1129 2579 1226 2612; x_wconf 88' lang='lat' dir='ltr'><strong>quam</strong></span> <span class='ocrx_word' id='word_1_369' title='bbox 1242 2567 1339 2600; x_wconf 85' lang='lat' dir='ltr'><strong>hodie</strong></span> <span class='ocrx_word' id='word_1_370' title='bbox 1353 2571 1475 2601; x_wconf 83' lang='lat' dir='ltr'><strong>vocant</strong></span> <span class='ocrx_word' id='word_1_371' title='bbox 1490 2567 1748 2601; x_wconf 78' lang='lat' dir='ltr'><strong>Haemimontum</strong></span> 
     </span>
     <span class='ocr_line' id='line_1_41' title="bbox 322 2612 1748 2664; baseline -0.001 -17"><span class='ocrx_word' id='word_1_372' title='bbox 322 2614 496 2658; x_wconf 78' lang='lat' dir='ltr'><strong>munierit,</strong></span> <span class='ocrx_word' id='word_1_373' title='bbox 520 2614 707 2647; x_wconf 82' lang='lat' dir='ltr'><strong>declarabo.</strong></span> <span class='ocrx_word' id='word_1_374' title='bbox 752 2618 801 2646; x_wconf 86' lang='lat' dir='ltr'><strong>Ac</strong></span> <span class='ocrx_word' id='word_1_375' title='bbox 825 2613 962 2656; x_wconf 87' lang='lat' dir='ltr'><strong>primum</strong></span> <span class='ocrx_word' id='word_1_376' title='bbox 988 2614 1116 2657; x_wconf 88' lang='lat' dir='ltr'><strong>quidem</strong></span> <span class='ocrx_word' id='word_1_377' title='bbox 1142 2623 1226 2656; x_wconf 88' lang='lat' dir='ltr'><strong>quae</strong></span> <span class='ocrx_word' id='word_1_378' title='bbox 1248 2612 1472 2664; x_wconf 79' lang='lat' dir='ltr'><strong>Philippopoli</strong></span> <span class='ocrx_word' id='word_1_379' title='bbox 1497 2617 1532 2645; x_wconf 87' lang='lat' dir='ltr'><strong><em>et</em></strong></span> <span class='ocrx_word' id='word_1_380' title='bbox 1551 2612 1748 2657; x_wconf 83' lang='lat' dir='ltr'><strong>Plotinopoli</strong></span> 
     </span>
    </p>
   </div>
   <div class='ocr_carea' id='block_1_3' title="bbox 323 2656 1744 2748">
    <p class='ocr_par' dir='ltr' id='par_1_8' title="bbox 323 2656 1744 2748">
     <span class='ocr_line' id='line_1_42' title="bbox 323 2656 1744 2700; baseline -0.002 -7"><span class='ocrx_word' id='word_1_381' title='bbox 323 2660 462 2692; x_wconf 84' lang='lat' dir='ltr'><strong>deerant</strong></span> <span class='ocrx_word' id='word_1_382' title='bbox 486 2662 543 2691; x_wconf 88' lang='lat' dir='ltr'><strong><em>aut</em></strong></span> <span class='ocrx_word' id='word_1_383' title='bbox 570 2658 745 2700; x_wconf 84' lang='lat' dir='ltr'><strong>lababant,</strong></span> <span class='ocrx_word' id='word_1_384' title='bbox 769 2658 1011 2690; x_wconf 84' lang='lat' dir='ltr'><strong>accuratissime</strong></span> <span class='ocrx_word' id='word_1_385' title='bbox 1037 2656 1243 2691; x_wconf 83' lang='lat' dir='ltr'><strong>aedificavit:</strong></span> <span class='ocrx_word' id='word_1_386' title='bbox 1267 2657 1506 2690; x_wconf 79' lang='lat' dir='ltr'><strong>infirmissimae</strong></span> <span class='ocrx_word' id='word_1_387' title='bbox 1532 2656 1617 2691; x_wconf 85' lang='lat' dir='ltr'><strong>enim</strong></span> <span class='ocrx_word' id='word_1_388' title='bbox 1642 2660 1744 2697; x_wconf 79' lang='lat' dir='ltr'><strong>erant,</strong></span> 
     </span>
     <span class='ocr_line' id='line_1_43' title="bbox 324 2701 1744 2748; baseline -0.002 -11"><span class='ocrx_word' id='word_1_389' title='bbox 324 2703 472 2748; x_wconf 83' lang='lat' dir='ltr'><strong>quamvis</strong></span> <span class='ocrx_word' id='word_1_390' title='bbox 487 2703 644 2736; x_wconf 86' lang='lat' dir='ltr'><strong>barbaras</strong></span> <span class='ocrx_word' id='word_1_391' title='bbox 658 2702 805 2736; x_wconf 83' lang='lat' dir='ltr'><strong>nationes</strong></span> <span class='ocrx_word' id='word_1_392' title='bbox 820 2702 938 2735; x_wconf 83' lang='lat' dir='ltr'><strong>multas</strong></span> <span class='ocrx_word' id='word_1_393' title='bbox 958 2703 1087 2735; x_wconf 85' lang='lat' dir='ltr'><strong>vicinas</strong></span> <span class='ocrx_word' id='word_1_394' title='bbox 1102 2703 1271 2735; x_wconf 83' lang='lat' dir='ltr'><strong>haberent.</strong></span> <span class='ocrx_word' id='word_1_395' title='bbox 1318 2702 1408 2735; x_wconf 86' lang='lat' dir='ltr'><strong>Tota</strong></span> <span class='ocrx_word' id='word_1_396' title='bbox 1430 2702 1463 2735; x_wconf 92' lang='lat' dir='ltr'><strong>in</strong></span> <span class='ocrx_word' id='word_1_397' title='bbox 1480 2701 1626 2734; x_wconf 85' lang='lat' dir='ltr'><strong>Thracia</strong></span> <span class='ocrx_word' id='word_1_398' title='bbox 1647 2701 1744 2734; x_wconf 80' lang='lat' dir='ltr'><strong>innu-</strong></span> 
     </span>
    </p>
   </div>
   <div class='ocr_carea' id='block_1_4' title="bbox 322 2744 1742 2792">
    <p class='ocr_par' dir='ltr' id='par_1_9' title="bbox 322 2744 1742 2792">
     <span class='ocr_line' id='line_1_44' title="bbox 322 2744 1742 2792; baseline -0.004 -9"><span class='ocrx_word' id='word_1_399' title='bbox 322 2760 413 2784; x_wconf 87' lang='lat' dir='ltr'><strong>mera</strong></span> <span class='ocrx_word' id='word_1_400' title='bbox 439 2747 574 2783; x_wconf 84' lang='lat' dir='ltr'><strong>castella</strong></span> <span class='ocrx_word' id='word_1_401' title='bbox 597 2747 761 2789; x_wconf 86' lang='lat' dir='ltr'><strong>condidit,</strong></span> <span class='ocrx_word' id='word_1_402' title='bbox 783 2747 896 2791; x_wconf 85' lang='lat' dir='ltr'><strong>itaque</strong></span> <span class='ocrx_word' id='word_1_403' title='bbox 909 2752 1022 2792; x_wconf 81' lang='lat' dir='ltr'><strong>partes</strong></span> <span class='ocrx_word' id='word_1_404' title='bbox 1035 2746 1130 2789; x_wconf 77' lang='lat' dir='ltr'><strong>illas,</strong></span> <span class='ocrx_word' id='word_1_405' title='bbox 1153 2745 1392 2781; x_wconf 80' lang='lat' dir='ltr'><strong>incursionibus</strong></span> <span class='ocrx_word' id='word_1_406' title='bbox 1414 2747 1624 2781; x_wconf 85' lang='lat' dir='ltr'><strong>barbarorum</strong></span> <span class='ocrx_word' id='word_1_407' title='bbox 1650 2744 1742 2790; x_wconf 70' lang='lat' dir='ltr'><strong>prius</strong></span> 
     </span>
    </p>
   </div>
  </div>
 </body>
</html>
