1858 3126
310 145 406 190 310
881 147 1140 193 PROCOPII

438 253 585 314 Χῶρόν
612 274 698 300 τινα
730 257 805 313 πρὸ
836 260 907 310 τῆς
929 256 1119 313 Ἐφεσίων
1148 255 1294 308 πόλεως
1323 259 1363 302 ἓν
1391 259 1519 319 ὀρθίῳ
1548 261 1720 316 κείμενον

307 322 524 376 ξυνέβαινεν
549 322 668 373 εἶναι,
703 324 748 363 οὗ
774 322 947 379 γήλοφον
970 324 1060 365 οὐδὲ
1091 325 1255 367 δυνατὸν
1282 326 1436 382 ἀφεῖναι
1457 329 1652 384 καρποὺς,
1686 328 1725 371 εἷ’

309 405 368 440 τις
394 395 582 446 πειρῷτο,
617 389 718 430 ἀλλὰ
747 389 914 446 σκληρόν
939 407 980 431 τε
1002 392 1068 432 καὶ
1092 391 1239 447 τραχὺν
1257 390 1367 442 ὅλως.
1432 395 1605 437 ἐνταῦθα
1623 395 1719 438 νεὼν

257 464 287 500 Β
311 456 348 497 οἶ
370 456 569 513 ἐπιχώριοι
592 458 632 497 ἐν
651 462 732 504 τοῖς
757 455 839 498 ἄνω
855 455 1012 511 χρόνοις
1027 456 1184 513 Ἰωάννῃ
1208 462 1264 514 τῷ
1285 459 1488 519 ἀποστόλῳ
1511 462 1719 516 ἀνέθηκαν,

307 522 486 579 θεολόγῳ
503 523 574 576 τὴν
596 523 805 576 ἐπίκλησιν.
849 522 1038 578 θεολόγος
1059 524 1101 566 δὲ
1121 522 1338 574 ἀπόστολος
1354 521 1466 577 οὗτος
1480 525 1751 582 ὠνόμασται,5

308 590 388 630 ἐπεὶ
415 588 466 630 τά
490 606 531 643 γε
555 589 658 646 ἀμφὶ
679 594 735 646 τῷ
761 594 848 647 θεῷ
871 589 1028 643 ἄμεινον
1051 590 1159 648 αὐτῷ
1179 590 1206 645 ἢ
1228 591 1329 635 κατὰ
1352 593 1565 650 ἀνθρώπου
1589 594 1721 649 ὃεδιή-

307 672 423 710 γηται
444 655 575 712 φύσιν.
640 660 779 698 τοῦτον
799 656 848 711 δὴ
867 657 934 699 τὸν
959 657 1055 699 νεὼν
1073 658 1343 708 Ἰουστινιανὸς
1359 660 1543 712 βασιλεὺς
1568 661 1721 718 βραχύν

307 739 348 763 τε
368 721 460 762 ὄντα
485 723 550 764 καὶ
576 722 920 777 καταπεπονηκότα
937 729 992 781 τῷ
1020 723 1134 778 μήκει
1154 729 1224 767 τοῦ
1244 723 1388 782 χρόνον
1413 724 1592 769 καθελὼν
1613 729 1652 777 ἐς
1676 727 1721 770 τὸ

307 786 468 843 ἔδαφος,
496 790 535 838 ές
554 788 712 831 τοσόνδε
731 790 1016 846 μεθηρμόσατο
1036 792 1230 846 μεγέθους
1247 794 1312 834 καὶ
1333 791 1514 843 κάλλους,
1541 792 1639 836 ὥστε
1658 795 1721 848 δὴ,

181 859 218 895 H
238 861 284 897 46
306 853 512 904 ξυνελόντα
553 858 689 906 εἰπεῖν,
724 856 1009 913 ἐμφερέστατος
1048 861 1113 899 καὶ
1149 857 1395 901 παντάπασιν
1427 858 1631 913 ἐνάμιλλος
1663 866 1718 918 τῷ
1734 869 1776 903 10

305 922 398 978 ἱερῷ
427 922 552 972 ἔστιν,
586 921 680 979 ὅπερ
709 923 750 964 ἓν
776 924 888 966 πόλει
915 929 964 980 τῇ
986 927 1162 977 βασιλίδι
1183 932 1265 975 τοῖς
1294 925 1529 976 ἀποστόλοις
1555 927 1723 982 ἀνέθηκε

304 992 444 1039 πᾶσιν,
475 988 604 1045 ὥσπερ
622 1006 691 1043 μοι
715 991 755 1031 ἓν
774 997 855 1040 τοῖς
871 990 1097 1047 ἔμπροσθεν
1118 991 1333 1045 δεδήλωται
1352 991 1494 1047 λόγοις.

250 1060 281 1094 C
439 1059 579 1096 Ταῦτα
608 1057 679 1108 μὲν
712 1057 752 1097 ἓν
772 1057 927 1114 Ἐφέσῳ
951 1059 1191 1113 ἐξείργασται
1215 1064 1270 1116 τῷ
1296 1063 1456 1114 βασιλεῖ
1477 1056 1617 1116 τούτῳ.
1682 1060 1724 1102 ἓν

163 1126 192 1160 V
215 1127 282 1163 459
307 1120 461 1176 Τενέδῳ
489 1122 532 1162 δὲ
552 1121 675 1176 ταύτῃ
696 1126 745 1177 τῇ
769 1122 874 1180 νήσῳ
899 1123 1092 1179 σωτήριόν
1116 1142 1154 1166 τι
1180 1124 1289 1167 πόλει
1316 1144 1357 1168 τε
1383 1131 1431 1182 τῇ
1457 1128 1632 1180 βασιλίδι
1656 1128 1722 1168 καὶ

301 1188 384 1236 τοῖς
416 1187 518 1229 κατὰ
546 1186 757 1230 θάλασσα-ν
791 1190 1058 1244 ἐργαζομένοις
1083 1193 1307 1245 πεποίηται,
1342 1192 1435 1248 ὅπερ
1473 1193 1547 1247 ἐγὼ
1583 1193 1721 1234 αὐτίκα
1734 1202 1775 1236 15

301 1251 496 1307 δηλώσω,
529 1260 717 1297 τοσοῦτον
747 1254 943 1298 ὑπειπών·
984 1255 1010 1311 ἦ
1042 1256 1233 1300 θάλασσα
1267 1259 1332 1315 ἐφ’
1366 1257 1652 1312 Ἑλλησπόντου
1682 1260 1723 1300 ἓν

301 1325 424 1376 στενῷ
449 1319 623 1373 μάλιστα
644 1323 815 1378 φέρεται.
882 1322 1005 1379 ἄμφω
1023 1324 1099 1380 γὰρ
1122 1325 1163 1366 αἶ
1184 1325 1338 1381 ἤπειροι
1363 1324 1550 1379 ἀλλήλαις
1577 1323 1630 1375 ὥς
1651 1325 1723 1381 ἀγ-

296 1386 455 1440 χοτάτω
483 1389 658 1430 ἐνταῦθα
685 1392 815 1430 ἰοῦσαι
842 1390 914 1443 τὴν
936 1395 1006 1432 τοῦ
1032 1396 1221 1447 πορθμοῦ
1247 1396 1447 1433 ποιοῦνται
1474 1392 1598 1447 ἀρχὴν
1619 1392 1724 1448 ἀμφὶ

301 1453 457 1507 Σηστόν
489 1471 529 1496 τε
561 1457 626 1496 καὶ
649 1455 842 1508 Ἄβυδον,
872 1455 1026 1498 ἐπειδάν
1056 1474 1097 1499 τε
1139 1458 1180 1499 αἶ
1217 1458 1297 1507 νέες
1337 1460 1512 1500 ἐνταῦθα
1547 1461 1722 1509 ἵκωνται,

302 1519 393 1562 ὅσαι
413 1522 462 1574 δὴ
480 1522 927 1573 Κωνσταντινουπόλεως
945 1523 1044 1564 εὐθὺ
1060 1525 1196 1575 ἵενται,
1222 1527 1313 1580 τῇδε
1335 1523 1570 1581 ὁρμίζονται.
1622 1524 1721 1567 ‹imi—
1731 1531 1778 1565 20

300 1591 444 1641 γεσθαι
472 1589 514 1629 δὲ
541 1588 678 1638 αὗταΐς
704 1590 861 1631 ἐνθένδε
888 1588 1073 1644 ἀμήχανα
1095 1592 1219 1642 ἔστιν,
1250 1592 1309 1632 ὅτι
1327 1592 1385 1644 μὴ
1407 1590 1522 1632 νότου
1544 1590 1724 1633 ἐπιπνεύ-

300 1670 441 1703 σαντος
461 1654 604 1707 ἀνέμου
626 1657 783 1711 σφίσιν.
817 1655 930 1708 ἡνίκα
953 1662 1047 1711 γοῦν
1067 1656 1086 1698 ὃ
1109 1658 1323 1712 σιταγωγὸς
1351 1656 1489 1706 στόλος
1511 1658 1553 1698 ἔκ
1575 1657 1724 1708 πόλεως

293 1719 586 1775 Ἀλεξανδρείας
617 1723 792 1763 ἐνταῦθα
818 1722 892 1773 ἴοι,
931 1725 965 1763 εἴ
995 1723 1066 1775 μὲν
1094 1723 1253 1775 ἐμπέσοι
1282 1724 1326 1766 τὸ
1356 1728 1508 1777 πνεῦμα
1535 1725 1724 1782 ἐπίφορον

244 1794 276 1828 Ι)
300 1788 426 1842 σφίσι,
450 1787 504 1828 δι’
526 1787 656 1841 ὀλίγου
677 1789 749 1841 μὲν
770 1789 806 1830 οἱ
824 1787 971 1842 ταύτην
988 1789 1059 1843 τὴν
1077 1790 1261 1845 ἐργασίαν
1275 1793 1566 1847 διαχειρίζοντες
1584 1792 1724 1833 καταί-

302 1870 416 1909 ρουσι
446 1859 533 1904 ταῖς
561 1855 698 1898 ναυσὶν
719 1857 759 1905 ἐς
783 1856 875 1906 τοὺς
897 1857 1135 1907 Βυζαντίους
1159 1857 1338 1911 λιμένας,
1374 1856 1775 1915 ἀποφορτιζόμενοι25

389 2024 499 2059 Locus
515 2028 587 2060 erat
604 2037 665 2071 pro
681 2026 764 2060 urbe
779 2026 914 2072 Epheso
930 2026 996 2061 situ
1013 2027 1155 2074 arduus,
1178 2038 1244 2062 non
1259 2031 1428 2069 terrenus,
1450 2039 1529 2071 nec,
1551 2029 1582 2064 si
1597 2029 1724 2064 cultura

299 2069 497 2114 accederet,
519 2071 730 2113 fructuosus3
755 2072 814 2105 sed
840 2072 940 2105 durus
962 2075 1062 2117 atque
1083 2083 1181 2117 asper
1201 2073 1341 2106 omnino.
1386 2073 1452 2106 Hic
1475 2073 1549 2107 olim
1566 2074 1722 2118 templum

300 2113 474 2157 indigenae
488 2119 669 2158 posuerant
682 2116 794 2149 Ioanni
809 2117 987 2160 Apostolo,
1012 2117 1064 2150 eui
1079 2129 1259 2161 cognomen
1274 2122 1323 2151 est
1339 2117 1485 2161 theologi
1501 2118 1655 2162 inditum,
1678 2129 1723 2152 ex

300 2169 340 2191 eo
357 2169 473 2201 nempe
489 2160 575 2202 quod
591 2160 632 2193 de
647 2165 763 2194 natura
777 2160 888 2194 divina
904 2172 1005 2205 supra
1025 2162 1186 2196 humanae
1206 2167 1337 2207 captum
1352 2162 1554 2197 disseruerit.
1599 2163 1721 2197 Aedem

298 2202 384 2235 hanc
407 2203 604 2237 Iustinianus
622 2206 709 2247 Aug.
734 2215 848 2249 parum
876 2205 1047 2240 admodum
1070 2219 1132 2240 nec
1156 2207 1220 2240 iam
1244 2218 1346 2240 annos
1370 2209 1553 2251 ferentem,
1575 2207 1722 2241 funditus

301 2246 494 2289 demolitus,
519 2248 606 2281 felici
626 2249 699 2282 vice
722 2254 788 2282 tam
805 2250 942 2294 amplam
963 2251 1041 2284 fecit
1063 2262 1102 2284 ac
1127 2251 1346 2296 splendidam,
1369 2255 1426 2296 ut,
1450 2263 1493 2285 ne
1511 2252 1642 2295 longum
1667 2253 1722 2286 fa-

300 2291 396 2334 ciam,
414 2291 571 2326 simillima
585 2292 628 2326 sit
643 2305 682 2326 ac
697 2293 794 2338 plane
809 2305 868 2338 par
882 2296 1003 2340 templo
1019 2295 1078 2338 illi,
1097 2296 1184 2340 quod
1199 2296 1234 2329 in
1247 2297 1329 2330 urbe
1343 2297 1435 2340 regia
1447 2297 1604 2341 apostolis
1617 2297 1721 2331 omni-

299 2336 380 2378 bus,
405 2339 442 2368 ut
457 2346 476 2367 a
493 2348 544 2370 me
558 2337 592 2370 in
610 2338 702 2371 libris
717 2338 940 2383 superioribus
959 2340 1078 2373 dictum
1094 2349 1162 2383 est,
1186 2341 1402 2375 consecravit.

390 2381 515 2424 Ephesi
530 2382 659 2426 quidem
676 2383 737 2416 hoc
759 2388 851 2417 extat
870 2395 951 2429 opus
966 2385 1121 2430 principis
1137 2386 1256 2419 nostri:
1280 2385 1366 2429 quod
1381 2388 1490 2419 autem
1504 2384 1600 2419 estin
1615 2385 1721 2421 insula

299 2425 460 2467 Tenedo,
484 2426 559 2459 urbi
582 2427 695 2470 regiae
717 2428 954 2473 maritimisque
974 2430 1179 2463 institoribus
1198 2431 1335 2464 salutem
1357 2430 1468 2464 affert.
1511 2429 1549 2462 Id
1572 2430 1722 2474 protinus

299 2481 482 2522 exponam,
510 2471 567 2504 ubi
590 2482 688 2506 unum
715 2473 897 2508 subiecere.
941 2474 1212 2517 Angustissimum
1239 2479 1291 2508 est
1314 2485 1403 2507 mare
1424 2474 1458 2507 in
1482 2474 1721 2518 Hellesponto:

299 2525 422 2591 Euippe
443 2515 488 2548 ibi
513 2516 661 2559 proxime
685 2520 806 2550 coeunt
827 2518 976 2561 geminae
998 2519 1218 2561 continentes,
1243 2524 1279 2552 et
1300 2519 1340 2552 ad
1356 2519 1488 2553 Sestum
1501 2519 1721 2564 Abydumque

324 2564 382 2592 ant
401 2558 529 2593 initium
550 2561 645 2594 freto.
691 2561 772 2595 llluc
796 2573 900 2596 naves
924 2573 994 2596 cum
1015 2575 1222 2608 pervenere,
1243 2574 1468 2608 quaecumque
1487 2569 1581 2597 recta
1603 2568 1722 2609 petunt

303 2603 638 2649 Constantinopolim,
662 2605 705 2638 ad
728 2617 819 2639 oram
844 2607 931 2640 illam
957 2609 1134 2652 appulsae,
1163 2608 1328 2652 proficisci
1350 2608 1428 2642 inde
1452 2614 1636 2653 nequeunt,
1657 2607 1720 2643 nisi

300 2647 405 2682 flante
428 2652 554 2685 austro.
600 2650 716 2691 Quare
740 2651 796 2684 ubi
819 2651 934 2684 classis
953 2652 1165 2686 frumentaria
1180 2664 1219 2686 eo
1237 2653 1330 2686 venit
1352 2665 1393 2687 ex
1416 2654 1498 2687 urbe
1512 2653 1720 2694 Alexandria,

301 2693 331 2727 si
344 2698 466 2727 ventus
478 2694 641 2728 secundus
656 2695 796 2740 aspiret,
820 2696 876 2740 qui
892 2696 1049 2730 eiusmodi
1064 2701 1279 2731 mercaturam
1298 2698 1442 2740 faciunt,
1466 2697 1558 2731 brevi
1571 2702 1719 2742 tempore

301 2743 416 2783 portus
434 2739 587 2782 Byzantii
609 2751 681 2774 cum
700 2739 838 2774 navibus
856 2744 987 2775 tenent:
1010 2753 1091 2786 quas
1105 2742 1202 2776 simul
1213 2748 1449 2785 exonerarunt,
1472 2742 1660 2785 discedunt,
1682 2745 1718 2775 ut
