1800 3126
271 146 367 192 354
714 149 773 191 IN
805 145 947 189 HIST.
980 145 1235 188 ARGANAM

270 251 432 291 caedes.-
471 253 539 290 alii
576 249 682 304 quod
719 250 775 288 ibi
802 250 970 287 lacunae
1002 247 1210 300 aliquando
1237 250 1394 288 fuerint.
1460 251 1497 287 A
1529 249 1692 287 lacerna

167 317 199 351 A
224 319 245 352 8
270 310 413 346 Beatae
437 309 618 358 virginis,
649 306 697 343 de
722 318 799 357 qua
828 303 947 342 modo
977 302 1166 352 dicebam,
1194 305 1277 342 loco
1305 318 1448 343 nomeu
1476 305 1596 342 fuisse
1625 305 1692 340 alii

269 363 536 410 crediderunt3
575 374 712 399 verum
738 360 1029 398 Blacherniani
1064 371 1199 396 vocem
1227 362 1438 410 reperimus
1466 359 1571 410 apud
1597 359 1695 396 Dio-

267 421 425 471 nysium
446 419 679 468 Byzantium
710 417 827 466 longe
851 417 1110 466 antiquiorem
1137 413 1340 451 Pulcheria
1363 417 1560 465 Augusta,
1590 427 1691 466 quae

266 475 459 525 templum
485 471 586 509 illud
615 473 822 508 excitavit:
863 483 885 507 a
911 472 1059 507 Iustino
1088 471 1238 506 seniore
1267 469 1407 506 deinde
1435 473 1692 508 instauratum

267 537 350 576 est,
380 530 473 565 licet
500 528 715 564 Iustiniano
743 525 787 562 id
813 527 1023 575 Procopius
1052 525 1218 572 tribuat,
1261 523 1473 576 reddatque
1501 526 1692 562 rationem

265 585 296 621 l.
327 587 346 623 1
387 581 505 620 aedjf.
535 594 635 633 quae
670 583 714 618 iu
741 583 967 631 Augustana
1006 578 1174 617 editione
1214 579 1465 617 desideratur.
1518 581 1578 616 De
1617 578 1692 616 hoc

266 639 413 688 templo
445 639 563 674 etiam
587 637 689 673 infra
717 637 879 686 Procop.
909 649 949 686 p.
981 636 1075 676 109.

377 695 422 730 P.
440 695 506 739 28,
531 689 596 732 14.
636 690 807 741 Sophiae
825 691 963 741 templi
982 690 1248 739 emissarium]
1276 690 1323 725 Iu
1341 688 1488 726 Graeco
1507 694 1566 725 est
1586 687 1694 736 δεξα-

265 743 378 799 μενή.
436 744 578 783 Suidas
607 748 675 797 qui
703 744 807 782 hunc
834 746 966 783 locum
995 744 1219 794 descripsit,
1256 745 1311 781 sic
1339 755 1427 780 eam
1453 755 1591 781 vocem
1618 755 1693 779 ex-

263 802 415 852 posuit,
444 799 639 840 τουτὲστιν
665 799 694 851 ἦ
719 797 889 852 τράπεζα
917 799 947 851 ἦ
973 798 1020 839 vo?
1048 804 1144 839 θεῖα
1176 798 1380 850 δεχομένη,
1409 811 1564 846 mensa,
1593 810 1695 848 quae

264 870 385 899 Sapra
421 857 608 908 mysteria
637 857 788 906 recipit.
846 856 1011 898 Graecis,
1029 855 1204 905 patribus
1235 850 1511 905 Κολυμβήθρα
1546 859 1585 889 et
1620 853 1695 903 βα-

263 907 493 962 πτιστήριον
521 917 580 948 est
609 910 732 948 divini
758 911 903 948 lavacri
931 911 1060 957 locus3
1097 907 1287 960 δεξαμενή
1316 922 1408 946 vero
1438 914 1696 958 conceptacu-

263 967 349 1003 lum
377 979 587 1017 aquarum,
626 979 726 1018 quae
762 967 880 1003 sacris
914 964 1158 1016 perficiendis
1187 965 1452 1002 inservissent.
1507 963 1569 1000 Ab
1608 962 1695 998 aliis

265 1021 406 1059 dicitur
432 1017 662 1071 ὖπόνομοςι
693 1022 900 1070 Gregorius
929 1034 1095 1071 magnus
1124 1018 1232 1057 hom.
1266 1023 1316 1061 17
1343 1020 1385 1056 in
1414 1030 1552 1069 evang.
1582 1017 1697 1054 cloa-

266 1090 354 1113 cam
388 1077 613 1126 appellavit.
669 1077 743 1112 Hic
773 1075 936 1112 Photius
966 1074 1131 1112 delituit.

373 1132 420 1167 P.
442 1133 507 1178 28,
539 1133 603 1171 17.
666 1131 759 1168 Vim
786 1131 970 1167 omnibus
1000 1132 1144 1179 inferre
1167 1129 1308 1178 sacris]
1339 1130 1445 1165 Haec
1471 1128 1514 1164 in
1542 1127 1695 1178 asylum

262 1184 496 1223 Theodorae
524 1186 717 1234 impietas,
748 1198 848 1237 quae
877 1192 915 1223 et
933 1186 1035 1222 infra
1053 1198 1169 1236 saepe
1197 1184 1244 1220 ab
1267 1190 1399 1220 autore
1418 1189 1586 1230 notatur,
1614 1189 1696 1218 tam

264 1242 429 1290 insignis
458 1240 555 1286 fuit,
591 1246 635 1276 ut
671 1240 740 1276 illa
775 1242 856 1276 eius
892 1242 941 1276 sit
968 1254 1049 1278 vox
1079 1240 1306 1290 imperantis
1332 1236 1558 1276 Anthemio.
1612 1237 1698 1274 Ex-

264 1297 385 1346 ceptis·
414 1294 609 1344 omnihcw,
638 1296 682 1331 in
706 1293 876 1331 basilica
903 1295 1035 1330 sancti
1053 1295 1164 1330 Petri
1187 1306 1330 1342 parce.-
1358 1306 1452 1328 nam
1480 1293 1519 1327 εἰ
1545 1293 1590 1327 in
1609 1292 1700 1327 La-

264 1352 425 1399 temnis,
454 1358 525 1386 aut
553 1351 596 1386 in
618 1350 795 1400 palatio,
825 1356 898 1386 aut
925 1351 969 1385 in
998 1347 1172 1399 qualibet
1195 1347 1358 1384 ecclesia
1385 1346 1581 1383 inveneris·
1616 1345 1699 1384 Vi-

259 1407 411 1457 giliam
439 1419 528 1442 mox
563 1406 794 1456 impositum
831 1407 873 1442 in
911 1406 1046 1441 navim
1069 1401 1223 1454 perduc
1249 1415 1335 1438 eum
1363 1414 1488 1452 usque
1514 1399 1574 1438 ad
1598 1414 1698 1446 nos;

260 1475 356 1499 nam
378 1462 642 1511 pet-viventem
670 1462 714 1497 in
741 1461 875 1497 secula
903 1460 1097 1496 excoriari
1124 1465 1161 1495 te
1182 1458 1352 1507 faciam.
1407 1458 1544 1493 Anast.
1565 1457 1608 1492 iu
1626 1457 1699 1494 Vi-

266 1518 376 1567 gilio.
434 1517 661 1552 Abstractus
690 1523 747 1552 est
778 1516 944 1565 Vigilius
974 1529 995 1551 e
1032 1514 1179 1564 templo
1209 1519 1363 1550 sanctae
1395 1512 1586 1548 Caeciliae
1615 1512 1698 1547 Ro-

263 1585 376 1618 mae,
405 1572 547 1607 iterum
577 1584 597 1606 e
626 1572 772 1621 templo
802 1578 957 1608 sanctae
985 1568 1226 1619 Euphemiae
1256 1565 1524 1615 Chalcedoue3
1553 1566 1698 1618 Sylve-

265 1628 344 1664 rius
374 1638 425 1662 ex
454 1627 616 1662 ecclesia
645 1633 800 1662 sanctae
828 1627 974 1662 Mariae
1003 1626 1194 1671 Sabinae3
1222 1621 1380 1660 aliunde
1402 1623 1484 1658 alii.

376 1683 420 1717 P.
442 1683 508 1729 29,
528 1683 568 1720 3.
625 1681 850 1718 Zacharias
864 1679 1071 1731 propheta]
1100 1682 1194 1716 Post
1213 1680 1416 1715 inventum
1436 1676 1698 1726 effossumque

263 1735 381 1773 huius
410 1734 623 1786 prophetae
653 1749 791 1787 corpus
821 1738 980 1773 omnino
1007 1737 1223 1784 integrum,
1260 1746 1305 1770 ac
1332 1746 1433 1783 pene
1460 1733 1615 1778 vivum,
1653 1737 1698 1767 ut

263 1793 504 1829 Sozomenus
538 1792 670 1828 scribit
697 1793 726 1827 l.
755 1794 779 1831 9
813 1799 1013 1839 extremo,
1050 1797 1088 1827 et
1123 1789 1501 1838 Constantinopolim
1529 1785 1699 1823 transla-

263 1854 347 1884 tum
376 1845 592 1883 Theodosii
627 1848 790 1885 iunioris
818 1854 1013 1897 tempore,
1053 1858 1076 1882 a
1107 1845 1255 1883 civibus
1285 1842 1426 1881 deinde
1455 1842 1604 1880 cultum
1641 1846 1700 1879 est

264 1902 453 1951 religione
483 1902 686 1950 singulari.

374 1958 420 1993 P.
450 1958 518 2004 29,
548 1959 587 1997 6.
644 1955 936 1993 Monaclzoram
963 1953 1131 2005 habita]
1173 1955 1281 1991 Tum
1308 1951 1490 2000 Photius,
1519 1951 1697 1989 instituto

263 2013 479 2058 maiorum,
513 2012 634 2048 seculi
662 2012 897 2048 vocabulum
926 2009 1126 2060 deposuit,
1165 2008 1435 2059 Photinusque
1463 2007 1696 2057 appellatus,

265 2068 619 2116 Hierosolymitano
635 2065 776 2103 deinde
794 2067 1029 2102 monasterio
1051 2063 1272 2101 moderatus
1289 2070 1359 2100 est.
1416 2059 1697 2112 Theophanes,

262 2118 471 2168 Ἰουστῖνος
499 2118 696 2160 ἐπέστειλε
723 2119 792 2160 τόν
821 2117 950 2171 οἶββοέν
982 2116 1182 2159 Φωτεινόν
1216 2116 1285 2158 τόν
1312 2115 1508 2171 πρόγονον
1535 2119 1698 2156 Reima-

263 2178 352 2228 ρίου
381 2179 453 2215 τοῦ
481 2177 687 2227 πατρικίου
716 2174 810 2222 δούς
841 2172 948 2229 αὐτῷ
976 2174 1154 2223 ἐξουσίαν
1183 2171 1280 2213 navo}
1308 2171 1456 2220 παντὸς
1482 2167 1721 2224 προσώπουκ

263 2231 330 2271 καὶ
351 2227 579 2283 πράγματος
606 2234 679 2271 τοῦ
698 2231 923 2283 εἰρηνεῦσαι
949 2228 1017 2277 τοίς
1045 2230 1250 2280 ἐκκλησίας
1267 2225 1472 2282 Αἰγύπτου
1492 2225 1560 2267 καὶ
1576 2222 1699 2274 Ἀλεξ-

266 2287 458 2338 ανδρείας.
515 2288 702 2324 lustinus
730 2289 945 2337 imperator
982 2287 1093 2322 misit
1131 2285 1310 2322 abbatem
1337 2284 1559 2321 Phoci-nam·
1584 2282 1699 2320 Beli-

113 2386 115 2388 ,
150 2350 175 2382 P
199 2348 243 2383 95
266 2343 368 2379 sarii
387 2343 560 2392 patricii
575 2344 812 2393 privignum
822 2343 948 2392 plena
976 2343 1018 2378 in
1047 2354 1177 2378 omnes
1205 2341 1421 2378 autoritate
1437 2338 1503 2375 illi
1528 2335 1699 2385 tradita,

265 2405 311 2435 ut
338 2397 520 2434 ecclesias
537 2399 711 2448 Aegypti
730 2405 765 2435 et
781 2395 1053 2435 Alexandriae
1080 2395 1139 2434 ad
1156 2409 1297 2447 pacem
1323 2393 1533 2432 reduceret.
1587 2391 1698 2430 Idem

265 2466 317 2490 ex
337 2451 581 2503 Theophane
600 2455 840 2502 Anastasius,
871 2461 909 2490 et
937 2453 1082 2490 Paulus
1110 2453 1305 2489 Diaconus
1333 2451 1362 2487 l.
1393 2452 1459 2492 16.
1517 2449 1569 2485 Et
1597 2450 1698 2486 Gre-

264 2510 398 2559 gorius
433 2510 740 2545 Turonensis‘l.
771 2513 791 2550 1
838 2508 887 2545 de
927 2509 1049 2557 gloria
1086 2509 1199 2544 Mart.
1241 2519 1325 2556 cap.
1351 2507 1378 2545 6
1417 2505 1485 2541 ubi
1519 2510 1695 2554 corrupte

263 2577 407 2601 nomeu
434 2562 591 2601 Photini
618 2565 773 2614 legitur.
837 2563 1028 2614 Quando,
1056 2564 1210 2613 inquit,
1249 2560 1569 2610 IIiero-sobymam
1597 2559 1694 2607 abii,

263 2621 392 2656 Faten
420 2619 599 2656 abbatem
628 2621 763 2670 reperi,
794 2621 865 2670 qui
893 2632 1084 2669 magnam
1109 2631 1199 2655 cam
1219 2616 1371 2667 Sophia
1389 2616 1582 2667 Augusta
1599 2626 1694 2664 gra-

263 2678 364 2711 tiam
392 2675 557 2712 habuit.-
584 2675 680 2712 Ιιιιὶο
707 2677 810 2712 enim
837 2688 986 2712 omnem
1016 2675 1199 2711 orientem
1218 2674 1339 2725 quasi
1361 2672 1562 2724 praefecto
1590 2681 1692 2706 com-

263 2732 383 2768 misit.
441 2732 515 2767 Pro
541 2731 688 2779 Futen,
719 2732 825 2781 lege,
854 2729 1079 2769 Photinum„
