1754 3132
231 177 313 207 vm
488 161 747 203 ALEMANNI
779 160 1019 202 EPISTOLA
1055 159 1393 206 DEDICATORIA.

231 270 501 312 Ecclesiasticos
535 271 692 319 lieentia,
731 285 834 325 quam
865 269 902 310 in
921 269 1017 324 pium
1045 269 1262 326 probumque
1290 271 1487 326 Principem
1516 272 1647 313 cadere

230 337 372 377 minime
401 352 509 392 posse
537 346 573 378 et
599 352 749 377 summus
778 336 840 376 ille
866 335 919 375 vir
950 335 1168 385 affirmabat,
1198 345 1234 377 et
1255 337 1340 377 honi
1368 351 1490 378 omnes
1517 338 1646 378 intelli-

230 411 327 458 gunt.
384 404 483 443 Haec
502 418 610 457 porro
630 402 665 442 in
684 410 863 456 posterum
891 400 1093 441 Christiana
1114 401 1327 456 Respublica
1349 403 1468 443 mirari
1495 403 1645 452 desinet,

229 476 265 508 et
285 483 376 523 quae
394 469 615 509 lastinianum
636 467 818 521 suspicere
841 466 957 506 adhuc
974 466 1052 506 visa
1071 476 1146 515 est,
1182 467 1266 507 licet
1286 468 1495 522 despectura
1517 469 1649 510 dehine

227 547 298 574 non
322 535 385 582 sit,
421 542 475 574 est
502 542 619 574 tamen
641 533 717 573 eins
740 533 876 579 vicem,
910 547 1075 573 casumve
1100 532 1375 573 infelicissimum
1402 535 1646 589 deploratura:

228 614 305 639 cum
326 600 385 640 hie
408 599 562 639 lubricos
591 597 727 638 videbit
756 597 889 645 calles,
931 597 1096 652 viamque
1123 597 1218 638 vitae
1245 598 1505 652 periculosam,
1543 615 1647 656 quam

226 665 431 706 lastinianus
451 666 655 719 ingressus,
693 677 715 702 a
736 676 823 703 vera
840 661 1017 718 regiaque
1037 663 1195 711 deflexit,
1223 678 1267 704 ac
1288 665 1427 706 demum
1446 667 1492 707 ad
1510 675 1647 721 petram

227 730 403 771 Christum
439 728 605 776 offendit,
655 728 795 783 sibique
824 728 1070 782 praecipitium
1106 729 1256 783 paravit.
1313 730 1464 772 Tantum
1501 746 1545 772 ae
1573 741 1647 773 tam

226 795 359 837 illustre
390 794 567 837 Iustiniani
597 794 795 848 exemplum
828 793 892 833 sub
925 793 1001 834 eius
1034 794 1200 848 auspiciis
1227 795 1261 837 in
1292 797 1470 851 publicum
1501 798 1649 852 prodire

224 877 291 919 par
311 871 385 910 est,
424 861 482 915 qui
511 860 547 900 in
576 859 846 899 Ecclesiasticas
875 858 923 899 ita
951 874 1053 900 curas
1086 859 1270 909 incumbit,
1307 862 1355 902 ita
1386 863 1648 906 sacerdotalem

222 935 336 968 tuetur
355 927 582 982 dignitatem,
615 925 664 964 ita
696 925 849 979 denique
877 926 1138 981 propagandae
1158 927 1341 982 Religioni
1370 929 1502 978 studet,
1537 938 1573 970 ut
1595 930 1648 969 sa-

223 1008 308 1034 cere
333 1002 370 1034 te
401 1006 524 1033 omnes
550 990 730 1039 videmus,
771 998 808 1031 et
832 990 974 1044 publice
1008 992 1237 1047 gratulamur.
1295 994 1375 1034 Nee
1411 995 1532 1035 dubito
1565 995 1647 1049 quin

221 1059 394 1099 Baronius
413 1059 458 1098 ad
475 1058 524 1098 tui
542 1056 741 1111 quempiam
763 1056 914 1097 similem
938 1057 1090 1098 delatum
1112 1058 1205 1098 hune
1233 1058 1359 1099 librum
1387 1061 1577 1109 voluisset,
1615 1060 1647 1101 si

221 1132 292 1165 tum
312 1139 334 1164 a
355 1139 394 1164 se
415 1123 563 1164 inveniri
581 1122 812 1176 contigisset,
853 1138 931 1163 cum
949 1123 1193 1178 Apostolicum
1211 1124 1526 1166 Bibliothecarium
1554 1140 1640 1181 agc-

220 1190 283 1230 bat
349 1191 451 1230 Nune
469 1203 558 1229 vero
580 1189 659 1227 dum
680 1202 745 1241 pro
771 1202 919 1228 munere
951 1203 1034 1228 meo
1052 1189 1261 1230 Vaticanam
1285 1190 1546 1231 Bibliothecam
1563 1206 1639 1246 per·

221 1255 330 1295 lustro
343 1287 352 1302 ‚
386 1262 422 1294 et
442 1253 594 1308 optimos
613 1267 771 1306 quosque
792 1253 921 1301 libros,
952 1254 1011 1308 qui
1030 1255 1074 1294 ad
1099 1254 1277 1308 publicam
1298 1256 1481 1296 utilitatem
1501 1257 1642 1298 edantur

221 1321 332 1360 iussus
360 1319 547 1375 perquiro,
586 1318 647 1358 hic
675 1332 715 1358 se
742 1318 829 1358 mihi
864 1319 996 1372 primus
1027 1319 1175 1367 obtulit,
1221 1321 1321 1375 quasi
1355 1335 1427 1362 non
1447 1330 1587 1362 temere
1598 1336 1643 1363 ae

220 1386 362 1426 fortuito
391 1385 639 1432 delitesceret,
676 1383 741 1423 sed
773 1391 808 1422 te
830 1391 1014 1436 patronum
1042 1385 1329 1438 praestolaretur.
1387 1387 1487 1427 Hunc
1506 1387 1570 1428 tibi
1589 1394 1641 1427 tot

219 1451 416 1492 nominibus
439 1449 593 1490 debitum
620 1464 693 1505 ego
719 1463 785 1503 pro
806 1463 888 1489 mea
909 1449 945 1490 in
974 1458 1011 1491 te
1037 1451 1266 1493 observantia
1299 1451 1438 1501 defero,
1470 1453 1528 1502 do,
1554 1452 1642 1493 etsi

221 1532 289 1572 qua
313 1532 394 1572 pars
413 1516 472 1557 hie
490 1530 573 1557 mea
598 1524 671 1564 cst,
702 1516 843 1558 dedice.
