1800 3126
280 191 380 237 420
742 196 799 237 ΙΝ
832 194 972 237 HIST.
1005 194 1255 238 ARCANAM

281 300 348 339 32.
378 302 425 337 N.
455 299 535 337 filia
560 299 749 347 Boraid-is,
778 301 983 337 Iustiniani
1010 303 1157 351 neptis,
1192 301 1240 339 de
1269 315 1346 354 qua
1372 305 1580 354 Procopius
1608 303 1706 342 ibid.

281 355 348 395 33.
377 357 518 394 Iustus
544 356 673 392 fratris
703 356 909 392 Iustiniani
936 358 1181 407 imperatoris
1209 358 1311 396 filius
1348 359 1551 397 secundus.
1607 361 1706 397 Pro-

392 424 476 461 cop.
506 412 534 447 l.
564 413 590 449 2
617 411 711 447 bell.
733 412 842 448 Pers.

284 463 350 506 34.
383 467 605 504 Germanus
631 466 759 502 fratris
787 466 994 503 Iustiniani
1020 466 1262 516 imperatoris
1291 467 1392 505 filius
1420 471 1579 517 tertius3
1615 483 1707 520 pas-

394 523 469 558 sim
499 519 546 556 de
575 518 650 556 hoc
681 522 918 571 Procopius:
956 523 1226 570 Marcellinus,
1263 522 1473 561 lornandes
1509 523 1558 561 de
1593 526 1707 563 rebus

393 577 480 612 Get.
507 575 575 611 lib.
606 581 796 613 extremo.

282 631 350 675 35.
379 633 563 667 Passara
591 643 694 667 uxor
722 631 905 667 Germani
932 632 1049 680 prior.
1105 632 1268 681 Procop.
1296 632 1324 668 1.
1349 633 1375 671 2
1401 631 1495 669 bell.
1519 631 1652 671 Gotth.

281 690 349 729 36.
381 683 561 723 Iustinus
587 687 736 736 primus
765 687 949 723 Germani
976 686 1079 723 filius
1112 699 1164 722 ex
1190 688 1366 727 Passara,
1421 688 1584 739 Procop.
1611 688 1707 726 ibid.

390 741 564 777 Marcell.
593 743 634 777 in
664 743 745 778 eius
776 742 991 778 consulatu.
1461 755 1472 764 *

281 799 348 838 37.
377 795 635 833 lastinianus
672 795 864 834 secundus
894 797 1078 833 Germani
1106 795 1208 833 filius
1238 809 1289 833 ex
1315 797 1490 833 Passara.
1546 798 1709 848 Procop-

390 850 550 887 ibidem.
607 850 928 919 Theophylactus
954 853 1164 889 simocatta
1192 853 1221 888 l.
1248 855 1271 892 3
1303 853 1407 892 c.12
1435 853 1542 900 Dux,
1570 854 1709 903 inquit,

391 905 625 956 deeignatur
658 903 926 953 Ἰουστινιανὸς
962 906 985 946 ό
1016 909 1089 946 τοῦ
1118 910 1154 945 Γ
1151 922 1319 957 ερμανου
1357 903 1442 953 υἷὸς
1478 911 1560 953 τοῖς
1594 921 1711 959 κορυ-

389 958 618 1010 φαιοτάτοις
659 964 738 1001 τῶν
783 961 826 1001 ἐν
867 962 964 1002 τέλει
1011 958 1390 1013 συναριθμούμενος.
1457 962 1711 1000 lastinianus

393 1017 582 1053 Germani
597 1017 741 1066 filiu-5¹,
771 1030 877 1054 unas
906 1015 952 1053 de
980 1019 1214 1066 optimatum
1237 1016 1497 1067 primoribus.

277 1073 346 1112 38.
376 1069 536 1108 Iustina
563 1071 642 1107 filia
671 1073 855 1108 Germani
885 1084 936 1107 ex
963 1074 1139 1109 Passara.
1194 1074 1404 1122 Procopius
1431 1070 1496 1109 hic
1524 1086 1564 1123 p.
1585 1071 1655 1111 23.

277 1128 345 1166 39.
376 1126 544 1163 Ioannes·
575 1127 758 1164 Vitaliani
796 1127 966 1163 consulis
997 1129 1147 1177 Nepos,
1187 1129 1355 1165 Iustinae
1386 1127 1570 1164 Germani
1607 1127 1711 1163 filiae
1758 1146 1760 1148 ·

387 1183 565 1217 maritus.
622 1183 787 1232 Procop.
815 1181 987 1229 ibidem,
1019 1188 1056 1218 et
1084 1183 1112 1218 l.
1144 1186 1168 1223 ὃ
1196 1183 1289 1219 bell.
1321 1181 1455 1219 Gotth.

140 1239 167 1272 P
192 1236 259 1273 140
280 1236 346 1279 40.
375 1236 661 1274 Matlzasuenta
689 1235 901 1283 Eutharici,
935 1244 973 1273 et
999 1238 1276 1274 Amalasuntae
1305 1239 1460 1286 reginae
1483 1237 1564 1274 filia
1592 1237 1710 1275 Vitti-

388 1293 447 1342 gis
472 1291 707 1328 Gotthorum
736 1294 837 1342 regis
862 1293 1008 1339 relicta,
1035 1295 1223 1342 posterior
1245 1294 1429 1329 Germani
1456 1305 1572 1330 uxor.
1626 1293 1711 1328 Ior-

387 1345 509 1383 naud.
538 1348 566 1384 l.
607 1346 656 1383 de
693 1347 808 1384 rebus
838 1348 981 1384 Geticis
1019 1355 1208 1385 extremo.
1263 1350 1475 1398 Procopius
1502 1348 1531 1384 l.
1561 1350 1586 1388 8
1615 1347 1711 1384 bell.

388 1400 524 1438 Gotth.

278 1455 346 1498 41.
379 1457 605 1494 Germanus
628 1457 815 1494 Germani
839 1457 942 1494 filius
961 1455 1194 1508 posthumus
1215 1469 1267 1494 ex
1284 1454 1570 1494 Mathasuenta.
1626 1457 1711 1493 Ior-

389 1511 508 1550 nand.
535 1511 697 1549 ibidem.

276 1568 463 1617 Legimus
504 1567 610 1618 apud
637 1565 926 1617 Theophanem
961 1567 1003 1603 in
1033 1565 1166 1605 chron.
1224 1568 1428 1605 Marciani
1462 1572 1501 1603 et
1527 1565 1713 1603 Marcelli

275 1623 480 1660 Iustiniani
517 1624 761 1672 imperatoris
800 1625 995 1673 Nepotum
1032 1625 1215 1670 nomina,
1264 1635 1432 1674 quorum
1470 1620 1535 1658 hic
1579 1628 1712 1658 contra

275 1678 415 1715 Persas
446 1676 559 1714 duxit
594 1679 833 1724 exercitum,
876 1691 977 1714 anno
1009 1679 1190 1714 avunculi
1219 1680 1420 1727 trigesimo
1450 1679 1607 1728 quinto:
1643 1677 1712 1712 ille

276 1744 379 1770 anno
408 1735 608 1782 trigesimo
638 1740 751 1770 sexto
780 1735 925 1770 missus
955 1739 1012 1770 est
1040 1735 1081 1768 iu
1104 1734 1277 1769 Africam
1306 1740 1438 1770 contra
1459 1733 1712 1779 Mauritanos,

278 1790 345 1838 qui
374 1790 506 1825 nescio
534 1801 584 1824 an
613 1789 712 1824 alius
742 1788 788 1824 ab
820 1801 865 1825 eo
896 1790 957 1833 sit,
995 1801 1114 1838 quem
1141 1787 1406 1839 Theophanes
1436 1788 1533 1824 alter
1557 1789 1713 1836 Byzan-

153 1848 184 1882 Δ
208 1848 254 1883 70
278 1845 356 1880 tius
393 1844 533 1880 Iustiui
569 1844 813 1893 imperatoris
846 1843 1065 1893 patruelem
1093 1846 1282 1880 nominat.
1338 1845 1396 1880 De
1423 1844 1629 1880 Marciano
1658 1843 1714 1878 ita

277 1900 443 1935 Ioannes
481 1897 783 1949 Epiphaniensis
823 1899 852 1935 l.
885 1900 921 1937 1.
961 1894 1167 1945 Ἰουστῖνος
1203 1899 1242 1945 ἐς
1277 1895 1350 1949 τὴν
1390 1895 1493 1952 ἓςόαν
1529 1896 1714 1947 ἐκπέμπει

278 1951 515 2005 Μαρκιανὸν
547 1951 760 2020 στρατηγόν
788 1952 831 1993 ἐν
861 1957 943 2000 τοῖς
970 1955 1189 2004 πατρικίοις
1222 1956 1295 2004 τῆς
1324 1939 1539 2019 συγκλήτου
1567 1953 1715 2004 βουλῆς

276 2008 533 2060 τεταγμένον,
558 2005 674 2076 αυτῷ
709 2023 749 2048 τε
774 2005 872 2061 πρὸς
898 2007 1011 2060 γένος
1039 2007 1289 2058 συνημμένον
1317 2011 1396 2047 τῶν
1423 2023 1463 2048 τε
1491 2009 1714 2058 πολεμικῶν

277 2061 479 2103 κινδύνων
519 2079 593 2102 ουκ
636 2062 820 2116 ἄπειρον,
859 2063 924 2102 και
965 2062 1090 2110 ἄλλως
1127 2061 1308 2115 ἀνδρεῖον
1346 2061 1436 2102 ὄντα
1470 2078 1511 2102 τε
1546 2063 1612 2102 καὶ
1648 2063 1712 2102 δο-

276 2121 437 2158 κοῦντα.
496 2119 679 2156 Iustinus
707 2121 749 2155 in
779 2120 965 2155 orientem
991 2119 1246 2156 Marcianum
1275 2120 1400 2155 mittit
1429 2120 1712 2168 imperatorem,

277 2175 350 2224 qui
377 2175 478 2210 inter
498 2175 699 2223 patricios
728 2181 763 2210 et
790 2180 989 2210 senatores
1017 2175 1263 2223 conscriptus
1302 2181 1404 2222 erat,
1448 2180 1483 2210 et
1510 2173 1589 2210 sibi
1616 2186 1712 2209 san-

272 2229 397 2278 guine
417 2230 693 2278 propinquas,
722 2228 815 2265 belli
846 2242 934 2265 vero
957 2229 1231 2278 periculorum
1259 2230 1419 2265 minime
1449 2242 1601 2278 expers,
1641 2229 1712 2278 qui

276 2290 314 2320 et
341 2284 404 2320 νίν
431 2290 616 2319 strenuae
632 2284 746 2333 ficit,
786 2291 821 2320 et
850 2297 936 2320 eam
964 2282 1080 2334 apud
1105 2284 1210 2320 alios
1243 2286 1464 2334 opinionem
1492 2291 1550 2321 est
1577 2296 1713 2320 conae-

276 2346 437 2389 quatuo.
493 2339 551 2374 De
591 2337 731 2375 eodem
767 2337 994 2390 Theophyl.
1023 2339 1235 2377 simocatta
1262 2340 1292 2376 l.
1320 2343 1344 2379 8
1375 2352 1410 2376 c.
1432 2339 1495 2379 10.
1552 2340 1632 2377 Hos
1670 2340 1711 2374 in

277 2393 558 2444 diagrammate
600 2407 680 2431 non
714 2397 941 2445 posuimus,
989 2407 1156 2446 quorum
1204 2396 1341 2431 incerti
1378 2401 1557 2445 parentes
1605 2401 1709 2431 sunt.

276 2450 464 2499 Legimus
500 2456 700 2499 praeterea
727 2452 771 2486 in
799 2451 976 2502 πατρίοις
1010 2451 1086 2487 CP.
1115 2449 1167 2487 ad
1194 2457 1346 2500 portam
1373 2461 1536 2486 aeneam
1559 2457 1710 2499 septem

274 2505 483 2541 Iustiniani
502 2507 713 2556 συγγενῶν,
742 2508 1130 2556 consanguineorum
1156 2507 1282 2556 posita
1308 2506 1428 2542 fuisse
1455 2506 1578 2554 signa,
1609 2517 1709 2556 quo-

275 2572 366 2597 rum
394 2561 558 2598 silentur
581 2561 755 2597 nomina.
811 2560 1179 2610 Pseudogordianus
1199 2563 1241 2597 in
1261 2561 1433 2610 epistolis
1459 2573 1555 2611 quas
1571 2558 1709 2598 Theo-

276 2614 392 2652 dorae
422 2628 466 2652 ac
485 2617 697 2652 Iustiniano
726 2616 826 2653 falso
856 2615 1050 2664 adscribit,
1089 2616 1308 2654 Tertullum
1335 2617 1543 2666 patricimn
1561 2617 1708 2653 Roma-

274 2683 371 2707 num
408 2672 614 2708 Iustiniani
647 2670 928 2721 Exadelplzum
942 2700 953 2721 ,
997 2678 1036 2708 et
1077 2678 1254 2708 sanctum
1289 2669 1495 2708 Placidum
1533 2678 1705 2722 nepotem

273 2727 474 2764 mentitur.
530 2725 610 2765 Sed
652 2727 768 2764 facile
810 2734 868 2764 est
910 2725 1090 2765 fraudem
1131 2729 1276 2764 autoris
1321 2725 1513 2777 detegere.
1570 2727 1704 2763 Plures

272 2780 506 2820 Theodorae
535 2783 678 2821 liberos
700 2784 774 2821 iste
801 2790 1017 2831 memorat;
1052 2782 1123 2821 sed
1154 2789 1308 2833 praeter
1333 2795 1454 2821 unam
1480 2783 1702 2828 foeminam,
