1858 3126
593 167 670 212 DE
700 166 986 212 Annmcns
1017 166 1072 213 11.
1107 167 1153 214 6.
1224 148 1227 153 ’
1487 167 1585 214 227

149 279 336 338 σάμενος,
378 278 423 324 ὃν
460 281 584 324 doz-ua
619 285 808 334 καλοῦσι,
849 282 1022 337 διηνεκὲς
1050 281 1228 324 ἐνταῦθα
1256 276 1583 335 καθιζησόμενον,

146 351 330 408 ὠτοχρῶν
359 347 629 407 φυλακτήριον
666 352 874 405 πεποίηκεν
905 349 1002 393 εἶναι
1040 353 1091 407 τῇ
1126 354 1199 406 τῆς
1230 350 1429 399 πολιτείας
1465 350 1585 406 ἀρχῇ.

143 420 220 461 καὶ*
241 418 287 461 τὸ
308 422 519 472 βαλανεῖον
545 420 610 470 δὲ,
639 417 734 476 ὅπερ
764 420 938 479 δημοσίᾳ
958 419 1030 474 τὴν
1048 419 1186 476 χρείαν
1207 424 1291 468 τοῖς
1311 419 1406 474 τῇδε
1428 415 1584 475 ᾠκημέ-

142 503 224 536 νοις
254 487 486 543 παρέχεται,
522 485 710 542 ἀνόνητον
739 486 842 536 ὅλως
860 491 909 542 τῇ
930 492 1001 529 τοῦ
1022 491 1204 541 ποταμοῦ
1233 486 1400 542 ἐπιρροῇ
1425 502 1584 541 γεγενη-

109 555 259 609 5μένον
287 556 453 612 ἐνεργεῖν
478 572 522 598 τε
551 555 603 598 τὰ
631 555 908 609 ξυνειθισμένα
938 555 1065 597 οὐκέτι
1095 554 1206 610 ἕχον,
1237 554 1278 604 ἐς
1297 553 1366 596 τὸν
1390 557 1459 596 νῦν
1488 553 1584 596 ὄντα

137 623 333 678 μετέθηκε
360 622 523 678 κόσμον.
590 622 666 667 ὅσα
685 625 758 678 μὲν
779 623 854 680 γὰρ
880 622 1003 666 αὐτοῦ
1031 624 1280 680 ἀπεκρέματο
1299 619 1492 679 πρότερον
1520 623 1582 671 ἐπὶ
1605 627 1641 662 Η
1664 629 1708 663 21

139 695 308 748 στερρᾶς
330 695 402 746 τῆς
421 693 648 746 οἰκοδομίας
668 690 819 734 ἑστῶτα
841 690 943 733 κατὰ
965 690 1010 733 τὸ
1031 696 1087 748 τῷ
1111 691 1268 748 λουτρῷ
1284 695 1335 748 τῇ
1351 692 1468 749 χρείᾳ
1490 692 1582 740 ξυν-

139 765 246 802 οῖσον
274 754 350 815 (ὧν
366 760 416 814 δὴ
440 760 577 817 ἔνερθε
598 759 643 802 τὸ
673 764 752 816 πῦρ
775 760 946 810 καίεται,
984 756 1241 814 χυτρόποδιίς
1260 775 1301 800 τε
1320 762 1453 800 καλεῖν
1476 758 1580 801 αὐτὰ
1603 763 1632 798 Ρ
1655 764 1701 799 40

137 829 396 883 νενομίκασι),
424 833 551 871 ταῦτα
570 827 620 882 δὴ
646 826 801 870 ἅπαντα
821 831 872 884 τῇ
894 831 965 870 τοῦ
984 826 1133 876 ὕδατος
1156 828 1322 882 ἐπιρροῇ
1346 826 1583 879 ἀποκείμενα

85 900 129 935 10
138 894 317 952 πρόσθεν
337 894 475 953 εὑρών,
509 898 574 938 καὶ
592 895 665 938 ἀπ’
689 896 812 938 αὐτοῦ
833 896 905 950 τὴν
920 897 1062 952 χρειάν
1079 898 1137 952 τῷ
1156 895 1354 951 βαλανείῳ
1380 896 1583 951 διεφθαρ-

136 965 279 1019 μένην,
345 969 472 1007 λίθων
506 965 580 1018 μὲν
613 963 734 1014 αὐτὸς
773 963 1006 1018 ἐμπεδώσας
1037 964 1243 1017 ἐπιβολαῖς
1280 962 1356 1004 ὅσα
1390 960 1582 1018 πρότερον

121 1031 382 1089 ,ἂπεκρέματο
392 1065 405 1084 ,
439 1026 538 1090 ᾗπέρ
557 1049 626 1087 μοι
650 1033 798 1088 εἴρηται
809 1065 822 1084 ,
857 1031 993 1089 ἑτέραν
1015 1030 1276 1088 καθύπερθεν
1296 1029 1581 1086 ἀποκρεμάσας

135 1100 364 1154 οἰκοδομίαν
373 1132 386 1152 ,
417 1103 485 1142 ‘iva
513 1101 563 1155 δὴ
594 1099 803 1157 ἀπρόσοδα
832 1105 888 1158 τῷ
907 1104 1074 1157 ποταμῷ
1097 1101 1224 1151 ἐστιν,
1259 1097 1486 1141 ἀνεσώσατο
1506 1099 1579 1150 τὴν

133 1168 292 1211 ἐνθένδε
313 1167 531 1210 εὐπάθειαν
559 1175 642 1219 τοῖς
668 1171 759 1224 τῇδε
781 1175 984 1225 φρουροῖς.
1051 1167 1101 1209 τὰ
1119 1168 1191 1221 μὲν
1212 1162 1282 1210 οὖν
1308 1167 1358 1220 δὴ
1379 1170 1452 1208 τοῦ
1472 1168 1580 1222 Κιρ-

81 1242 123 1278 15
134 1237 272 1290 κησιόυ
294 1237 335 1286 ἐς
351 1235 463 1278 τόνδε
481 1237 550 1278 τὸν
565 1235 712 1292 τρόπον
734 1235 1065 1292 δεδημιούργηται
1083 1241 1138 1293 τῷ
1158 1239 1321 1288 βασιλεῖ
1334 1233 1475 1291 τούτῳ.

267 1304 389 1346 Μετὰ
416 1305 459 1346 δὲ
487 1304 532 1346 τὸ
559 1303 779 1361 Κιρκήσιον
808 1303 1001 1361 φρούριόν
1031 1304 1112 1345 ἐστι
1147 1302 1339 1353 παλαιὸν,
1367 1300 1579 1351 Ἀννούκας

132 1370 284 1426 ὄνομα,
321 1365 441 1429 οὗπερ
474 1373 643 1428 ἐρείπιον
670 1373 716 1414 τὸ
747 1378 876 1425 τεῖχος
902 1370 1028 1429 εὖριὺν
1057 1369 1162 1413 οὕτω
1189 1371 1238 1426 δὴ
1268 1374 1579 1426 μεγαλοπρεπῶς

131 1438 466 1497 ἄνῳκοδομήσατο
490 1439 765 1489 Ἰουστινιανὸς
781 1439 969 1493 βασιλεὺς
995 1437 1050 1488 ὥς
1070 1439 1174 1493 μηδὲ
1195 1443 1275 1481 τῶν
1299 1455 1405 1488 τινος
1427 1440 1575 1495 ἐπιφα-
1596 1442 1628 1476 Β

129 1506 328 1550 νέστάτων
355 1506 508 1550 πόλεων
539 1506 804 1564 ὀχυρώματος
832 1508 919 1563 πέρι
949 1507 999 1550 τὰ
1030 1509 1229 1563 δευτερεῖα
1258 1507 1303 1549 τὸ
1334 1506 1470 1548 λοιπὸν
1502 1506 1578 1562 φέ-

74 1579 290 1632 Ξθρεσθαι.
357 1573 491 1634 τρόπῳ
513 1576 556 1618 δὲ
572 1580 629 1633 τῷ
650 1576 759 1634 αὐτῷ
775 1577 841 1617 καὶ
865 1575 916 1617 τὰ
937 1573 1130 1632 φρούρια,
1168 1574 1243 1618 ὅσα
1266 1574 1316 1628 δὴ
1337 1575 1442 1631 ἀμφὶ
1464 1574 1582 1616 πόλιν

133 1641 465 1704 Θεοδοσιοῦπολιν
490 1651 634 1694 κεῖται,
667 1643 718 1686 τὰ
749 1645 822 1698 μὲν
843 1643 1045 1698 ἀτείχιστα
1073 1641 1266 1700 πρότερον
1297 1641 1415 1693 ὄντα,
1449 1642 1501 1685 τὰ
1530 1643 1575 1684 δὲ

128 1715 243 1770 πηλῷ
272 1729 314 1754 τε
347 1714 412 1753 καὶ
435 1717 482 1768 τῇ
507 1713 664 1754 ἐνθένδε
690 1713 948 1772 γελωτοποιία
977 1713 1242 1765 τετειχισμένα
1263 1711 1456 1764 αἱμασιᾶς
1480 1708 1574 1766 τρό-

128 1797 226 1831 πον,
261 1778 417 1837 φοβερά
444 1797 484 1822 τε
511 1784 630 1822 τανῦν
655 1782 720 1822 καὶ
749 1779 794 1822 τὸ
820 1779 1011 1837 παράπαν
1032 1778 1272 1837 ἅπρόσβατα
1292 1785 1375 1829 τοῖς
1398 1780 1574 1820 ἐπιοῦσιν

132 1846 364 1905 εἵργάσατο·
399 1846 444 1890 τό
473 1865 515 1890 τε
542 1848 840 1903 Μαγδαλαθών
870 1848 943 1890 σὺν
979 1847 1126 1904 ἕτὲροιν
1155 1850 1287 1898 δυοῖν,
1318 1846 1418 1903 ἅπερ
1450 1847 1575 1889 αὐτοῦ

76 1923 120 1960 25
133 1914 380 1973 ἑκατέρωθεν
408 1914 591 1971 τυγχάνει
616 1915 731 1969 ὄντα,
766 1918 830 1961 καὶ
855 1915 1100 1974 Θαννοῦριος
1123 1914 1219 1967 δύο,
1252 1914 1395 1971 μικρόν
1427 1932 1468 1957 τε
1506 1915 1574 1957 καὶ

129 2091 213 2126 enim
230 2092 372 2136 vocant)
392 2091 453 2171 gui
468 2091 537 2127 illic
553 2103 685 2139 semper
705 2096 844 2138 ageret3
865 2092 986 2128 idoneo
1001 2091 1169 2139 praesidio
1184 2091 1319 2136 primam
1334 2099 1428 2124 oram
1442 2088 1574 2134 imperii

128 2138 346 2172 confirmavit.
423 2138 551 2172 alneum
569 2150 701 2184 quoque
715 2139 883 2184 publicum
895 2165 904 2181 ‚
927 2150 993 2184 quo
1009 2143 1148 2172 utuntur
1163 2137 1292 2172 incolae
1303 2162 1314 2179 ,
1339 2146 1412 2170 cum
1430 2145 1571 2180 prorsus

126 2182 243 2217 inutile
265 2183 394 2228 allapsu
410 2183 553 2218 fluminis
575 2185 758 2227 evasisset,
780 2196 843 2219 nec
859 2185 966 2219 solitis
982 2185 1095 2218 usibus
1118 2183 1245 2218 servire
1270 2188 1404 2227 posset,
1429 2182 1462 2214 in
1485 2192 1573 2222 eum,

127 2239 224 2274 quem
238 2229 340 2263 habet
354 2229 465 2271 modo,
486 2234 636 2264 ornatum
651 2231 812 2266 restituit.
865 2230 964 2271 Quae
981 2230 1067 2264 enim
1084 2230 1174 2275 prius
1190 2240 1290 2274 supra
1305 2226 1513 2269 fornaculas‚
1538 2226 1572 2259 in

127 2274 246 2319 quibus
261 2274 346 2319 ignis
362 2274 478 2319 ardet,
502 2287 563 2320 pro
579 2275 756 2310 lavationis
772 2277 963 2311 commodae
978 2276 1119 2316 ratione,
1144 2275 1248 2308 solida
1264 2273 1394 2307 fabrica
1409 2283 1574 2317 suspensa

126 2324 223 2354 erant
247 2320 492 2366 (chytropodas
513 2321 615 2366 vulgo
638 2322 823 2366 appellant)
850 2323 934 2356 haec
959 2322 1068 2355 omnia
1093 2320 1275 2366 profluenti
1300 2318 1471 2364 exposita,
1494 2329 1573 2351 cor-

126 2371 326 2411 ruptamque
340 2377 440 2400 ea-re
462 2366 574 2400 balnei
597 2367 771 2401 utilitatem
794 2368 992 2404 offenderat.
1040 2367 1155 2407 Quare
1179 2370 1346 2399 structura
1360 2364 1494 2408 lapidea
1510 2363 1574 2396 fir-

126 2410 223 2444 matis
235 2411 289 2458 iis,
312 2423 399 2456 quae
413 2411 516 2457 prius,
539 2417 577 2445 ut
591 2412 678 2455 dixi,
703 2413 912 2459 pendebant,
934 2413 986 2447 his
1002 2412 1084 2447 alias
1099 2422 1318 2456 suspensuras
1337 2409 1505 2454 imposuit,
1528 2407 1573 2442 ad

128 2465 212 2500 quas
226 2457 417 2502 pertingere
429 2457 553 2491 fluvius
566 2458 694 2502 nequit.
742 2459 818 2500 Quo
834 2459 943 2501 facto,
969 2457 1228 2492 oblectationem
1243 2457 1320 2491 inde
1343 2455 1418 2500 capi
1441 2455 1572 2488 solitam

127 2501 272 2535 rut-ituit
283 2502 520 2548 praesidiariis.
557 2503 652 2538 Haec
667 2508 763 2549 sunt„
778 2515 866 2550 quae
880 2504 1065 2550 imperator
1081 2508 1197 2537 noster
1211 2501 1404 2537 aedificavit
1418 2498 1571 2534 Circesii.

161 2558 164 2560 ’
216 2546 301 2582 Post
316 2547 499 2583 Circesium
517 2553 571 2583 est
587 2553 764 2592 Annucas‚
788 2555 887 2584 vetus
911 2550 1104 2593 castellum,
1131 2549 1223 2582 cuius
1244 2559 1355 2583 muros
1373 2545 1573 2580 Iustinianus

129 2590 215 2635 Aug.
239 2603 312 2627 oum
337 2593 514 2628 semirutos
539 2595 777 2640 comperisset,
804 2595 890 2630 adeo
913 2596 1090 2640 magnifice
1114 2593 1335 2636 instauravit,
1357 2598 1395 2626 ut
1419 2591 1446 2625 si
1466 2589 1574 2623 muni-

128 2641 240 2670 menta
265 2647 282 2670 s
306 2642 415 2681 setes,
444 2639 737 2675 illustrissimorum
759 2641 889 2676 urbium
915 2642 995 2676 nulli
1021 2641 1193 2675 concedat.
1251 2638 1412 2673 Similiter
1434 2634 1574 2668 castella

129 2680 284 2716 omnin'l'
371 2684 514 2731 osiopoli
532 2686 764 2729 circumiecta,
786 2698 924 2732 quorum
948 2687 1015 2722 alia
1037 2687 1196 2720 carebant
1216 2685 1336 2726 muris,
1362 2683 1426 2716 alia
1440 2682 1509 2714 luto
1526 2679 1574 2712 ri-

129 2725 237 2760 denda
259 2737 303 2780 ¹¹9
315 2729 452 2764 materia
465 2730 501 2764 in
515 2732 681 2767 maceriae
694 2733 827 2767 modum
843 2738 942 2779 septa
959 2737 1075 2774 erant,
1099 2732 1183 2766 talia
1197 2730 1260 2764 iam
1278 2730 1359 2763 fecit
1371 2755 1381 2772 ,
1405 2731 1443 2759 ut
1465 2730 1575 2758 terro-

129 2782 198 2805 rem
227 2783 246 2805 o
270 2773 402 2820 ficiunt,
427 2786 619 2821 omnemque
642 2778 765 2812 aditum
790 2784 915 2822 negent
940 2789 1137 2824 oppugnare
1163 2775 1366 2810 volentibus.
1418 2771 1471 2805 Ea
1497 2773 1575 2804 sunt

129 2816 381 2862 Magdalathum
398 2831 471 2855 cum
492 2820 620 2857 duobus
643 2823 735 2867 aliis,
757 2824 804 2859 illi
823 2824 900 2860 hinc
913 2823 992 2859 inde
1006 2822 1125 2859 adsitis
1136 2847 1147 2866 ,
1173 2826 1207 2856 et
1222 2826 1398 2864 utrumque
1412 2817 1575 2852 Thannu-
