1800 3126
555 106 747 151 NOTAE
779 103 1075 150 ALEMANNI.
1445 105 1544 153 363

198 219 245 258 Ρ.
275 214 345 267 43,
377 217 446 259 11.
501 217 605 255 Dux
641 217 712 256 ille
747 230 917 256 narrare
944 213 1122 268 solebat]
1160 215 1368 254 Mirificam
1404 217 1549 255 Iustini

87 276 362 315 liberationem
393 274 463 312 alii
493 287 650 327 quoque
680 276 941 326 scripserunt,
969 275 1139 312 Ioannes
1167 274 1364 323 Zonaras,
1398 273 1549 312 Cedre-

86 346 176 382 nus,
205 339 246 370 et
261 329 527 383 Ephraemius
555 333 598 369 in
629 329 837 380 chronico3
867 344 1006 370 verum
1036 331 1114 368 alia
1141 331 1260 382 plane
1290 331 1338 368 ab
1367 328 1446 368 hac
1475 339 1548 380 est,

87 402 212 443 quam
245 389 461 440 Procopius
500 389 712 439 contigisse
751 388 920 426 affirmat
957 389 1000 425 in
1030 390 1186 426 Isauros
1217 389 1350 439 copias
1380 387 1550 425 ducente

86 448 234 484 Ioanne
265 445 406 494 Gibbo,
437 446 510 484 sub
542 447 653 483 cuius
680 451 873 497 potestate
901 451 989 482 tum
1018 445 1160 496 agebat
1188 446 1374 492 Iustinus,
1404 458 1552 495 nempe

85 503 200 541 initio
228 503 473 554 principatus
497 504 717 550 Anastasii3
746 515 841 539 nam
871 509 1050 539 extremo
1081 500 1260 539 eiusdem
1286 503 1454 553 imperio
1483 504 1554 538 Iu-

86 560 213 598 ninus
243 566 327 596 erat
357 560 569 611 patricius,
600 566 778 606 senator,
808 565 847 595 et
877 571 1010 596 comes
1037 560 1402 610 praetorianorum3
1430 557 1554 610 idque

87 617 216 667 magis
244 628 291 653 ac
318 617 448 667 magis
478 616 694 664 confirmat,
727 613 835 668 quod
857 616 1098 653 lastinianus
1123 617 1265 653 Iustini
1291 629 1430 667 nepos,
1462 628 1555 652 cum

88 672 240 710 Gibbus
270 671 457 711 ductabat
486 674 725 721 exercitum,
754 672 873 723 plane
901 685 1002 723 puer
1030 678 1134 721 erat,
1164 686 1295 724 neque
1324 672 1556 710 versabatur

86 729 132 767 in
157 730 308 778 castris,
336 737 383 768 ut
412 730 586 768 criminis
614 736 682 767 aut
711 729 875 766 carceris
905 729 1106 777 avunculi,
1139 741 1241 780 quae
1260 727 1440 766 historici
1458 742 1554 766 nar-

88 792 198 835 rant,
227 787 358 824 socius
395 800 480 825 esse
509 793 665 838 posset:
701 798 796 823 nam
825 783 1053 823 candidata
1080 786 1256 834 militia,
1288 784 1556 837 quemadmo-

89 841 190 881 dum
217 843 272 880 ait
299 844 434 882 Victor
452 843 693 890 Tunnensis‚
727 843 887 880 functus
917 848 978 879 est
1005 841 1078 880 sub
1108 843 1269 879 initium
1298 844 1456 893 imperii
1485 844 1556 879 Iu-

88 899 200 937 stini.
255 900 364 952 Ergo
392 898 566 938 secundo
594 900 769 937 Iustinus
803 900 847 936 in
876 911 1074 936 carcerem
1105 899 1153 936 ab
1182 901 1393 937 Anastasio
1426 900 1553 936 conii-

89 956 192 993 citur
218 968 309 994 cum
337 957 556 995 Iustiniano
585 963 730 1008 nepote
758 963 853 993 tunc
881 957 1096 1007 trigenario
1126 957 1275 993 maiore
1304 954 1553 1007 perduellio-

87 1013 154 1051 nis
192 1012 457 1051 insimulatus.
515 1014 694 1065 Eripitur
729 1026 823 1051 vero
855 1026 937 1050 non
978 1026 1023 1050 ea
1053 1011 1228 1050 hominis
1257 1014 1389 1063 specie
1425 1025 1552 1064 appa-

87 1074 201 1107 rente
241 1068 304 1122 (ut
335 1070 511 1108 Zonaras
540 1077 579 1107 et
618 1070 686 1107 alii
721 1069 923 1120 scribunt)
963 1082 1085 1122 quam
1121 1067 1187 1107 hic
1217 1070 1346 1107 Gibbo
1383 1069 1552 1107 militiae

88 1125 278 1176 magistro
317 1128 548 1178 apparuisse
581 1127 796 1178 Procopius
836 1127 981 1174 refert3
1023 1125 1094 1164 sed
1135 1127 1230 1164 visis
1266 1139 1338 1177 per
1377 1127 1552 1178 quietem

87 1182 299 1221 Anastasio
341 1183 569 1235 imperatori
607 1184 746 1234 Sergio
791 1190 830 1221 et
870 1181 1028 1221 Baccho
1071 1183 1339 1234 martyribus,
1385 1196 1556 1234 quorum

88 1251 248 1276 summa
283 1246 370 1277 erat
409 1239 517 1292 apud
543 1239 750 1278 Dardanos
781 1247 820 1277 et
847 1241 1076 1290 Illyrienses
1104 1240 1330 1287 veneratio,
1373 1246 1412 1276 et
1450 1237 1557 1291 apud

89 1293 164 1333 hos
192 1296 300 1346 ipsos
330 1297 571 1334 contribules
600 1303 719 1347 atque
749 1296 915 1345 gentiles
943 1296 1142 1333 Iustinum
1165 1302 1204 1333 et
1226 1297 1501 1344 lastinianum,
1534 1308 1557 1332 a

91 1351 235 1404 quibus
267 1352 388 1403 paulo
413 1359 503 1403 post
531 1353 858 1403 superbissimum
889 1353 1086 1403 templum
1116 1351 1167 1389 ad
1195 1353 1336 1390 urbem
1364 1351 1558 1391 Scodram

89 1408 392 1460 Barbeuamque
427 1409 592 1446 fluvium
620 1407 764 1446 iisdem
793 1409 931 1459 Sergio
961 1415 1000 1446 et
1025 1408 1181 1446 Baccho
1211 1411 1452 1461 martyribus
1483 1422 1559 1447 ex-

90 1466 259 1503 citatum
290 1465 388 1513 fuit,
428 1471 474 1502 ut
506 1465 687 1516 pluribus
716 1467 892 1502 narravit
920 1463 1174 1516 Theophilus
1197 1467 1409 1504 Iustiniani
1439 1479 1560 1518 prae-

91 1528 241 1574 ceptor.
297 1523 434 1559 Prima
469 1522 539 1558 illa
577 1523 735 1559 Ioann1s
765 1522 905 1570 Gibbi‚
946 1529 986 1559 et
1022 1522 1197 1560 secunda
1229 1522 1330 1561 haec
1358 1524 1559 1561 Anastasii

91 1579 340 1630 imperatoris
375 1579 476 1616 visio
514 1579 556 1616 in
587 1591 634 1616 ea
662 1591 758 1616 voce
788 1580 907 1630 plane
938 1581 1200 1628 conveniunt,
1243 1579 1352 1632 quod
1381 1581 1558 1618 Iustinus

91 1636 257 1687 eiusque
285 1635 499 1687 propinqui
525 1635 648 1672 futuri
678 1642 833 1684 esseut,
862 1642 907 1673 ut
936 1635 1105 1673 Cedreui
1134 1637 1265 1674 ver'bis
1291 1644 1401 1685 utar,
1433 1634 1559 1688 σκεύη

92 1706 290 1745 χωρητικα
317 1693 389 1743 τῆς
417 1694 491 1731 τοῦ
516 1694 622 1732 θεοῦ
651 1693 800 1744 βουλῆς
833 1707 874 1733 τε
903 1708 971 1733 και
1001 1694 1217 1745 προνοίας,
1247 1710 1316 1734 και
1348 1693 1560 1746 μέλλουσιν

91 1747 350 1801 υπουργῆσαι
371 1750 429 1801 τῷ
454 1750 541 1802 θεῷ
570 1747 731 1796 ἕκαστος
753 1747 796 1789 ἐν
823 1753 907 1797 τοῖς
933 1753 1088 1802 καιροῖς
1119 1746 1258 1799 αὐτοῦ,
1290 1764 1394 1788 vasa
1423 1751 1560 1788 consa·-

94 1805 151 1843 Ζὶο
175 1789 457 1856 providentiae
485 1804 648 1842 divinae
674 1805 897 1856 exequendo
928 1813 1052 1857 apta,
1090 1813 1128 1844 et
1158 1814 1324 1860 uterque
1350 1821 1426 1845 suo
1456 1814 1560 1844 tem-

86 1874 188 1914 pore
215 1860 287 1899 deo
315 1868 414 1899 esset
443 1875 604 1913 operam
631 1870 876 1900 navaturus.

206 1919 253 1956 P.
277 1916 345 1967 44,
375 1920 416 1959 6.
471 1919 751 1956 Praetor-tanis
778 1918 982 1956 militibus
1003 1918 1254 1972 praefectus]
1285 1921 1439 1957 Horum
1460 1920 1555 1972 plu-
1577 1921 1607 1955 P
1634 1922 1699 1957 101

95 1987 159 2012 res
177 1973 347 2024 ordines,
377 1972 576 2023 scholarii,
607 1974 825 2024 domestici,
855 1982 1110 2028 protectores,
1141 1977 1364 2025 silentiam,
1395 1975 1444 2013 de
1465 1979 1559 2029 qui-

93 2031 169 2069 bus
198 2033 364 2083 Procop.
394 2031 499 2068 infra
526 2045 567 2083 p.
593 2032 674 2072 108
706 2039 745 2070 et
775 2031 975 2084 deinceps.
1032 2034 1098 2069 Ex
1127 2031 1190 2071 his
1220 2034 1289 2070 alii
1317 2034 1358 2070 in
1392 2036 1489 2071 atrio
1520 2040 1559 2072 et

94 2089 291 2127 vestibulo
319 2089 452 2139 regiae
479 2089 758 2138 versabantur,
790 2090 858 2126 alii
888 2103 960 2141 pro
991 2089 1181 2127 cubiculis
1213 2089 1470 2139 desidebant3
1514 2090 1560 2128 hi

96 2140 458 2198 σωματοφυλακες,
488 2146 667 2197 corpori-s·
694 2145 902 2194 custodes,
930 2147 1072 2183 Latine
1103 2160 1197 2185 vero
1229 2148 1486 2197 excubitores,
1515 2155 1563 2185 ut

97 2208 158 2239 est
186 2201 293 2254 apud
320 2203 540 2252 Evagrium
568 2203 597 2239 l.
620 2200 648 2243 4
678 2216 712 2241 c.
739 2204 762 2244 1
795 2210 833 2240 et
857 2205 896 2243 2.
952 2203 1018 2240 Illi
1044 2199 1222 2253 φύλακες
1250 2206 1325 2244 τοῦ
1352 2204 1562 2255 παλατὶου,
1585 2208 1617 2243 Α
1642 2209 1687 2244 17

97 2258 281 2296 custodes
302 2259 484 2310 palatii,
505 2261 708 2310 praetorii
736 2260 908 2311 milites,
938 2273 1010 2298 seu
1035 2263 1313 2312 praetoriani,
1344 2262 1470 2299 aulae
1496 2263 1564 2299 vel

99 2315 228 2353 aulici
249 2315 421 2366 milites,
459 2322 503 2352 ut
534 2317 681 2366 Evagr.
709 2314 807 2354 ibid.
835 2317 1082 2368 praefectum
1111 2316 1175 2356 his
1205 2317 1409 2356 ordinibus
1437 2320 1566 2356 comi-

99 2377 178 2409 tem
197 2374 572 2423 praetorianorum,
600 2385 672 2410 seu
700 2372 975 2411 excubitorum
1005 2375 1180 2438 appellat
1207 2374 1450 2425 Iornandes‚
1489 2372 1566 2427 ἅρ-

101 2443 222 2479 χοντα
245 2444 326 2469 των
353 2425 546 2481 φυλάκων
568 2430 640 2469 τοῦ
665 2429 879 2480 παλατίου,
899 2431 1127 2482 principem
1154 2431 1370 2471 custodum
1392 2433 1564 2485 palatii,

101 2485 330 2537 Procopius.
388 2486 582 2536 Corippus
612 2499 754 2524 curam
770 2487 930 2538 palatii
956 2488 986 2525 1.
1016 2489 1058 2528 2.

269 2543 585 2593 Dispositorque
611 2556 739 2580 novus
766 2557 907 2581 sacrae
933 2543 1176 2583 Badoarius
1204 2547 1329 2584 aulae

271 2599 486 2636 Successor
512 2600 639 2636 soceri
654 2599 806 2650 sactus·
832 2614 924 2638 mox
953 2615 1052 2639 cura
1076 2603 1214 2653 palati
1239 2610 1309 2643 est.

103 2653 246 2691 Graeci
264 2650 595 2723 Kovoonalcimv,
618 2654 761 2694 deinde
781 2655 1234 2711 πρωτοκουροπαλάτην,
1262 2657 1454 2696 nimirum
1473 2669 1564 2693 cum

103 2710 360 2761 imperatores
398 2725 446 2749 eo
483 2713 645 2751 nomine
683 2714 783 2752 alios
812 2713 959 2752 donare
995 2714 1157 2754 honoris
1203 2729 1296 2767 ergo
1337 2719 1565 2764 coeperunt.

103 2767 211 2804 Male
246 2767 522 2820 interpretatur
559 2770 743 2810 Octavius
781 2783 807 2809 a
849 2771 1027 2824 Rosberg
1057 2779 1362 2825 procuratorem
1398 2771 1564 2822 palatii.
