1800 3126
301 127 398 174 364
754 128 812 170 IN
845 126 987 170 HIST.
1016 126 1267 169 ARGANAM

299 237 541 275 Glossarium
569 234 923 274 Graecobarbarum
957 232 1159 271 confundit
1196 247 1284 272 cum
1321 234 1397 274 alio¹
1435 249 1535 274 cura
1554 236 1719 287 palatii,

299 293 350 330 de
387 307 463 345 quo
500 291 750 330 Cassiodorus
786 291 816 327 l.
844 292 894 338 7,
931 291 1020 328 var.
1051 290 1161 340 epist.
1190 290 1237 339 5,
1279 293 1346 342 qui
1381 292 1548 329 fabricae
1583 292 1720 343 palatii

298 350 540 400 praepositus
569 354 662 384 erat.
718 348 769 383 Et
797 358 964 382 errorem
987 351 1115 394 auget,
1145 358 1233 382 cum
1254 347 1360 384 illius
1387 360 1572 398 magnam
1598 347 1720 383 fuisse

300 404 530 453 dignitatem
560 402 704 440 credit:
734 400 840 452 quod
867 407 955 437 ante
987 413 1119 450 regem
1146 399 1434 439 Theodericum
1455 415 1612 439 auream
1638 403 1720 439 vir-

300 473 393 510 gam
417 466 572 509 gestans
610 458 758 508 primus
787 455 996 494 incederet.
1049 457 1102 493 At
1130 455 1401 505 Cassiodorus,
1436 459 1617 507 primus,
1655 458 1720 493 in-

301 517 410 565 quit,
451 516 550 550 inter
575 513 763 562 obsequia
791 525 1018 560 numerosa,
1056 509 1131 548 hoc
1159 518 1239 560 est,
1275 524 1354 549 non
1381 513 1482 550 inter
1506 513 1721 563 singulares

302 578 341 606 et
379 570 583 620 primarios
620 569 722 605 viros
759 569 959 617 patricios,
999 574 1194 604 senatores
1231 573 1269 603 et
1307 567 1538 604 consulares.
1592 569 1722 604 Aurea.

300 638 392 662 vero
421 626 530 673 virga
561 630 618 660 est
650 635 768 674 quam
798 622 967 660 Codinus
1004 623 1221 661 δικανίκιον
1250 623 1440 672 appellat,
1476 622 1722 659 inferioribus

302 682 422 716 etiam
458 678 655 716 ordinibus
684 677 842 715 honoris
871 690 962 728 ergo
991 689 1191 724 concessa3
1227 677 1346 728 idque
1380 690 1432 714 ex
1459 676 1597 715 eodem
1626 678 1722 714 cas-

301 734 447 772 siodori
488 735 576 771 loco
614 734 794 783 colligere
833 740 904 771 est.
969 732 1080 779 Quod
1118 731 1291 770 foediore
1326 733 1440 784 lapsu
1474 733 1722 783 comprobare

301 791 438 826 nititur
465 802 517 826 ex
545 790 733 839 Corippo:

516 847 601 881 Par
629 851 764 880 extans
793 845 921 892 curis,
950 843 1035 880 solo
1065 841 1286 880 diademate
1313 841 1463 893 dispar.

302 899 383 937 Sed
413 898 489 936 hoc
522 899 569 936 de
599 901 675 937 alio
705 906 763 936 est
791 913 891 948 cura
913 899 1084 949 palatii,
1122 898 1302 936 ordinum
1331 898 1570 936 militarium.
1627 898 1725 944 Par,

301 962 435 992 autem
463 956 601 1006 inquit,
635 962 673 992 et
701 954 840 1006 dispar
867 967 945 992 non
975 955 1190 1001 autoritate,
1217 967 1311 991 nam
1337 955 1371 991 is
1400 959 1480 990 erat
1509 952 1724 1003 praefectus

301 1011 518 1060 praetorio,
555 1017 599 1046 ut
628 1009 756 1047 dicam
793 1010 843 1047 ad
872 1023 912 1060 p.
936 1011 988 1050 91
1027 1008 1097 1047 sed
1122 1017 1300 1047 mutuam
1327 1009 1528 1046 Iustiniani
1555 1009 1726 1058 impera-

299 1067 393 1102 toris
424 1067 757 1111 benevolentiam,
798 1072 836 1102 et
862 1066 1000 1101 Iustini
1030 1066 1189 1102 iunioris
1220 1078 1270 1102 ex
1298 1077 1427 1102 sorore
1454 1065 1606 1115 nepotis
1633 1061 1723 1111 fide,
1752 1087 1755 1090 -

300 1127 416 1171 atque
448 1121 566 1157 etiam
595 1119 796 1170 dignitate.
851 1122 952 1156 Nam
979 1118 1109 1157 subdit
1137 1121 1349 1170 Corippus:

758 1176 974 1225 Dispositu
1001 1188 1094 1211 nam
1127 1175 1273 1212 Caesar
1302 1188 1404 1214 eras.

297 1230 476 1281 Denique
515 1230 657 1276 abusu,
698 1230 766 1280 qui
792 1237 1048 1279 posteaquam
1081 1231 1249 1267 Iustinus
1287 1231 1415 1267 senior
1443 1240 1495 1265 ex
1526 1241 1572 1265 eo
1604 1225 1727 1278 gradu

299 1285 350 1322 ad
379 1286 587 1335 imperium
615 1284 808 1331 ascendit,
837 1285 1008 1334 primum
1036 1286 1163 1334 coepit
1190 1285 1358 1332 inolere,
1385 1290 1429 1320 ut
1457 1283 1627 1320 officium
1655 1295 1728 1318 cu·-

299 1342 509 1390 ropalatae
541 1339 682 1390 gradus
710 1341 914 1390 proximus
953 1346 1053 1376 esset
1089 1338 1139 1375 ad
1176 1339 1331 1389 imperii
1361 1339 1562 1388 fastigium
1588 1350 1728 1388 perve-

298 1396 457 1442 niendi3
494 1409 734 1447 quamquam
763 1397 944 1432 Caesares
979 1395 1086 1444 prius
1124 1395 1372 1441 creabantur,
1410 1400 1454 1430 ut
1491 1392 1539 1430 de
1568 1393 1727 1430 Tiberio

300 1453 490 1502 Corippus
521 1453 572 1488 ait
602 1452 630 1487 l.
662 1451 688 1490 4
727 1458 766 1487 et
794 1452 835 1488 S.
863 1449 1102 1500 Nicephorus
1133 1449 1179 1486 de
1208 1449 1403 1486 Mauritio.
1461 1449 1552 1493 Quis
1581 1449 1727 1485 Iustino

300 1509 343 1543 in
375 1520 420 1544 ea
450 1506 638 1556 dignitate
667 1507 894 1543 successerit
924 1518 1002 1542 non
1039 1506 1184 1555 liquet3
1223 1503 1293 1541 sed
1325 1504 1528 1541 Iustiniani
1555 1510 1728 1553 tempore

302 1563 547 1612 curopalatae
574 1563 731 1598 suerunt
761 1559 937 1598 eiusdem
963 1567 1124 1610 nepotes
1151 1560 1371 1606 Marcellus,
1399 1560 1630 1606 Marcianus,
1661 1561 1730 1594 Iu-

303 1620 440 1664 stinus,
471 1616 519 1654 de
545 1618 684 1668 quibus
713 1617 814 1653 infra
841 1617 882 1652 in
912 1616 1140 1665 genealogia
1169 1616 1392 1661 Iustiniani3
1422 1620 1511 1664 post
1537 1615 1730 1651 Iustinum

301 1672 538 1719 Baduarius,
571 1673 772 1719 Tiberius,
814 1678 851 1708 et
879 1672 1097 1708 Mauritius.
1152 1669 1276 1708 Video
1306 1668 1475 1706 eruditos
1502 1670 1607 1706 viros
1635 1682 1731 1706 con-

300 1727 466 1764 fundere
487 1728 733 1777 praestatum
754 1728 1124 1777 praetorianorum,
1161 1726 1228 1776 qui
1266 1732 1325 1762 est
1352 1738 1449 1762 cura
1475 1725 1651 1775 palatii,
1685 1736 1731 1761 ac

293 1783 543 1834 praefectum
564 1785 869 1833 praetoriorum.
925 1780 1004 1818 Sed
1034 1781 1081 1818 de
1108 1779 1184 1818 hoc
1210 1781 1311 1817 infra
1338 1794 1378 1831 p.
1403 1781 1472 1820 91.

412 1840 457 1875 P.
486 1837 552 1884 44,
583 1839 621 1876 8.
679 1839 798 1875 Senex
826 1836 1058 1887 capularis]
1095 1838 1230 1874 Annos
1257 1842 1372 1873 natus
1398 1841 1506 1883 octo,
1544 1840 1582 1872 et
1611 1846 1730 1871 sexa-

303 1894 424 1944 ginta.
481 1892 714 1930 Theodorus
744 1895 904 1939 Lector,
944 1890 1071 1943 ὅὲνδρα
1098 1887 1384 1943 πρεσβύτατον,
1427 1890 1542 1927 homo
1575 1892 1646 1940 qui
1675 1887 1733 1926 ad

301 1962 502 1985 summam
529 1956 760 1986 senectutem
785 1949 936 1996 vixerit,
965 1948 1067 1984 infra
1093 1948 1328 1997 Procopius,
1357 1941 1639 1998 ἐσχατόγερων,
1666 1958 1731 1982 re-

300 2005 410 2056 liqua
441 2003 492 2041 ad
518 2018 558 2055 p.
589 2003 657 2045 45.

411 2061 456 2097 P.
486 2058 552 2107 44,
583 2061 622 2099 9.
677 2057 1005 2109 Analplzabetus]
1043 2057 1149 2093 Anni
1177 2061 1388 2094 excurrunt
1415 2061 1573 2092 centum
1603 2061 1643 2091 et
1669 2055 1732 2091 vi-

302 2115 414 2164 ginti,
443 2127 516 2151 nec
544 2115 735 2164 amplius,
765 2126 817 2150 ex
846 2126 922 2164 quo
950 2112 1186 2149 lastinianus
1215 2111 1366 2158 dicitur,
1397 2117 1435 2148 et
1463 2111 1582 2160 vulgo
1609 2108 1734 2147 habe-

302 2176 365 2206 tur
394 2169 709 2219 analplmbetus:
745 2181 887 2218 nempe
927 2173 1015 2217 post
1052 2168 1286 2217 impressum
1309 2165 1523 2204 Mediolani
1555 2164 1732 2212 Suidam,

187 2225 218 2259 Δ
242 2226 284 2262 18
309 2237 426 2276 quem
451 2225 672 2261 Demetrius
701 2221 985 2273 Chalcondyles
1027 2221 1074 2259 de
1103 2223 1260 2260 Graecis
1297 2222 1435 2259 litteris
1471 2221 1732 2258 benemeritus

307 2279 542 2317 emendavit.
611 2280 798 2316 Desinant
847 2277 988 2316 eruditi
1032 2278 1294 2315 iurisconsulti
1332 2276 1508 2314 Andreas
1547 2277 1732 2323 Alciatus,

306 2337 527 2373 GuIIelmus
560 2334 762 2382 Budaeus,
802 2335 947 2386 aliique
981 2335 1238 2370 Iustinianum
1276 2346 1391 2370 suum
1423 2332 1588 2370 scribere
1619 2329 1734 2368 indo-

307 2398 414 2429 ctum
443 2404 486 2427 ac
515 2391 631 2441 plane
660 2390 825 2438 rude1n3
856 2397 893 2427 et
919 2387 1153 2426 mendosum
1181 2387 1326 2426 Suidae
1353 2389 1496 2435 locum,
1526 2387 1595 2438 qui
1621 2399 1734 2424 occa-

309 2448 460 2484 sionem
488 2447 566 2483 illis
596 2448 688 2483 fecit
717 2445 881 2494 errandi,
912 2457 964 2481 ex
991 2443 1065 2481 hoc
1085 2445 1265 2494 Procopii
1294 2445 1498 2493 corrigant,
1527 2441 1631 2478 unde
1665 2442 1734 2477 illa

310 2503 427 2539 verba
456 2501 596 2540 Suidas
639 2501 839 2548 describit,
877 2497 1083 2551 ἅμάθητος
1115 2495 1350 2551 γραμμάτων
1385 2494 1572 2536 ἁπάντων
1599 2496 1666 2536 καὶ
1693 2493 1735 2535 ‘cd

311 2555 360 2608 δή
397 2555 604 2610 λεγόμενον
643 2553 938 2607 ἀναλφάβητος,
983 2568 1080 2606 quae
1120 2553 1168 2590 de
1197 2555 1343 2591 Iustino
1371 2554 1583 2603 Procopius
1621 2551 1733 2598 dixit,

310 2627 389 2650 non
419 2613 466 2650 de
494 2614 720 2650 Iustiniano.
778 2614 903 2657 Quem
928 2611 1054 2659 fidem
1091 2623 1207 2646 suam
1246 2608 1508 2659 chirographo
1546 2609 1751 2657 scriptam-

303 2670 468 2720 proprio
504 2667 561 2706 ad
591 2667 718 2706 sedem
756 2666 1015 2717 apostolicam
1049 2666 1202 2702 misisse
1235 2671 1425 2702 testantur
1450 2661 1654 2710 historiae,
1696 2667 1734 2697 et

311 2725 493 2763 Anastius
530 2725 572 2761 in
600 2726 743 2762 Ioanne
770 2720 954 2761 secundo.
1008 2722 1125 2759 Recte
1154 2719 1299 2759 habent
1327 2731 1461 2759 omnes
1485 2717 1628 2759 Suidao
1666 2729 1734 2754 co-
