1858 3126
288 128 384 175 262
866 133 1128 178 PROCOPII

238 249 266 282 B
284 240 486 295 Ῥωμαίων
504 243 627 299 ἀρχῆς
634 274 647 294 ,
680 241 924 297 πεπονηκότα
945 242 1168 286 παντάπασι
1188 244 1238 287 τὰ
1263 245 1367 301 τείχη
1397 245 1521 303 εῧρὼν
1543 247 1582 297 ἔς
1603 246 1704 302 μέγα

287 325 326 350 τι
353 308 519 360 κάλλους
544 329 585 352 τε
610 312 675 352 καὶ
704 312 920 366 ἀσφαλείας
944 310 1206 364 κατεστήσατο
1227 318 1377 369 χρῆμα.
1444 314 1542 356 ἔνθα
1566 315 1615 368 δὴ
1640 316 1706 355 καὶ

289 374 460 432 φρούρια
480 379 683 430 πεποίηται
704 377 748 419 τό
770 394 808 418 τε
827 376 1037 420 Ἀλούστου
1066 377 1301 430 καλούμενον
1324 382 1388 421 καὶ
1407 380 1451 422 τὸ
1471 382 1511 421 ἓν
1530 382 1570 421 Γ
1566 382 1704 436 ορζου-

286 444 428 495 βίταις.
496 442 759 499 διαφερόντως
783 445 825 485 δὲ
853 444 923 498 τὴν
943 443 1152 499 Βόσπορον
1179 449 1235 500 τῷ
1263 443 1427 501 ἐρύματι
1454 445 1704 502 ἐκρατύνατο,

286 507 407 564 ἥνπερ
430 511 472 551 ἐκ
490 514 660 550 παλαιοῦ
672 512 1045 567 βεβαρβαρωμένην,
1071 513 1136 552 καὶ
1154 509 1231 552 ὑπὸ
1252 518 1333 561 τοῖς
1354 511 1514 562 Οὕννοις
1530 514 1737 567 κειμένην5

287 575 327 624 ἐς
359 577 404 617 τὸ
428 575 630 629 Ῥωμαίων
667 576 784 626 αὐτὸς
814 577 1017 632 μετήνεγκε
1048 576 1203 633 κράτος.
1269 576 1351 620 ἔστι
1378 580 1422 620 δέ
1446 595 1504 628 τις
1529 580 1707 622 ἐνταῦθα

284 640 399 697 χώρα
419 644 520 684 κατὰ
541 644 612 695 τὴν
629 645 837 698 παραλίαν,
865 644 978 700 Δόρυ
1000 644 1138 703 ὄνομα,
1163 646 1231 686 ἵνα
1249 645 1298 698 δὴ
1316 645 1356 686 ἔκ
1372 649 1542 687 παλαιοῦ
1556 647 1596 687 Γ
1592 646 1709 688 ότθοι

287 707 479 764 ᾤκηνται,
516 710 552 750 οἱ
579 709 803 767 Θευδερίχῳ
828 713 867 760 ἐς
892 707 1059 752 Ἰταλίαν
1087 710 1186 753 ἰόντι
1214 711 1284 753 οὐκ
1313 710 1581 764 ἐπισπόμενοι,
1613 712 1706 754 ἀλλ’

287 773 509 816 ἐθελούσιοι
536 776 658 818 αὐτοῦ
682 779 900 830 μείναντες,
921 777 1124 831 Ῥωμαίων
1142 779 1206 819 καὶ
1229 779 1282 827 εἷς
1304 779 1374 830 ἐμέ
1393 780 1467 820 εἶσι
1488 777 1708 820 ἔνσπονδοι·

287 840 595 897 ’ξυστρατεύουσί
628 859 670 884 τε
706 844 838 894 αὐτοῖς
871 846 931 886 ἐπὶ
967 847 1175 898 πολεμίους
1206 844 1298 893 τοὺς
1327 845 1538 901 σφετέρους
1568 847 1706 896 ἰοῦσιν,
1720 851 1763 885 10

236 918 265 951 C
287 906 401 961 ἡνίκα
427 908 475 950 ἂν
493 913 654 962 βασιλεῖ
668 911 894 967 βουλομένῳ
922 911 994 964 εἴη.
1061 913 1295 961 ἐξικνοῦνται
1325 912 1368 952 δὲ
1399 912 1440 961 ἐς
1461 913 1711 967 τρισχιλίους,

285 977 352 1016 καὶ
381 972 431 1016 τά
461 993 502 1017 τε
531 976 698 1029 πολέμια
721 977 815 1033 ἔργα
844 979 939 1020 εἷσὶν
959 977 1111 1034 ἄριστοι
1133 977 1182 1019 τά
1204 995 1245 1020 τε
1272 978 1312 1027 ἐς
1337 978 1409 1031 τὴν
1428 979 1616 1034 γεωργίαν
1635 978 1712 1019 αὖ-

284 1043 443 1096 τουργοὶ
474 1044 615 1092 δεξιοὶ,
649 1045 715 1084 καὶ
745 1043 1043 1099 φιλοξενώτατοι
1071 1046 1116 1087 δέ
1141 1046 1236 1086 εἰσιν
1266 1042 1489 1100 ἀνθρώπων
1516 1042 1712 1086 ἁπάντων.

284 1108 384 1161 αὐτὴ
408 1108 450 1148 δὲ
473 1106 497 1161 ἡ
516 1107 631 1163 χώρα
648 1109 692 1150 τὸ
714 1109 828 1163 Δόρυ
849 1114 918 1162 τῆς
941 1111 1012 1162 μὲν
1036 1115 1108 1164 γῆς
1127 1113 1166 1151 ἐν
1181 1109 1323 1167 ὑψηλῷ
1345 1117 1487 1161 κεῖται,
1515 1111 1561 1152 οὔ
1578 1112 1711 1164 μέντοι

285 1173 373 1215 οὔτε
392 1181 553 1230 τραχεῖα
577 1174 664 1216 οὔτε
684 1174 836 1231 σκληρά
856 1177 980 1226 ἔστιν,
1010 1176 1103 1217 ἀλλ’
1126 1176 1261 1230 ἀγαθή
1281 1194 1322 1218 τε
1342 1174 1407 1218 καὶ
1424 1176 1593 1233 εὔφορος
1609 1195 1709 1232 καρ-
1723 1185 1765 1219 15

284 1245 369 1282 πῶν
394 1245 471 1282 τῶν
492 1241 676 1297 ἀρίστων.
743 1240 856 1283 πόλιν
875 1244 946 1295 μὲν
965 1237 1033 1284 οὖν
1053 1242 1078 1296 ἢ
1100 1242 1289 1298 φρούριον
1311 1242 1466 1296 οὐδαμῆ
1488 1248 1558 1296 τῆς
1575 1242 1713 1298 χώρας

287 1305 308 1348 ὃ
336 1309 524 1360 βασιλεὺς
558 1309 736 1362 ἕδειίιιατο
767 1308 933 1362 ταύτης,
967 1311 1252 1365 καθείργεσθαι
1275 1307 1498 1365 περιβόλοις
1521 1311 1621 1351 τισὶν
1641 1309 1713 1352 οὐκ

286 1373 528 1427 ἀνεχομένων
567 1379 645 1417 τῶν
687 1377 780 1430 τῇδε
817 1373 1061 1431 ἀνθρώπων,
1096 1375 1189 1416 ἀλλ’
1224 1376 1265 1416 ἓν
1298 1376 1417 1432 πεδίῳ
1445 1375 1714 1429 ἀσμενέστατα

148 1450 178 1481 V
201 1450 267 1484 436
289 1441 497 1498 ᾠκημένων
525 1441 597 1483 ἀεί.
664 1441 740 1495 ὅπη
772 1443 864 1483 ποτὲ
888 1442 931 1483 δὲ
955 1446 1032 1483 τῶν
1053 1442 1175 1497 ἐκείνῃ
1193 1443 1350 1498 χωρίων
1368 1440 1524 1495 βάσιμα
1545 1442 1714 1492 εὐπετῶς

283 1514 366 1557 τοῖς
383 1508 556 1550 ἐπιοῦσιν
576 1506 702 1550 ἐδόκει
723 1506 818 1551 εἶναι
829 1540 842 1560 ,
875 1506 1023 1558 ταύτας
1045 1509 1093 1562 δὴ
1118 1511 1337 1562 τειχίσμασι
1356 1515 1524 1564 μακροῖς
1541 1509 1612 1558 τὰς
1630 1511 1767 1553 eia-20

284 1573 402 1624 ὁδους
428 1575 672 1630 περιβαλών,
706 1576 778 1625 τὰς
807 1577 848 1618 ἔκ
873 1580 943 1630 τῆς
973 1574 1119 1631 ἐφόδου
1151 1577 1364 1632 φροντίδας
1393 1576 1584 1618 ἀνέστειλε
1609 1578 1648 1617 Γ
1645 1574 1713 1618 ότ-

283 1645 388 1691 θοις.
455 1643 669 1695 ταῦταμὲν
689 1643 784 1698 τῇδέ
799 1660 852 1696 πη
875 1641 965 1696 ἕχει.

231 1716 264 1751 D
417 1708 546 1751 Πόλιν
565 1711 609 1751 δέ
634 1728 721 1752 τινα
739 1710 1022 1752 ἐπιθαλαττιάν
1043 1711 1192 1752 οῗκοῦσι
1214 1709 1369 1768 Θρᾷκες
1387 1708 1495 1765 παρὰ
1512 1704 1715 1764 τῆν’ἦιόνα

283 1778 357 1816 τοῦ
375 1775 558 1824 Εὐξείνου
585 1775 751 1828 πόντου,
779 1777 983 1831 Ἀγχίαλον
1008 1776 1133 1830 ὄνομα
1140 1808 1153 1828 ,
1187 1771 1310 1831 ἧσπερ
1341 1778 1381 1817 ἓν
1403 1778 1605 1835 ἐπιτηδείῳ
1628 1776 1714 1818 ἔπι-

281 1843 550 1896 μνησθειήμεν
579 1842 647 1894 ἂν,
676 1843 970 1900 περιηγούμενοι
991 1843 1041 1886 τὰ
1062 1845 1123 1884 ἐπὶ
1143 1847 1212 1897 τῆς
1235 1841 1397 1903 Θρᾴκης
1422 1845 1566 1900 χωρία.
1631 1845 1768 1886 ἕπεὶ25

375 1935 429 1970 15.
457 1931 542 1970 οὔτε
556 1956 600 1962 -
617 1931 718 1980 οὔτε]
740 1936 932 1980 Legebatur
947 1933 1036 1971 ου’δὲ
1051 1956 1095 1962 -
1111 1934 1213 1974 ου’δέ.

283 2011 370 2045 mani
395 2009 528 2046 limitem
554 2012 638 2046 sitae
664 2017 758 2054 sunt,
784 2024 878 2056 cum,
902 2014 1055 2057 inquam,
1078 2014 1192 2048 harum
1215 2013 1344 2048 urbium
1367 2024 1476 2047 muros
1497 2013 1644 2048 funditus
1663 2013 1716 2047 la-

285 2057 425 2090 bascere
452 2058 685 2100 comperisset,
708 2058 942 2102 pulcherrimos
965 2059 1042 2091 fecit
1067 2069 1107 2091 ac
1123 2058 1350 2091 validissimos.
1398 2058 1519 2091 Ibidem
1534 2058 1642 2092 Alusti
1657 2070 1716 2091 ca-

285 2101 415 2134 stellum
441 2102 586 2134 extruxit
603 2107 636 2135 et
649 2103 907 2135 Gorzubitense.
953 2103 1139 2146 Praecipue
1154 2114 1235 2136 vero
1254 2104 1368 2135 urbem
1383 2103 1567 2146 Bosporum
1591 2103 1716 2142 muniit,

286 2156 380 2188 quam
408 2145 563 2178 barbaria
582 2147 706 2189 pridem
732 2147 906 2189 infectam,
930 2151 963 2179 et
987 2147 1020 2180 in
1035 2151 1234 2190 potestatem
1249 2148 1444 2181 Hunnorum
1458 2147 1647 2188 redactam,
1673 2147 1714 2180 ad

285 2190 463 2223 Romanam
478 2190 631 2223 ditionem
648 2191 852 2225 traduxerat.
898 2191 934 2224 In
961 2192 1025 2224 illis
1051 2192 1202 2235 partibus
1220 2196 1272 2224 est
1286 2192 1400 2235 Dory,
1424 2191 1588 2225 maritima
1602 2192 1715 2236 regio:

285 2234 341 2267 ubi
357 2234 399 2266 ab
419 2234 553 2277 antiquo
574 2235 694 2268 Gotthi
711 2236 881 2278 habitant,
905 2237 960 2280 qui
978 2235 1221 2269 Theodericum
1237 2241 1405 2280 petentem
1419 2236 1546 2270 ltaliam
1561 2247 1626 2270 non
1642 2240 1717 2269 sunt

286 2278 411 2318 secuti;
437 2284 471 2312 at
488 2278 535 2311 ibi
556 2284 673 2323 sponte
697 2280 872 2322 restitere,
897 2287 931 2314 et
945 2281 1167 2314 Romanorum
1183 2282 1245 2314 hac
1268 2281 1363 2314 etiam
1380 2285 1492 2314 aetate
1513 2281 1612 2321 socii,
1635 2281 1717 2324 ipsis

285 2323 456 2356 militarem
485 2335 618 2368 operam
641 2325 676 2357 in
703 2325 966 2369 expeditionibus
991 2330 1137 2368 navant,
1161 2325 1290 2369 quando
1315 2326 1408 2358 lubet
1429 2325 1639 2369 imperatori:
1665 2330 1717 2358 ter

286 2367 374 2401 mille
397 2378 550 2410 numero,
581 2368 758 2402 bellatores
785 2369 917 2414 optimi,
948 2370 1111 2413 iidemque
1133 2370 1235 2414 gnavi
1261 2370 1446 2413 agricolae,
1476 2374 1511 2402 et
1534 2369 1717 2402 mortalium

286 2412 426 2445 omnium
450 2423 530 2456 erga
556 2413 703 2457 hospites
731 2414 962 2447 humanissimi.
1010 2415 1104 2448 Haec
1127 2419 1236 2448 autem
1259 2415 1349 2457 regio
1366 2415 1479 2457 Dory,
1503 2413 1569 2447 situ
1587 2414 1719 2458 quidem

287 2457 398 2497 edita,
423 2467 488 2489 non
513 2462 621 2490 tamen
644 2470 760 2502 aspera
776 2459 900 2492 durave
923 2462 995 2499 est3
1019 2460 1077 2492 sed
1093 2460 1199 2501 bona,
1223 2458 1419 2503 optimisque
1432 2459 1586 2500 frugibus
1602 2459 1718 2492 ferax:

288 2501 324 2534 in
339 2511 405 2545 qua
419 2512 481 2535 nec
496 2503 666 2535 castellum
682 2513 816 2546 usquam
832 2515 893 2536 nec
907 2503 1063 2547 oppidum
1080 2504 1224 2536 condidit
1240 2504 1429 2547 imperator.
1477 2503 1611 2548 Quippe
1624 2503 1720 2536 inco-

289 2547 343 2579 lae
357 2546 455 2580 muris
470 2546 576 2579 claudi
601 2558 666 2579 non
683 2548 863 2588 sustinent,
888 2548 956 2580 ruri
977 2559 1106 2592 semper
1123 2548 1273 2581 habitare
1289 2547 1470 2590 gaudentes
1492 2547 1595 2581 unice.
1642 2548 1720 2588 Qua

289 2602 371 2625 vero
387 2590 485 2624 facile
500 2602 539 2623 eo
560 2592 724 2635 penetrari
743 2603 840 2635 posse
856 2591 1042 2633 videbatur,
1067 2592 1166 2625 muris
1182 2592 1287 2634 longis
1307 2592 1421 2625 muniit
1435 2591 1557 2634 aditus,
1578 2598 1614 2626 et
1628 2592 1720 2626 Got-

290 2635 367 2670 thos
380 2636 422 2668 ab
437 2635 577 2668 hostium
593 2636 829 2679 irruptionibus
844 2647 978 2669 securos
994 2637 1172 2680 praestitit.
1219 2637 1314 2669 Haec
1335 2637 1504 2670 hactenus.

382 2680 569 2714 Anchialum
585 2680 736 2714 Thraces
762 2680 927 2722 incolunt,
953 2683 1065 2714 urbem
1081 2680 1273 2714 maritimam
1292 2682 1325 2714 in
1350 2681 1460 2714 littore
1477 2680 1570 2726 ponti
1585 2679 1716 2714 Euxini.

292 2725 384 2759 Illius
399 2725 529 2770 quidem
544 2725 664 2769 mentio
680 2736 739 2760 suo
754 2725 828 2760 loco
843 2725 1004 2760 incideret
1018 2725 1053 2761 in
1068 2726 1288 2772 descriptione
1303 2726 1489 2762 Thraciae:
1511 2725 1573 2761 sed
1587 2724 1716 2770 quando
