1754 3132
183 197 246 240 20
769 197 1032 242 PROCOPII

129 312 161 346 D
184 309 366 364 περιιδεῖν
400 307 468 361 ἐμὲ
497 308 570 361 μὲν
603 309 704 364 πρὸς
734 311 784 364 τῇ
815 312 889 361 τῆς
913 308 1039 356 οἰκίας
1066 309 1278 367 διαφθορᾷ
1303 308 1369 350 καὶ
1388 305 1607 362 χρημάτων

179 374 439 430 ἐστερημένον
470 378 631 428 πλῆθος
658 373 886 427 τοσούτων,
923 375 996 430 τὴν
1027 375 1071 416 δὲ
1098 374 1252 429 μητέρα
1278 375 1353 428 τὴν
1373 375 1448 430 σὴν
1469 372 1607 428 αἶσχος

179 441 453 495 ἀναδουμένην
484 439 589 483 οὕτω
619 442 667 495 δὴ
691 441 791 495 μέγα
817 441 920 495 πρὸς
936 440 1095 483 πάντων
1114 439 1354 496 ἀνθρώπων.
1423 442 1605 494 ἐνθυμοῦ

84 521 114 553 Α
138 521 159 555 8
182 525 224 550 τε
255 506 310 557 ὥς
340 508 382 549 αἲ
410 511 491 549 τῶν
516 511 712 562 γυναικῶν
740 505 971 563 ἆμαρτᾶδες
1001 507 1074 549 οὐκ
1105 508 1166 548 ἐπὶ
1194 507 1288 556 τούς
1311 507 1464 562 ἄνδρας
1480 509 1608 549 ἵενται

177 572 326 628 μόνον,
364 572 468 615 ἀλλὰ
500 575 565 615 καὶ
593 575 748 616 παίδων
778 573 974 616 ἅπτονται
1001 577 1176 627 μᾶλλον,
1223 572 1293 622 οῧς
1322 590 1363 628 γε
1393 575 1459 615 καὶ
1489 571 1642 623 δόξαν5

178 641 268 683 τινὰ
298 640 494 696 φέρεσθαι
524 641 568 681 ἐκ
595 644 670 682 τοῦ
699 641 759 682 ἐπὶ
783 645 975 690 πλεῖστον,
1002 637 1276 694 συμβήσεται,
1313 638 1368 689 ὥς
1395 638 1510 696 φύσει
1540 639 1610 682 τὸν

81 713 110 747 P
132 714 155 749 7
179 705 329 762 τρόπον
349 713 438 754 ταῖς
456 706 701 761 γειναμέναις
724 707 911 753 ἐοίκασιν.
980 705 1134 749 οὑτωσί
1148 723 1191 747 τε
1212 707 1366 761 λογίζου
1385 708 1472 762 περὶ
1493 707 1606 759 ἐμοῦ,

178 772 232 822 ὥς
256 772 330 827 ἐγώ
354 773 427 826 τὴν
447 779 614 827 γυναῖκα
635 773 709 827 τὴν
728 772 902 826 ἐμαυτοῦ
922 770 1025 815 πάνυ
1043 774 1116 826 μὲν
1136 776 1241 828 φιλῶ
1251 804 1266 824 ,
1303 774 1368 814 καὶ
1387 771 1437 825 ἦν
1456 789 1527 825 μοι
1548 773 1611 814 τί-

178 844 337 882 σασθαι
362 839 433 880 τὸν
461 839 690 895 διαφθορέα
720 844 792 893 τῆς
823 842 949 888 οἰκίας
975 841 1069 896 ἐξῇ,
1106 839 1222 882 οὐδὲν
1244 838 1371 893 αὐτὴν
1392 836 1611 893 ἐργάσομαι

176 910 348 961 φαῦλον,
385 903 590 959 περιόντος
607 907 651 948 δὲ
670 907 890 949 Θεοδοσίου
911 904 1039 964 ταύτῃ
1057 906 1103 948 τὸ
1125 905 1299 961 ἔγκλημα
1315 906 1518 961 ἐπιχωρεῖν
1538 904 1610 947 οὔκ
1623 915 1666 950 10

173 973 223 1016 ἂν
245 972 489 1026 δυναίμην.“

311 1043 456 1080 Ταῦτα
498 1035 676 1088 ἀκούσας
707 1036 727 1080 ὃ
765 1035 924 1087 Φώτιος
956 1035 1218 1094 ὑπηρετήσειν
1247 1037 1321 1091 μὲν
1348 1035 1542 1093 ὦμολόγει
1571 1037 1612 1087 ἐς

177 1103 337 1148 ἅπαντα
347 1137 361 1157 ,
398 1104 567 1147 δεδιέναι
593 1106 638 1147 δὲ
655 1103 712 1158 μή
734 1122 771 1147 τι
791 1103 910 1157 λάβοι
931 1106 1091 1147 ἐνθένδε
1109 1104 1253 1156 κακὸν,
1287 1104 1335 1146 τὸ
1357 1109 1526 1160 θαρσεῖν
1546 1105 1612 1147 ἐπὶ

177 1176 235 1229 τῷ
262 1172 443 1228 ἀβεβαίῳ
475 1175 550 1224 τῆς
581 1172 822 1226 Βελισαρίου
852 1169 1013 1226 γνώμης
1044 1169 1097 1213 τά
1123 1188 1164 1226 γε
1194 1172 1235 1219 ἐς
1262 1170 1335 1225 τὴν
1364 1178 1532 1226 γυναῖκα
1561 1170 1610 1213 οὗ

176 1236 338 1294 σφόδρα
356 1237 455 1290 ἔχων
467 1250 478 1261 ·
514 1237 618 1278 ἄλλα
634 1254 676 1278 τε
694 1237 770 1292 γὰρ
793 1237 917 1278 αὐτὸν
937 1238 1066 1280 πολλὰ
1086 1239 1152 1279 καὶ
1174 1237 1218 1279 τὸ
1230 1239 1491 1295 Μακεδονίας
1511 1241 1610 1280 δυσ·
1623 1247 1665 1282 15

177 1311 294 1346 ωπεῖν
315 1301 468 1352 πάθος.
538 1303 600 1345 διὸ
623 1303 673 1357 δὴ
696 1303 819 1359 ἄμφω
842 1302 1024 1353 ἅπαντας
1052 1301 1240 1358 ἀλλήλοις
1273 1301 1490 1359 ὠμοσᾶτην
1524 1303 1613 1347 ὅσοι

175 1371 225 1425 δὴ
245 1372 286 1413 ἐν
303 1374 569 1426 Χριστιανοΐς
597 1367 817 1412 δεινότατοι
838 1368 950 1425 ὅρκοι
969 1372 1047 1413 εἶσί
1061 1387 1103 1413 τε
1121 1373 1187 1413 καὶ
1210 1367 1493 1424 ὀνομάζονται,
1527 1369 1610 1425 μή-

173 1454 270 1480 ποτε
300 1434 486 1490 ἀλλήλων
517 1434 876 1492 καταπροὴσεσθαι
899 1435 991 1491 ἄχρι
1013 1442 1092 1479 τῶν
1113 1438 1155 1486 ἐς
1175 1437 1244 1479 τὸν
1268 1436 1442 1491 ὄλεθρον
1463 1436 1610 1493 φερόν-

123 1510 152 1544 Β
175 1522 255 1546 των
290 1501 495 1546 κινδύνων.
567 1503 607 1545 ἐν
635 1503 709 1556 μὲν
741 1499 812 1545 οὖν
838 1507 896 1560 τῷ
917 1502 1085 1558 παρόντι
1104 1508 1162 1561 τῷ
1182 1503 1282 1562 ἔργῳ
1302 1505 1483 1558 ἐγχειρεῖν
1500 1504 1609 1553 ἔδοξε

175 1572 314 1627 σφίσιν
337 1567 575 1625 ἀξύμφορον
597 1568 708 1622 εἶναι,
731 1568 900 1624 ὁπηνίκα
917 1571 962 1612 δὲ
973 1570 1187 1613 Ἀντωνίνα
1207 1571 1250 1612 ἐκ
1266 1572 1491 1621 Βυζαντίου
1512 1571 1666 1626 &cpi-20

263 1689 299 1723 2.
342 1685 487 1729 πλῆθος
530 1685 737 1730 τοσούτων]
784 1687 964 1722 τοσοῦτον
1007 1687 1153 1730 πλῆθος
1197 1686 1321 1721 Suidas
1367 1698 1396 1721 s.
1441 1699 1474 1723 v.
1521 1686 1609 1732 ὥρα.

265 1733 298 1766 3.
323 1729 602 1777 α’ναδουμένην]
627 1729 883 1785 &vadona-inme
908 1733 1012 1766 Alem.
1050 1732 1144 1766 Citat
1165 1731 1200 1764 h.
1223 1732 1246 1764 Ι.
1267 1731 1391 1766 Suidas
1414 1743 1442 1766 s.
1465 1745 1496 1767 v.
1522 1731 1610 1767 ἀνα·

264 1775 455 1820 ὃοῦμενος.
614 1775 647 1812 4.
685 1777 725 1811 αὶ
753 1789 827 1811 των
855 1778 1037 1822 γυναικῶν
1065 1795 1111 1802 -
1144 1775 1324 1820 ἐοίκασιν]
1358 1777 1480 1812 Suidas
1513 1789 1541 1811 s.
1575 1790 1607 1812 v.

263 1818 484 1864 ἆμαρτάδες.
639 1822 724 1858 ibid.
759 1822 895 1866 ἵενται]
921 1823 1031 1866 Vulgo
1055 1821 1179 1856 ἵενται.
1336 1823 1371 1857 9.
1406 1822 1469 1868 ἐξῇ
1490 1822 1608 1858 Reisk.

264 1867 377 1910 Vulgo
396 1865 494 1909 ἐξῆν.
630 1867 684 1902 16.
718 1862 913 1912 ω’μοσάτην
934 1886 977 1894 ·—
1003 1865 1211 1912 φερόντων]
1246 1865 1370 1901 Suidas
1392 1877 1421 1903 s.
1443 1878 1477 1901 v.
1499 1879 1609 1903 κατα-

262 1910 501 1956 προήσεσθαι.

174 2021 249 2044 rum
264 2010 496 2043 declaratione
511 2010 626 2043 metiri
642 2010 792 2043 homines
809 2012 962 2043 mutuam
980 2010 1240 2045 benevolentiam
1256 2010 1371 2045 solent.
1416 2010 1512 2044 Haec
1526 2022 1610 2056 ergo

175 2060 238 2089 tua
264 2059 316 2088 est
342 2055 492 2095 occasio,
515 2055 546 2087 si
577 2058 609 2087 et
635 2057 688 2088 nie
715 2055 848 2099 quidem
866 2066 933 2087 non
951 2056 1089 2098 abiicis,
1112 2056 1262 2089 omnibus
1271 2055 1423 2098 fortunis
1440 2056 1610 2100 adipsum

176 2100 280 2133 etiam
294 2100 458 2142 familiae
482 2100 683 2132 eversionem
699 2100 971 2143 periclitantem5
994 2105 1027 2133 et
1039 2105 1214 2144 parentem
1228 2104 1324 2133 tuam
1340 2101 1378 2134 in
1396 2104 1532 2134 tantum
1549 2102 1610 2134 de—

175 2145 275 2177 decus
293 2145 386 2186 apud
401 2156 511 2177 omnes
530 2145 688 2177 mortales
703 2145 939 2177 incurrentem.
985 2146 1078 2178 Illud
1096 2146 1189 2189 apud
1202 2146 1352 2178 animum
1365 2150 1459 2178 tuum
1475 2150 1607 2188 reputa,

170 2189 382 2232 feminarum
395 2189 547 2232 flagitia
574 2200 641 2221 non
664 2190 770 2232 solum
789 2189 826 2221 in
842 2189 1000 2233 coniuges
1022 2191 1173 2223 derivari
1184 2202 1197 2230 ‚·
1228 2191 1285 2223 sed
1302 2191 1349 2223 ad
1364 2190 1483 2223 liberos
1501 2191 1610 2224 multo

176 2234 291 2278 magis
305 2234 513 2277 pertingere,
536 2244 616 2276 quos
633 2239 752 2267 notam
769 2234 950 2266 diuturnae
963 2235 1182 2279 turpitudinis
1195 2237 1292 2277 serre
1310 2235 1490 2278 contingit,
1512 2235 1612 2278 quasi

176 2283 366 2311 maternam
397 2279 505 2311 labem
534 2283 664 2311 natura
691 2281 853 2320 referant.
899 2280 950 2312 De
977 2291 1030 2313 me
1056 2291 1136 2313 vero
1161 2280 1208 2312 sic
1236 2279 1376 2320 habeto,
1404 2281 1611 2313 Antoninum

176 2335 311 2356 uxorem
336 2334 360 2355 a
385 2334 438 2356 me
462 2323 648 2366 plurimum
671 2323 796 2366 diligi,
820 2335 922 2366 quam
947 2325 1041 2358 nullo
1067 2324 1237 2369 effecerim
1261 2325 1372 2365 malo,
1394 2325 1490 2357 modo
1515 2335 1611 2358 meae

178 2368 296 2400 domus
320 2372 447 2411 pestem
471 2367 590 2400 ulcisci
620 2367 741 2402 liceat.-
777 2372 816 2401 at
844 2380 924 2403 vero
955 2369 1138 2404 Theodosio
1159 2369 1355 2412 superstite,
1386 2369 1511 2403 crimen
1531 2369 1611 2403 huie

178 2412 271 2446 haud
287 2413 410 2455 possim
429 2413 628 2445 condonare.

268 2457 366 2490 Haec
389 2456 528 2489 Photius
551 2468 624 2490 cum
651 2455 810 2496 audisset,
831 2467 926 2491 suam
949 2457 984 2491 in
1006 2458 1158 2492 omnibus
1180 2468 1316 2501 operam
1337 2457 1492 2503 spondet.
1537 2457 1608 2491 Ve-

181 2511 252 2534 rum
276 2501 342 2534 sibi
364 2501 482 2534 malum
504 2500 618 2541 timet,
644 2501 674 2533 si
695 2501 764 2534 levi
787 2506 821 2534 et
844 2501 1046 2536 inconstanti
1069 2502 1226 2537 Belisurii
1248 2502 1357 2536 animo
1379 2501 1482 2543 fidat,
1505 2513 1608 2546 prue-

181 2545 297 2579 sertim
328 2545 459 2579 infensa
489 2544 554 2578 sibi
584 2544 772 2585 Antoninn3
802 2546 877 2580 aliis
907 2547 993 2580 enim
1027 2547 1201 2591 permultis
1225 2546 1480 2587 deterrebatur,
1514 2546 1608 2581 etin

183 2590 297 2633 primis
326 2589 547 2623 Macedoniae
580 2590 722 2623 famulae
751 2601 842 2623 casu.
889 2591 1004 2630 Quare
1026 2602 1151 2625 summa
1173 2601 1261 2634 quae
1284 2591 1372 2635 apud
1396 2591 1607 2625 Christianos

181 2638 255 2674 est,
289 2637 324 2668 et
356 2635 498 2668 habetur
516 2633 706 2668 iuramenti
731 2634 894 2678 religione
915 2640 1029 2670 mutuo
1053 2635 1118 2670 sibi
1140 2634 1281 2679 polliciti
1301 2639 1401 2675 sunt,
1435 2646 1606 2681 nunquam

181 2690 220 2712 se
243 2679 434 2712 deserturos
457 2677 617 2718 invicem,
646 2677 776 2712 etiamsi
799 2680 892 2712 vitae
915 2691 1101 2724 supremum
1123 2679 1298 2714 discrimen
1324 2680 1531 2714 subeundum
1550 2681 1606 2714 fo-

184 2728 247 2756 ret.
296 2723 412 2757 Visum
435 2726 487 2756 est
509 2725 630 2764 tamen,
653 2723 690 2756 id
712 2734 749 2756 se
771 2727 840 2757 tum
861 2725 1001 2768 aggredi
1022 2725 1109 2759 citra
1132 2724 1312 2768 periculum
1335 2725 1464 2759 minime
1511 2735 1602 2759 osse:

183 2769 404 2802 cunctandum
430 2777 512 2803 vero
535 2767 580 2801 ad
603 2767 790 2802 Antoninae
813 2779 920 2813 usque
941 2769 1107 2813 Byzantio
1130 2769 1331 2811 discessum,
1366 2774 1403 2804 et
1432 2770 1486 2815 ΕΡ
1511 2781 1604 2804 esum
