1754 3132
186 163 245 207 12
773 169 1034 212 PROCOPII

130 280 162 313 D
186 276 251 317 καὶ
268 275 340 329 τὴν
359 277 460 319 τίσιν
484 277 632 326 αὐτοὺς
654 282 734 320 τῶν
753 278 1094 334 ἁμαρτανομένων
1119 284 1341 336 περιελθεῖν
1361 280 1433 324 οὐκ
1451 281 1618 340 ἀπεικὸς.

179 342 238 396 εἴη
250 375 264 395 ,
297 341 393 399 ὅπερ
416 346 482 386 καὶ
499 347 632 387 τοῖσδε
651 352 735 394 τοῖς
758 345 992 402 ἀνθρώποις
1020 346 1241 402 ξυνηνέχθη
1270 352 1440 390 παθεῖν·
1475 348 1608 392 ἔπειτα

180 410 225 451 δὲ
253 412 319 451 καὶ
349 409 595 467 ἀνάγραπτοι
624 412 761 454 αὐτῶν
786 414 829 454 αἳ
858 412 1019 469 πράξεις
1047 415 1111 455 καὶ
1131 414 1170 455 οἳ
1187 412 1328 468 τρόποι
1350 416 1390 464 ἐς
1413 415 1474 458 ἀεὶ
1493 415 1607 458 ἴσον·

179 493 268 528 ται,
300 476 374 518 ἀπ’
399 478 523 519 αὐτοῦ
543 495 583 520 τε
604 478 701 527 ἴσως
723 478 982 536 ὀκνηρότερον
1011 479 1379 535 παρανομήσουσιν.
1447 483 1507 531 τίς
1529 482 1606 538 γὰρ

179 542 228 584 ἂν
259 544 327 586 τὸν
355 543 625 600 Σεμιράμιδος
655 543 880 589 ἀκόλαστον
910 549 999 600 βίον
1029 547 1052 600 ἢ
1079 547 1151 600 τὴν
1171 546 1521 602 Σαρδαναπάλλου
1541 550 1638 591 καὶὸ

179 610 368 665 Νέρωνος
398 613 546 663 μανίαν
578 617 658 654 τῶν
690 614 968 668 ἐπιγενομένων
989 613 1220 670 ἀνθρώπων
1244 614 1365 667 ἔγνω,
1395 615 1427 657 εἷ
1446 615 1503 668 μὴ
1524 622 1607 664 τοῖς

176 675 268 719 τότε
298 677 514 734 γεγραφόσι
537 678 587 720 τοὶ
608 687 781 733 μνημεῖα
801 681 918 723 ταῦτ’
945 681 1164 734 ἓλέλειπτος
1202 680 1334 730 ἄλλως
1359 698 1401 723 τε
1430 683 1496 723 καὶ
1523 689 1607 731 τοῖς

176 744 228 784 τὰ
257 743 378 795 ὅμοια
407 745 674 798 πεισομένοις,
704 746 753 788 ἂν
784 747 890 790 οὕτω
917 746 1055 802 τύχοι,
1086 747 1187 804 πρὸς
1207 752 1286 790 τῶν
1306 746 1511 802 τυράννων
1534 748 1606 791 οὐκ

175 809 347 865 ἀκερδὴς
376 810 477 865 αὕτη
510 811 764 855 παντάπασιν
794 812 818 867 ἦ
849 815 947 867 ἀκοὴ
976 814 1098 856 ἕσται.
1167 818 1504 870 παραμυθεῖσθαι
1529 815 1605 870 γὰρ

174 877 213 918 οἶ
239 880 528 932 δυστυχοῦντες
555 877 725 922 εἰώθασι
757 886 813 938 τῷ
836 882 894 934 μὴ
919 879 1059 934 μόνοις
1089 882 1203 936 σφίσι
1234 881 1285 922 τὰ
1320 881 1427 923 δεινὰ
1455 883 1602 935 ξυμπε-
1617 893 1659 925 10

174 950 268 988 σεῖν.
337 943 402 987 διά
424 963 483 987 τοι
506 950 637 988 ταῦτα
664 952 806 1002 πρῶτα
823 949 895 1000 μὲν
916 947 993 990 ὅσα
1012 949 1236 1005 Βελισαρίῳ
1257 947 1452 1003 μοχθηρὰ
1471 948 1604 1004 εἶ’ργα-

173 1027 266 1052 σται
285 1012 386 1065 ἐρῶν
404 1012 590 1068 ἔρχομαι·
616 1012 785 1068 ὕστερον
804 1016 848 1056 δὲ
866 1017 930 1056 καὶ
949 1014 1024 1057 ὅσα
1038 1015 1305 1073 Ἰουστινιανῷ
1323 1017 1388 1056 καὶ
1408 1012 1603 1075 Θεοδῶρᾳ

171 1079 367 1134 μοχθηρὰ
388 1079 590 1134 εἴργασται
610 1081 686 1135 ἐγώ
709 1079 892 1135 δηλώσω.

331 1188 342 1204 Ι

75 1204 104 1236 Ρ
128 1206 150 1240 3
304 1208 356 1232 α.
417 1185 497 1231 ἾΙν
529 1195 587 1247 τῷ
620 1194 844 1249 Βελισαρίῳ
875 1192 995 1247 γυνὴ,
1032 1187 1082 1244 ἧς
1111 1193 1160 1246 δὴ
1189 1193 1230 1233 ἐν
1259 1199 1344 1241 τοῖς
1369 1191 1600 1246 ἔμπροσθεν

170 1253 299 1310 λόγοις
329 1255 565 1310 ἐμνήσθην,
603 1255 770 1299 πάππου
797 1259 870 1311 μὲν
903 1260 968 1299 καὶ
993 1259 1147 1311 πατρὸς
1164 1257 1358 1311 ἡνιόχων,
1389 1258 1430 1300 ἲν
1451 1276 1494 1300 τε
1513 1262 1600 1302 Βυ-
1613 1270 1654 1304 15

167 1323 309 1381 ζαντίῳ
341 1325 405 1364 καὶ
443 1325 719 1381 Θεσσαλονίκῃ
751 1325 797 1367 τὸ
825 1325 938 1381 ἔργον
970 1330 1091 1367 τοῦτο
1118 1325 1422 1379 ἐνδειξαμένων,
1447 1327 1602 1383 μητρὸς

254 1456 288 1488 1.
319 1449 456 1492 αὐτοὺς
486 1454 560 1488 τῶν
592 1454 696 1488 Alem.
744 1450 869 1487 αὐτῶν
897 1453 937 1487 Α.
984 1465 1058 1487 των
1088 1453 1127 1488 Ρ.
1274 1455 1309 1488 5.
1339 1454 1407 1489 τὸν
1437 1458 1526 1499 Σεμ.
1556 1458 1597 1490 Α.

250 1495 316 1532 τὸν
349 1510 413 1531 om.
441 1498 482 1533 P.
627 1499 711 1532 ibid.
748 1496 1086 1554 Σαρδαναπάλλου]
1135 1498 1245 1541 Vulgo
1285 1500 1596 1543 Σαρδαναπάλου.

253 1545 287 1577 6.
323 1541 531 1586 ἄνθρωπων
565 1543 678 1587 ἔγνω,
712 1544 745 1577 εἰ
775 1542 851 1587 μὴ]
890 1542 1101 1586 ἀνθρώπων
1125 1543 1144 1563 *
1165 1543 1215 1587 μή
1249 1544 1286 1576 A.
1467 1547 1501 1580 7
1535 1547 1597 1582 καὶ

248 1590 327 1627 τοῖς
354 1607 400 1612 --
430 1588 678 1632 πεισομένοις]
711 1588 823 1623 καὶ*
855 1587 979 1631 μένοις
1010 1591 1049 1622 Α.
1199 1589 1281 1621 ibid.
1312 1590 1403 1624 ταῦτ
1408 1587 1444 1634 ’]
1476 1593 1594 1626 ταῦτα

249 1645 367 1686 apogr.
392 1634 503 1667 Holst.
639 1636 674 1669 9.
696 1632 927 1668 παντάπασιν
949 1653 993 1658 —
1016 1631 1138 1678 λόγοις
1160 1633 1299 1678 ἐρρήθη
1322 1635 1460 1678 (p.13‚
1487 1638 1539 1672 15.
1549 1638 1592 1694 )]

246 1677 367 1712 πάντα
400 1678 753 1742 *παραμυθεῖσθαι*
783 1679 853 1722 γάρ
887 1679 922 1713 οἱ
958 1680 1218 1735 δυστυχοῦντες
1251 1677 1428 1722 εἰώθασι,
1461 1682 1512 1727 τῷ
1543 1694 1593 1727 μη

247 1722 419 1778 μόνοις*
444 1729 527 1758 τείν.
577 1725 702 1783 διάτοΓι
721 1726 836 1758 ταῦτα
862 1724 988 1767 πρῶτα
1010 1737 1076 1767 μεν
1106 1722 1175 1759 ὅσα
1209 1726 1418 1776 βελισσαριῳ
1451 1729 1594 1782 μοχθη-

246 1768 294 1812 ρὰ
317 1769 336 1788 *
359 1766 511 1813 ’ὕστερον
535 1768 574 1804 δε
598 1770 657 1804 και
683 1766 750 1805 όσα
775 1771 1006 1814 ἰουστινιανῷ
1030 1771 1092 1804 καὶ
1114 1769 1291 1814 θεοθωρᾳ
1319 1760 1489 1826 μοχθηιρα
1521 1773 1592 1815 εἴρ-

246 1827 393 1858 γασται,
429 1814 494 1858 ἐγώ
521 1813 539 1833 *
564 1815 609 1860 δὴ
634 1813 671 1850 ἐν
696 1819 773 1854 τοῖς
797 1814 1000 1857 εμπροσθεν
1023 1814 1160 1858 λόγοις,
1185 1806 1372 1870 ἐμνήσθην
1393 1818 1548 1852 πάππου
1573 1817 1591 1836 *

246 1860 372 1915 λονικη
403 1859 444 1894 τὸ
475 1859 579 1903 ἔργον
610 1862 718 1895 τοῦτο
750 1860 1020 1916 ἐνδειξαμένων.
1065 1861 1085 1880 *
1116 1873 1160 1904 τη
1191 1874 1236 1894 τα
1267 1861 1427 1904 πρότερα
1457 1863 1592 1905 μᾶλλον

245 1904 329 1939 τινοὲ
370 1904 534 1958 βιωσασα
571 1906 590 1924 ’¹‘
629 1919 709 1946 νοις
752 1905 869 1940 πολλοὶ
900 1903 1102 1949 ωμιληκυῖα
1129 1906 1240 1940 καὶ*
1271 1909 1398 1987 σαρίφέ
1414 1907 1504 1965 γυνή
1537 1907 1592 1952 γε’-

243 1963 336 1994 γ.ονε
382 1948 501 1995 μήτηρ
532 1949 604 1994 ἤδη
635 1951 654 1970 *
676 1951 695 1970 *
725 1949 832 1986 εἶναι.
878 1950 1138 1996 ξυγκαλύπτειν
1169 1950 1226 1970 **
1253 1951 1356 1996 λόγος
1382 1950 1523 1998 ἕῤῥήθη
1550 1957 1589 1987 A

244 1998 298 2031 12.
321 1995 414 2039 ἐρωι
439 2007 559 2041 apogr.
582 1997 695 2031 Holst.
738 1995 832 2040 ἐρεῖν
855 1997 893 2030 Ρ.

154 2107 267 2146 duxit,
299 2107 389 2151 quod
423 2108 480 2151 qui
512 2107 721 2151 tyrannidem
750 2108 783 2140 in
809 2110 979 2152 posterum
1003 2107 1226 2147 exercebunt,
1259 2107 1361 2140 facile
1383 2107 1448 2141 sibi
1471 2108 1586 2143 horum

152 2153 315 2186 hominum
341 2153 493 2195 exemplo
518 2153 724 2196 persuadere
747 2158 928 2195 poterunt,
964 2163 1051 2196 quae
1082 2152 1174 2196 ipsos
1205 2151 1303 2184 etiam
1335 2153 1586 2188 malefactorum

151 2202 285 2230 maneat
309 2198 565 2230 animadversio.
594 2198 724 2230 Deinde
749 2198 893 2231 fortasse
917 2197 1019 2230 veriti
1043 2209 1084 2230 ne
1107 2197 1177 2229 vita
1201 2208 1373 2240 molesque
1397 2200 1450 2231 sui
1474 2204 1586 2232 aeter-

114 2267 116 2270 >
149 2254 212 2275 uae
237 2247 444 2286 posterorum
469 2242 644 2275 memoriae
666 2242 864 2282 tradantur,
894 2242 982 2275 haud
1007 2242 1054 2274 ita
1078 2242 1121 2274 ad
1147 2242 1350 2285 peccandum
1379 2243 1586 2287 praecipites

148 2293 257 2321 erunt.
308 2287 443 2325 Quotus
476 2289 560 2320 enim
594 2288 735 2331 quisque
767 2288 950 2328 hominum,
982 2287 1042 2330 qui
1066 2287 1188 2321 deinde
1212 2287 1388 2326 vixerunt,
1418 2289 1583 2331 perditam

149 2332 376 2365 Semiramidis
402 2333 525 2372 vitam,
557 2334 612 2365 vel
635 2332 859 2376 Sardanapali
883 2338 944 2365 aut
966 2332 1113 2364 Neronis
1135 2332 1334 2364 dementiam
1357 2337 1488 2372 nosset,
1521 2332 1583 2366 nisi

149 2378 233 2410 haec
268 2377 418 2410 historiis
450 2378 676 2410 commendata
708 2377 878 2410 fuissent?
925 2376 963 2409 In
988 2376 1119 2420 primis,
1150 2377 1179 2409 si
1208 2377 1266 2420 qui
1290 2377 1377 2409 forte
1399 2377 1464 2416 iis,
1496 2389 1582 2421 quae

148 2421 203 2454 hic
227 2428 421 2462 narrantur,
450 2422 568 2454 similia
593 2434 613 2455 a
637 2422 788 2465 tyrannis
813 2422 887 2454 olim
913 2422 1103 2464 patientur,
1132 2421 1197 2453 illis
1220 2432 1284 2453 non
1309 2421 1439 2454 ommno
1462 2422 1580 2455 inutile

148 2467 214 2500 erit
235 2466 301 2499 ista.
323 2467 450 2499 audire.
499 2467 617 2500 Solent
640 2467 724 2499 enim
748 2466 859 2500 miseri
883 2478 923 2498 eo
946 2478 983 2499 se
1007 2465 1191 2505 consolari,
1215 2465 1302 2509 quod
1326 2477 1390 2498 non
1413 2467 1475 2499 soli
1499 2467 1579 2507 sint,

147 2512 267 2556 quibus
291 2511 474 2544 acciderint
499 2511 716 2545 calamitates.
763 2512 988 2551 Quamobrem
1022 2511 1126 2555 primo
1150 2510 1281 2552 quidem
1304 2522 1392 2553 quae
1414 2511 1577 2545 Belisario

146 2557 317 2600 flagitiose
339 2557 533 2596 commissa,
560 2556 682 2590 deinde
706 2568 793 2600 quae
817 2556 1020 2589 Iustinianus
1044 2567 1083 2589 ac
1107 2555 1288 2588 Theodora
1309 2555 1475 2590 scelerate
1498 2567 1576 2600 ges-

143 2606 280 2642 serunt,
303 2612 366 2645 ego
389 2602 543 2635 narrabo.

237 2674 265 2705 1.
313 2667 471 2702 Belisarii
500 2668 643 2708 coniux,
676 2668 718 2700 de
747 2679 812 2712 qua
846 2667 913 2701 feci
935 2667 968 2700 iu
993 2665 1222 2711 superioribus
1245 2666 1342 2700 libris
1366 2667 1573 2708 mentionem,

145 2726 240 2747 avum
266 2714 400 2758 quidem
425 2719 461 2747 et
483 2718 611 2758 patrem
636 2713 773 2756 aurigas
797 2712 930 2753 habuit,
966 2713 1050 2744 hanc
1079 2717 1184 2745 artem
1207 2711 1366 2755 Byzantii
1397 2723 1438 2745 ac
1461 2712 1574 2746 Thes-

143 2759 309 2794 salonicae
341 2759 704 2805 profess03,mat1em
739 2769 818 2791 vero
850 2769 889 2791 ex
923 2768 1033 2791 earum
1068 2767 1220 2797 numero,
1259 2756 1404 2800 quaein
1425 2757 1572 2802 thymele
