1858 3126
311 482 618 572 ΠΡΟΚ
637 476 988 551 011101·
1051 476 1735 550 ΚΑΙΣΑΡΕΩΣ

570 611 736 651 ΠΕΡΙ
769 607 912 650 ΤΩΝ
946 607 1086 646 TOY
1120 592 1488 648 ΛΕΣΠΟΤΟῩ

445 701 1063 760 ΙΟΥΣΤΙΝΙΑΝΟΥ
1110 697 1605 757 ΚΤΙΣΜΑΤῼΝ

821 815 861 858 Λ
883 814 920 857 ο
939 814 984 857 Γ
1000 813 1038 855 0
1057 812 1102 855 Σ
1154 807 1232 855 Λ’.

492 940 896 1010 PROCOPII
952 937 1598 1010 CAESAROENSIS

315 1064 415 1112 DE
467 1063 984 1113 AEDIFICIIS
1043 1061 1802 1110 DN.1USTINIAN1.

874 1178 1076 1220 LIBER
1119 1177 1198 1219 IV.

205 1442 232 1474 P
257 1442 299 1476 65
325 1405 538 1487 Πέλαγος
563 1432 664 1487 μέγα
680 1433 742 1485 νηὶ
763 1433 995 1474 διαπλεῦσαι
1016 1425 1277 1487 ἀπαρασκεῦῳ
1295 1425 1504 1484 μοχθηρόν
1520 1445 1562 1471 τε
1577 1425 1747 1483 ἡγοῦμαι

186 1498 215 1531 V
233 1499 301 1534 437
323 1497 419 1540 εἶναι
439 1502 503 1541 καὶ
525 1498 713 1541 κινδύνων
734 1498 914 1554 μεγάλων
932 1498 1101 1551 ἀτεχνῶς
1123 1498 1309 1551 ἔμπλεων.
1375 1495 1495 1538 ταύτὸ
1518 1496 1564 1537 δέ
1578 1495 1658 1537 ἔστι
1675 1494 1749 1543 τὰς

315 1565 593 1608 Ἰουστινιανοῦ
617 1567 813 1619 βασιλέως
841 1567 1066 1618 οἰκοδομίας
1089 1563 1192 1621 λόγῳ
1221 1562 1457 1618 φαυλοτάτῳ
1481 1561 1748 1618 διαμετρήσα-

321 1637 436 1674 σθαι.
501 1638 636 1686 ψυχῆς
662 1633 739 1690 γὰρ
766 1633 924 1688 μεγέθει
951 1632 971 1674 ὃ
993 1631 1179 1685 βασιλεὺς
1197 1625 1312 1679 οὗτος
1333 1628 1384 1671 τά
1403 1646 1442 1670 τε
1460 1628 1582 1680 ἄλλα,
1617 1627 1671 1677 ὥς
1693 1629 1746 1669 εἲ-

203 1706 233 1740 Ρ
257 1706 301 1741 66
323 1706 421 1750 πεῖν,
456 1699 612 1741 ἅπαντα
635 1702 699 1741 καὶ
722 1700 772 1740 τὰ
795 1701 835 1749 ἐς
854 1701 926 1748 τὰς
947 1699 1174 1751 οἰκοδομίας
1193 1697 1305 1738 οὐδέν
1322 1714 1360 1738 τι
1379 1690 1501 1750 ἧσσον
1521 1694 1638 1750 λόγου
1658 1697 1780 1737 δια-5

322 1767 542 1821 πέπρακται
570 1769 748 1821 κρείσσω.
816 1768 856 1806 ἓν
883 1767 926 1806 δὲ
951 1766 998 1818 δὴ
1020 1770 1068 1820 τῇ
1087 1762 1259 1819 Εὐρώπῃ
1278 1765 1344 1804 καὶ
1362 1764 1434 1816 τὴν
1451 1762 1666 1819 ὑπουργίαν
1686 1762 1750 1802 ἓν-

323 1832 585 1887 αρμόσασθαι
607 1838 662 1889 τῷ
681 1837 750 1885 τῆς
769 1833 905 1887 χρείας
932 1831 1124 1884 ἀξιώματι
1153 1830 1220 1872 διὰ
1245 1832 1419 1883 σπουδῆς
1440 1829 1538 1883 ἔχων
1559 1829 1653 1886 ἔργα
1679 1828 1750 1869 οὐκ

324 1897 536 1954 εὗδιήγητα
566 1899 656 1940 οὐδὲ
687 1901 743 1948 εἷς
766 1899 1002 1955 συγγραφὴν
1028 1896 1306 1951 διαπεπόνηται
1330 1894 1532 1952 πρόχειρα.
1596 1895 1751 1951 γεγένη-

323 1982 390 2007 ται
419 1965 496 2020 γὰρ
520 1966 686 2015 ἐπαξίως
709 1970 767 2022 τῷ
792 1983 832 2007 τε
859 1964 1106 2020 γειτονήματι
1133 1967 1314 2017 ποταμοῦ
1333 1963 1488 2018 Ἴστρου
1521 1963 1587 2004 καὶ
1612 1966 1660 2018 τῇ
1690 1962 1752 2002 ἓν-

325 2032 443 2073 θὲνδε
470 2032 536 2072 διὰ
562 2033 654 2081 τοὺς
681 2033 920 2086 ἐγκειμένους
947 2036 995 2086 τῇ
1019 2030 1134 2088 χώρᾳ
1163 2028 1394 2085 βαρβάρους
1423 2027 1586 2084 ἀνάγκῃ.
1653 2028 1749 2080 ἔθνη
1763 2036 1806 2070 10

325 2098 402 2153 γὰρ
426 2098 527 2153 αὐτῇ
547 2103 791 2152 γειτονοῦντα
811 2096 1118 2152 διακεκλήρωται
1141 2095 1311 2138 Οὗννικά
1328 2113 1369 2138 τε
1386 2097 1450 2136 καὶ
1467 2097 1506 2135 Γ
1503 2095 1658 2146 οτθικὰ,
1686 2096 1751 2135 καὶ

326 2165 378 2207 τὰ
402 2165 442 2205 ἓν
470 2163 644 2221 Ταύροις
671 2167 736 2206 καὶ
760 2164 809 2207 τὰ
834 2165 875 2206 ἐν
900 2162 1079 2214 Σκύθαις
1105 2163 1301 2220 ἀπαίρει,
1334 2164 1399 2204 καὶ
1425 2161 1500 2204 ὅσα
1529 2163 1752 2215 Σκλαβηνοὶ

330 2333 478 2403 Grave
504 2369 538 2400 et
563 2365 687 2411 magnis
703 2366 834 2412 plenum
849 2375 960 2401 ausum
974 2365 1128 2411 periculis
1141 2365 1273 2401 videtur
1286 2365 1362 2401 mihi
1380 2366 1509 2400 vastum
1523 2362 1678 2398 traiicere
1693 2374 1755 2407 pe-

328 2411 424 2454 lagus
445 2418 614 2445 exarmato
637 2414 778 2456 navigio.
825 2413 914 2446 Idem
930 2424 1011 2446 vero
1037 2417 1088 2445 est
1108 2412 1277 2445 Iustiniani
1292 2413 1380 2454 Aug.
1397 2409 1547 2444 aedificia
1568 2407 1658 2442 tenui
1679 2419 1756 2441 ora-

330 2456 422 2489 tione
437 2467 643 2500 percurrere.
687 2458 774 2490 Nam
789 2457 845 2490 ille
860 2458 961 2499 haec,
986 2467 1091 2500 aeque
1106 2460 1142 2490 ut
1157 2461 1309 2499 caetera,
1333 2465 1555 2499 quaecumque
1579 2463 1756 2496 aggressus

332 2506 403 2542 est,
427 2511 527 2545 supra
551 2501 708 2534 historiae
733 2502 923 2534 facultatem
949 2502 1069 2534 extulit
1095 2501 1191 2534 animi
1218 2499 1447 2544 magnitudine.
1499 2497 1696 2532 Praesertim
1721 2497 1756 2530 in

329 2544 487 2589 Europa,
511 2556 583 2578 cum
605 2546 755 2579 studeret
770 2557 866 2589 opem
887 2556 1030 2589 aequare
1047 2546 1254 2586 necessitati,
1277 2557 1296 2578 o
1324 2555 1380 2577 era
1396 2543 1494 2584 fecit,
1515 2543 1549 2576 in
1564 2541 1681 2586 quibus
1695 2541 1755 2574 de-

330 2589 511 2624 scribendis
526 2595 560 2623 et
574 2590 685 2634 lingua
699 2595 733 2623 et
748 2590 852 2633 stylus
868 2590 1080 2623 vehementer
1094 2591 1256 2623 laborent.
1337 2588 1461 2622 imirum
1477 2587 1557 2620 talia
1570 2591 1657 2626 sunt,
1672 2597 1754 2630 qua-

331 2633 374 2666 lia
389 2635 533 2678 postulat
548 2634 688 2668 fluminis
702 2635 779 2668 Istri
794 2634 966 2674 vicinitas,
990 2638 1026 2667 et
1047 2645 1250 2678 consequens
1272 2633 1349 2666 inde
1371 2633 1568 2675 nemesium,
1590 2632 1632 2664 ob
1649 2630 1753 2664 immi-

329 2683 447 2712 nentes
470 2678 534 2712 illis
558 2680 710 2723 partibus
736 2679 908 2712 barbaros.
954 2679 1003 2712 Et
1027 2690 1107 2712 vero
1129 2679 1253 2712 instant
1271 2678 1383 2711 Hunni
1400 2677 1583 2720 Gotthique
1604 2675 1750 2708 accolae:

331 2723 396 2756 vim
412 2724 539 2758 faciunt
552 2730 670 2768 gentes
685 2723 851 2758 Tauricae
866 2723 1110 2768 Scythicaeque
1119 2750 1129 2768 ‚
1153 2723 1308 2758 Sclaveni
1318 2747 1329 2767 ,
1352 2727 1388 2756 et
1401 2722 1585 2768 quicunque
1597 2720 1652 2754 vel
1664 2720 1751 2753 Sau-
