1754 3132
189 218 286 246 xxn
587 204 845 246 ALEMANNI
882 204 1218 248 DISSERTATIO.

189 318 375 367 loquatur,
415 314 692 366 quemadmodum
725 318 785 355 illi
814 319 940 355 sentire
961 317 1113 356 libuerit.
1167 315 1227 356 De
1249 316 1331 358 Deo
1360 325 1477 358 autem
1507 325 1616 373 atque

188 380 328 421 fortuna
353 394 598 436 nonnunquam
623 382 828 436 permittere
859 381 996 422 videtur
1022 381 1221 435 optionem,
1254 392 1364 426 utrum
1395 385 1492 425 malit
1521 385 1613 439 quis-

186 461 256 502 que
277 446 474 488 defendere
502 447 561 488 vel
588 462 671 488 casu
694 462 755 487 res
780 447 974 496 humanas,
1013 455 1050 487 et
1080 447 1244 489 fortunae
1263 449 1455 490 temerario
1481 451 1615 505 impetu

186 513 293 561 ferri,
327 513 387 554 vel
419 512 489 553 Dei
514 514 738 568 providentia
766 513 973 569 gubernari.
1031 514 1112 563 Qua
1143 513 1178 554 in
1213 529 1254 555 re
1285 515 1475 556 Gentilium
1501 531 1615 572 saepe

184 578 326 618 nomina
346 586 512 633 usurpat,
553 581 646 633 quod
666 580 759 619 libro
778 579 932 620 secundo
964 579 1052 620 belli
1077 580 1267 621 Vandalici
1295 582 1455 636 antiquus
1476 583 1616 623 Censor

185 645 233 685 ad
263 644 465 700 marginem
493 644 540 684 ita
570 645 823 699 reprehendit:
875 643 962 688 Οὔκ
988 643 1123 700 ὀρθῶς
1155 649 1428 701 παρεισφέρεις
1455 653 1506 704 τῇ
1533 653 1616 690 τῶν

186 714 436 763 Χριστιανῶν
466 712 593 751 πίστει
630 709 857 764 δαιμόνιον,
891 712 958 753 καὶ
981 710 1104 766 τύχην
1133 712 1199 753 καὶ
1229 713 1479 766 εἷμαρμένην.
1533 715 1616 755 Non

185 782 276 816 recte
304 778 524 816 Christianae
549 781 679 828 ingeris
700 780 867 828 religioni
887 781 1053 829 Genium,
1091 783 1123 817 et
1144 779 1327 829 fortunam
1351 794 1395 818 ac
1416 781 1548 832 sutum.
1579 788 1616 822 et

185 842 222 882 in
240 842 404 896 margine
433 841 576 882 Codicis
603 842 768 884 Vaticani
796 844 1023 899 manuscripti
1051 845 1099 884 ad
1122 857 1332 897 perversam
1352 845 1449 886 illam
1468 847 1515 886 do
1534 847 1617 886 Deo

185 921 314 947 vocem
352 907 506 962 legitur:
557 911 783 961 Σημεὶωσαι
821 910 858 950 εἰ
890 906 1112 961 ὄρθόδοξός
1150 911 1255 951 ἐστιν
1295 910 1316 953 ὃ
1357 911 1618 966 συγγραφεύς.

185 973 282 1011 Nota
302 987 384 1012 num
401 975 608 1013 orthodoxus
626 979 673 1013 sit
689 980 802 1015 autor.
859 975 1170 1024 Quemadmodum
1199 989 1291 1031 ergo
1312 976 1478 1031 Procopii
1507 977 1617 1018 histo-

183 1038 238 1078 ria
259 1052 304 1078 ex
323 1038 379 1078 his
399 1053 490 1093 quae
510 1039 570 1080 hie
590 1040 861 1094 disputavimus,
895 1040 1004 1080 fldem
1025 1041 1136 1081 habet
1171 1041 1419 1090 indubitatam3
1451 1042 1501 1083 ita
1517 1048 1620 1097 Jquae

186 1103 266 1159 ipse
286 1104 332 1145 de
351 1105 532 1161 religione
556 1106 700 1157 scribit,
732 1106 863 1148 nullam
883 1105 1106 1148 autoritatem
1131 1107 1270 1150 habere
1292 1108 1369 1150 iure
1389 1122 1584 1150 censemus,
