1800 3126
205 601 301 636 A65

328 155 426 203 414
782 158 841 202 IN
866 158 1009 202 HJST.
1035 160 1290 206 ARCANAM

330 261 461 315 φύσις.
517 264 602 306 εἷ’θε
628 263 847 318 Σαββᾶτιος
875 264 929 319 μή
957 265 1149 334 ἐγενήθη,
1183 269 1251 309 ινα
1279 267 1342 322 μὴ
1362 270 1468 323 ἔσχεν
1494 268 1581 314 υἴον
1610 271 1746 324 φονέα.

328 318 547 367 εἰκοστὸς”
525 337 631 369 εκτος
655 319 777 371 φὸνος
797 321 900 362 ἐστὶν
929 338 950 363 ο
979 319 1186 390 γενόμενος
1216 325 1271 372 εἷς
1298 323 1341 366 τὸ
1366 328 1517 394 ζεῦγμα.
1570 331 1622 382 τῇ
1645 343 1748 381 πρω-

328 376 392 422 ΐας
427 373 606 427 ἐθεωρει,
646 375 713 416 καὶ
747 379 798 444 τῇ
833 374 932 432 δήλῃ
969 375 1142 431 ἐσφάγη,
1183 395 1212 418 ω
1243 378 1408 421 δέσποτα
1434 379 1606 423 πάντων.
1662 386 1750 423 ΒΕ-

331 434 458 471 ΝΕΤ.
487 446 581 478 τους
599 436 734 495 φονεῖς
753 430 846 472 ὅλου
867 436 938 473 τοῦ
966 435 1126 474 σταδίου
1143 432 1256 485 ν’μεῖς
1283 433 1394 486 μόνοι
1421 436 1530 488 ἔχετε.
1588 437 1748 480 ΠΡΑΣ.

327 482 423 526 πότε
451 483 500 525 ου’
531 483 700 537 σφαζεις,
727 486 794 526 καὶ
822 484 1058 540 α’ποδημεῖςς
1114 492 1310 529 ΒΕΝΕΤ.
1339 488 1388 530 συ
1415 489 1458 531 δὲ
1483 489 1652 542 σφαζεις,
1679 493 1749 533 καὶ

327 542 522 590 διακενῆς.
587 557 680 589 τους
718 546 855 593 φονεῖς
904 559 978 596 γαρ
1019 546 1091 584 τοῦ
1130 546 1288 585 σταδίου
1333 544 1444 596 υμεῒς
1487 544 1603 598 μόνοι
1637 548 1748 598 ἔχετε.

331 599 488 635 ΠΡΑΣ.
535 595 700 636 δέσποτα
739 594 986 638 Ἰουστινιανὲ
1023 595 1132 639 αυτοὶ
1174 603 1463 669 παρακαλοῦσι,
1509 602 1576 642 καὶ
1619 600 1750 650 ουδεὶς

328 649 472 698 αυτούς
500 666 677 701 φονευει.
735 650 885 719 Νοήσει
912 653 938 695 o‘
964 671 1017 722 μη
1054 654 1197 694 θέλων.
1253 653 1319 696 τὸν
1348 653 1575 708 ξυλοπῶλην
1599 655 1664 698 τᾶν
1692 659 1749 706 εἰς

326 704 368 746 τό
405 708 547 772 ζεῦγμα
583 708 640 754 τίς
675 704 909 756 ἐφόνευσεν,
947 706 1208 780 αυτοκρᾶτορς
1263 713 1446 751 ΜΑΝΔ.
1482 710 1594 762 υμεΐς
1630 709 1748 753 αυτὸν

328 760 577 812 ἐφονεύσατε.
642 765 804 803 ΠΡΑΣ.
838 761 904 805 τὸν
941 763 1029 805 υἱὸν
1066 768 1137 805 τοῦ
1170 763 1408 832 Ἐπαγάθου
1430 766 1487 814 τίς
1523 765 1747 817 ἐφόνευσεν,

327 814 594 870 αὕτοκροῖτορ;
650 821 828 859 ΜΑΝΔ.
864 819 930 859 καὶ
969 817 1087 860 αὐτὸν
1118 819 1231 886 υμεῖς
1265 817 1518 871 ἐφονεύσατε,
1555 821 1623 862 καὶ
1658 821 1750 870 τούς

326 871 518 920 Βενέτους
545 872 711 913 πλέκετε.
770 877 928 914 ΠΡΑΣ.
968 891 1054 927 αρτι
1079 872 1205 927 Κύριε
1231 876 1398 928 ἐλέησον.
1453 880 1697 929 τυραννεῖται
1721 877 1750 929 ἦ

326 924 509 996 ἆῆήθεια.
567 925 717 979 ἤθελον
745 926 953 996 ἅντιβαλαι
981 935 1062 978 τοῖς
1088 930 1286 983 λέγουσιν,
1315 931 1358 971 ἐκ
1385 935 1487 972 θεοῦ
1515 933 1751 972 διοικεῖσθαι

325 998 373 1022 τα
401 980 617 1050 πράγματα.
673 982 802 1025 πόθεν
831 982 929 1037 αὕτη
957 985 986 1037 ἦ
1013 987 1215 1037 δυστυχίας
1281 990 1457 1026 ΜΑΝΔ.
1498 985 1522 1027 o‘
1553 985 1646 1036 θεὸς
1677 1002 1750 1027 κα-

324 1041 408 1078 κῶν
435 1035 676 1091 α’πείραστος.
733 1043 893 1080 ΠΡΑΣ.
919 1039 1012 1088 θεὸς
1035 1044 1167 1081 κακῶν
1179 1038 1431 1108 οἷπείραστος.
1477 1042 1543 1082 καὶ
1564 1043 1623 1090 τίς
1645 1042 1750 1083 ἐστὶν

326 1092 352 1133 0‘
389 1090 536 1134 αδικῶν
573 1109 640 1145 με,·
682 1095 718 1134 εἶ
752 1092 974 1146 φιλόσοφός
1010 1096 1135 1145 ἐστιν,
1170 1094 1199 1147 ἢ
1227 1094 1420 1149 ἐρημήτης
1452 1095 1526 1150 τήν
1561 1097 1780 1164 διαίρεσιν·

325 1146 475 1189 εἰπάτω
511 1164 590 1189 των
605 1149 830 1217 ἑκατέρων.
905 1154 1084 1190 ΜΑΝΔ.
1119 1149 1369 1219 βλάσφημοι,
1410 1152 1477 1192 καὶ
1502 1149 1749 1204 θεοχόλωτοι,

325 1202 399 1251 ἕως
432 1200 528 1244 πότε
565 1201 636 1256 οὐχ
671 1204 901 1257 ησυχαζετες
958 1209 1116 1246 ΠΡΑΣ.
1153 1222 1203 1246 αν
1235 1203 1494 1274 θεραπεύεται
1530 1205 1574 1248 τὸ
1609 1223 1751 1276 κρατος

326 1270 420 1304 σου,
450 1259 591 1312 στέγω,
619 1259 685 1300 καὶ
717 1277 770 1312 μη
802 1260 932 1301 θέλων
960 1274 1246 1314 τρισαυγουστε.
1303 1259 1394 1311 ολα,
1421 1259 1492 1304 ολα
1520 1259 1629 1310 οἶδα,
1655 1259 1751 1302 ἄλλα

328 1317 476 1354 σιωπῶ.
534 1313 659 1362 σωζου
690 1317 799 1367 δίκη,
836 1312 966 1356 ουκὲτι
994 1318 1244 1369 χρηματίζεις.
1276 1316 1539 1370 μεταβαίνω,
1575 1317 1641 1358 καὶ
1665 1314 1752 1358 τότε

326 1370 527 1419 ἰουδαΐζω.
585 1374 733 1423 μᾶλλον
762 1370 805 1412 δὲ
833 1371 1030 1424 ἕλληνίσαι
1058 1372 1267 1427 συμφέρει,
1300 1372 1368 1414 καὶ
1394 1389 1447 1426 μη
1482 1373 1692 1425 βενετίσαι,
1727 1371 1752 1414 o‘

324 1493 409 1517 cem
430 1480 636 1518 Sabbatius
664 1494 744 1518 non
772 1483 954 1530 venisset,
985 1489 1087 1520 certe
1107 1482 1231 1520 filium
1257 1489 1297 1519 te
1325 1495 1405 1521 non
1431 1481 1631 1521 habuisset
1658 1495 1751 1520 san-

324 1537 560 1586 guinarium.
618 1538 740 1574 Sexta
769 1544 806 1574 et
834 1539 1024 1587 vigesima
1050 1551 1154 1575 nunc
1183 1537 1320 1575 caedes
1343 1538 1393 1575 ad
1410 1540 1586 1589 Zeugma
1601 1545 1750 1589 patrata

323 1598 395 1628 est.
453 1593 567 1628 Mane
603 1593 670 1628 ille
698 1593 739 1628 in
767 1591 919 1631 theatro
956 1594 1175 1644 spectabat3
1213 1594 1286 1631 sub
1314 1607 1542 1644 vesperum,
1571 1607 1752 1644 supreme

321 1645 502 1694 domine,
540 1660 672 1684 caesus
701 1648 789 1685 fuit.
846 1650 1015 1686 vale'n.
1051 1648 1167 1700 Apud
1198 1662 1267 1686 vos
1297 1648 1487 1686 duntaxat
1517 1651 1752 1686 convenien-

320 1703 422 1738 tium
443 1703 485 1738 in
508 1702 633 1740 stadio
663 1710 753 1739 sunt
780 1702 1014 1741 homicidae.
1070 1706 1196 1742 Plus.
1225 1706 1290 1741 Tu
1318 1717 1408 1742 vero
1437 1706 1521 1742 sine
1549 1706 1750 1755 sanguine,

323 1757 479 1808 quando
508 1756 599 1794 hinc
630 1758 874 1796 abscessisti?
931 1761 1028 1797 VEN.
1065 1761 1132 1797 Tu
1159 1773 1249 1796 vero
1274 1760 1384 1796 nulla
1413 1761 1530 1797 etimn
1558 1759 1606 1796 de
1636 1772 1751 1796 causa

321 1813 364 1848 in
393 1812 529 1850 caedes
558 1815 791 1863 prorumpis.
850 1817 950 1851 Nam
987 1814 1092 1865 apud
1120 1828 1190 1853 vos
1216 1817 1398 1866 inquam,
1440 1814 1629 1852 duntaxat
1657 1827 1750 1851 con-

322 1870 565 1905 venientium
585 1870 624 1904 in
646 1869 770 1906 stadio
791 1877 880 1907 sunt
899 1868 1133 1908 homicidae.
1187 1872 1315 1908 PRAs.
1344 1871 1509 1907 Domine
1524 1871 1750 1917 Iustiniane,

321 1923 387 1961 isti
416 1925 512 1961 alios
542 1926 712 1972 irritant,
746 1932 783 1961 et
813 1938 834 1961 a
858 1927 1016 1962 nemine
1043 1925 1297 1963 trucidantur.
1354 1928 1451 1974 Hoc,
1481 1932 1519 1962 et
1546 1927 1612 1976 qui
1639 1926 1750 1972 nolit,

321 1979 527 2030 intelligit,
556 1987 662 2030 puto.
718 1981 886 2017 Fabrum
914 1983 1123 2031 lignarium
1153 1980 1203 2018 ad
1229 1984 1401 2031 Zeugma
1431 1983 1517 2032 quis
1545 1981 1752 2027 interfecit,

321 2047 344 2071 0
364 2034 604 2085 imperator?
662 2037 799 2073 ΜΑΝι).
829 2038 906 2075 Vos
924 2038 1040 2073 illum
1061 2036 1268 2074 occidistis.
1326 2039 1452 2074 Plus.
1482 2037 1626 2072 Filium
1644 2037 1752 2086 Epa-
1799 2037 1800 2041 ’

321 2089 430 2139 gathi
461 2093 547 2141 quis
576 2092 795 2139 interemit,
830 2105 852 2128 ο
889 2091 1128 2142 imperator?
1185 2093 1322 2128 ΜΑΝΙ).
1360 2093 1410 2128 Et
1438 2091 1551 2128 illum
1579 2103 1671 2138 vos3
1709 2092 1753 2126 in

321 2157 480 2182 causam
508 2159 598 2182 vero
618 2148 785 2183 Venetos
813 2145 979 2183 trahitis.
1035 2149 1161 2184 PRAs.
1192 2149 1294 2183 Hem
1320 2146 1451 2194 modo,
1481 2147 1670 2197 propitius
1698 2147 1752 2182 sis

319 2198 437 2248 deus,
467 2207 511 2236 ut
538 2203 678 2238 veritas
705 2202 963 2238 conculcatur.
1020 2204 1124 2239 Pene
1153 2215 1256 2239 mmo
1285 2204 1404 2239 velim
1434 2215 1523 2239 cum
1549 2203 1598 2239 iis
1627 2200 1752 2238 disse-
1784 2214 1794 2224 ‘

317 2268 415 2303 rere,
446 2257 514 2306 qui
537 2255 667 2292 divino
694 2264 794 2293 nutu
822 2270 881 2294 res
901 2256 1092 2295 humanas
1113 2258 1319 2307 gubernari
1337 2257 1586 2295 contendunt.
1641 2255 1753 2293 Unde

319 2309 418 2347 haec
446 2310 687 2348 infortunia?
745 2314 883 2350 MAND.
911 2315 1016 2350 Deus
1040 2316 1251 2350 intentator
1276 2315 1470 2350 malorum
1498 2319 1568 2350 est.
1623 2313 1751 2348 PRAS.

318 2367 376 2403 Ita
412 2379 527 2412 sane,
570 2366 665 2403 deus
704 2369 900 2404 malorum
939 2377 996 2406 est
1035 2371 1256 2406 intentator.
1314 2371 1367 2407 At
1402 2370 1488 2419 quis
1516 2369 1658 2404 iniuste
1686 2380 1751 2403 me

319 2420 533 2472 opprimit?
585 2424 669 2471 Age
717 2425 892 2475 quisquis
931 2438 971 2461 es
1009 2423 1289 2475 philosophus,
1331 2424 1395 2461 vel
1431 2425 1609 2460 eremita:
1656 2422 1751 2458 cedo

318 2480 520 2529 utriusque
550 2475 850 2515 distinctionem.
908 2482 1046 2516 MANn.
1075 2479 1314 2530 Blasphemi,
1345 2480 1468 2529 impii,
1500 2476 1655 2529 quando
1679 2476 1752 2513 de-

319 2546 431 2570 mum
460 2535 663 2584 quiescetis
674 2532 693 2569 ’ἒ
749 2536 877 2571 PnAs.
912 2537 1018 2571 Dum
1057 2536 1124 2572 tibi
1152 2538 1327 2584 Auguste
1360 2535 1534 2570 maxime
1562 2534 1616 2569 ita
1645 2531 1750 2569 cordi

320 2595 400 2635 est,
429 2590 492 2626 vel
520 2590 664 2625 invitus
695 2591 867 2639 quiesco.
926 2592 1086 2637 Omnia,
1119 2591 1271 2640 singula
1299 2591 1413 2637 novi,
1445 2595 1483 2626 at
1511 2589 1746 2627 obmutesco.

318 2646 470 2680 Iustitia
507 2645 606 2681 vale.
663 2645 800 2681 Nullus
837 2646 917 2681 iam
955 2646 1025 2682 tibi
1063 2647 1172 2682 locus
1211 2646 1384 2696 reliquus
1414 2651 1486 2682 est.
1541 2642 1748 2680 Discedam

321 2698 435 2747 hinc,
468 2706 511 2736 ut
540 2700 699 2736 nomina
727 2699 881 2737 Iudaeis
911 2699 1014 2737 dem.
1072 2701 1238 2738 Omnino
1274 2707 1444 2751 praestat
1479 2706 1518 2736 et
1545 2699 1748 2749 gentilium

323 2755 458 2793 ritibus
486 2756 652 2805 initiari,
690 2756 859 2794 obtestor
888 2755 1030 2806 deum,
1069 2769 1187 2807 quam
1227 2769 1316 2794 cum
1345 2756 1501 2794 Venetis
1532 2754 1746 2792 convenire.
