1800 3126
190 443 286 478 A61

169 1550 196 1582 P
223 1549 289 1584 134

171 2434 198 2468 V
218 2435 286 2470 362

315 160 346 207 4
354 162 414 207 10
765 163 823 206 ΙΝ
856 163 998 207 HIST.
1030 163 1283 210 ARGANAM

314 269 388 308 hac
417 277 498 309 tota
525 270 687 309 historia
715 273 881 323 sparsim
906 271 1106 321 complura
1135 270 1296 311 disserat
1313 275 1544 327 Procopius3
1573 273 1649 314 hoo
1675 282 1736 314 ta-

314 340 406 364 men
444 328 530 366 loco
570 330 681 378 quasi
717 329 873 377 proprio
912 339 964 363 ex
1000 327 1217 378 praecipuis
1254 332 1492 369 senatoribus
1527 332 1736 369 nonnullos

312 384 500 419 nominat.
557 385 662 419 Inter
688 383 784 419 alios
812 383 887 418 fuit
917 382 1068 418 Iuliana
1095 383 1358 432 nobilissima,
1397 386 1610 438 eademque
1638 389 1737 437 piis-

313 440 412 474 sima
441 439 612 485 femina3
652 451 674 474 a
703 451 779 488 qua
807 444 940 474 tamen
968 438 1156 487 singulari
1179 438 1404 489 prudentia,
1434 448 1550 492 atque
1577 443 1737 491 religio-

311 496 374 531 nis
406 493 637 530 documento
669 492 827 530 delusus
868 499 926 529 est
954 494 1202 530 Iustiniauus.
1258 496 1427 544 Longior
1461 498 1628 535 narrafio
1665 504 1737 544 est,

310 555 354 585 tu
394 561 481 585 eam
517 549 603 598 lege
643 547 748 598 apud
776 549 1007 599 Gregorium
1035 550 1308 587 Turonensem
1343 549 1392 586 de
1428 551 1551 600 gloria
1586 559 1736 602 marty-

311 617 399 641 rum
427 618 461 640 c.
493 604 585 644 133.

420 661 466 695 P.
486 661 551 705 78,
581 659 619 698 1.
676 659 965 695 Pes-sessionem
993 660 1113 709 quasi
1141 657 1322 696 haeredes
1350 657 1510 708 adeunt,
1530 659 1740 709 productis

309 713 483 760 tabulis,
524 727 625 764 qaas
653 713 705 750 ab
735 728 776 750 eo
805 715 964 750 minime
990 714 1189 764 confectas
1203 715 1327 764 sama
1356 715 1465 765 erat]
1505 716 1588 752 Hoc
1621 717 1739 752 etiam

309 781 428 818 supra
463 781 503 818 Ρ.
531 771 583 808 36
613 774 651 805 et
679 783 718 819 Ρ.
746 771 813 809 87.
869 771 1020 806 Horum
1053 771 1245 807 scelerum
1279 771 1456 807 minister
1489 770 1565 807 fuit
1590 771 1739 808 Anato-

308 825 386 861 lius
414 823 553 861 domus
580 825 852 874 imperatoriae
882 832 1045 873 curator,
1075 823 1210 872 αδικος
1238 826 1279 873 ἐς
1305 823 1352 864 vo?
1381 822 1547 876 μάλιστα
1572 823 1741 878 γεγονως

308 879 375 918 καὶ
418 876 587 926 πολλοὺς
622 877 740 926 ὅσους
775 882 852 919 τῶν
891 880 1046 920 οἰκείων
1083 877 1342 949 ἀφῃρημένος
1368 895 1540 934 γραπτας
1567 881 1740 930 σανίδας,

310 933 378 973 καὶ
415 930 518 986 ῥάκη
557 931 826 987 ὖποπόρφυρα
842 939 935 1003 ,τοῖς
970 939 1048 975 τῶν
1077 921 1324 987 εὐδαιμόνων
1352 936 1474 983 οἴκοις
1498 933 1619 1001 θαμα
1654 935 1737 975 ἐπέ-

313 991 406 1040 βαλε
444 1005 517 1039 την
551 989 591 1037 ἐς
628 989 789 1041 βασιλέα
818 988 977 1030 εὔνοιαν
1005 989 1304 1043 προϊσχόμενος,
1342 991 1406 1030 καὶ
1435 1007 1556 1045 ταυτη
1586 988 1739 1030 ἅπαντα

308 1045 570 1096 ἐσφετερίζετο
600 1042 828 1096 βιαζόμενος
865 1044 936 1097 μὲν
969 1043 1161 1097 αναίδην,
1200 1047 1267 1086 καὶ
1294 1031 1544 1099 αναρῥιῃκνῦςΙ
1570 1043 1618 1085 τὰ
1647 1047 1739 1097 βου-

311 1097 484 1150 λεύματα
511 1102 592 1138 τοῖν
620 1097 912 1151 ἐποιχομένων,
941 1102 1089 1154 χαίρειν
1117 1100 1160 1141 δὲ
1187 1101 1308 1154 λέγων
1335 1100 1458 1142 πολλα
1483 1105 1565 1148 τοῖς
1591 1098 1738 1152 νόμοις,
1777 1118 1780 1121 ·

312 1156 352 1194 οἱ
374 1152 423 1206 δὴ
454 1152 546 1202 τοὺς
573 1157 718 1202 παῖδας
744 1159 1003 1207 κληρονομεῖν
1031 1155 1212 1196 ἐθέλουσι
1236 1161 1308 1209 τῆς
1335 1160 1414 1196 ταῖν
1437 1152 1648 1207 φυσάντων
1675 1170 1741 1195 πε-

311 1211 511 1261 ριουσίαςε
540 1210 654 1247 homo
684 1212 985 1262 iniustissima-9,
1015 1213 1087 1262 qui
1114 1225 1235 1263 quam
1262 1213 1480 1249 multorum
1507 1212 1610 1249 bona
1637 1213 1745 1261 expi-

311 1266 432 1312 lavit,
473 1273 509 1302 et
545 1267 758 1303 titulorum
790 1266 978 1311 tabellas,
1016 1267 1079 1305 vel
1104 1282 1311 1318 purpurae
1345 1273 1543 1318 segmenta
1571 1265 1744 1304 divitum

308 1320 492 1358 domibus
520 1335 634 1372 saepe
661 1322 815 1371 affixit,
837 1323 1103 1373 praelataque
1133 1324 1296 1360 illorum
1324 1324 1369 1359 in
1400 1323 1604 1360 Caesarem
1631 1321 1744 1358 bene..

307 1376 483 1413 volentia
510 1379 569 1413 sic
599 1379 732 1414 omnia
753 1379 926 1426 furatus
955 1385 1023 1425 est,
1050 1377 1295 1429 impudenter
1321 1378 1499 1422 violati-v,
1528 1384 1647 1427 atque
1670 1376 1743 1414 ab·

307 1432 419 1468 olitis
448 1431 727 1480 defunctorum
755 1433 1050 1480 voluntatibus,
1094 1447 1239 1471 necnon
1277 1433 1432 1484 legibus
1456 1431 1744 1483 pessumdatis,

307 1501 409 1536 quae
447 1488 590 1524 liberos
619 1495 812 1538 paternae
846 1489 1097 1526 substantiae
1133 1487 1414 1526 haereditatem
1443 1487 1556 1525 adire
1590 1488 1742 1526 volunt.

310 1541 497 1592 Agathias
536 1545 564 1579 l.
590 1544 629 1582 5.
686 1543 785 1581 Vide
825 1542 895 1581 has
934 1550 1046 1581 notas
1072 1543 1122 1581 ad
1154 1558 1194 1595 p.
1227 1546 1317 1584 127.
1374 1546 1426 1581 Ut
1453 1545 1494 1580 in
1522 1556 1609 1580 aere
1641 1544 1741 1580 Cae-

308 1601 404 1635 saris
433 1612 478 1635 ea
506 1599 626 1635 fuisse
653 1600 756 1636 bona
785 1600 1116 1649 intelligerentur,
1154 1602 1285 1649 scripti
1323 1601 1383 1636 illi
1410 1600 1535 1646 tituli,
1575 1599 1640 1635 vel
1669 1611 1742 1648 ap-

306 1666 428 1704 pensa
467 1667 639 1704 purpura
679 1653 937 1691 declararunt.
995 1658 1078 1692 Hoc
1120 1668 1198 1692 non
1238 1662 1295 1692 est
1330 1661 1529 1691 assecutus
1566 1652 1741 1690 Christo·-

307 1708 455 1759 phorus
492 1711 664 1746 Persona
702 1712 914 1760 interpres3
957 1709 1006 1746 ad
1046 1710 1151 1761 quod
1192 1709 1468 1746 illustrandum
1502 1709 1596 1745 facit
1632 1709 1741 1745 locus

306 1765 376 1800 ille
413 1766 592 1801 novellae
622 1767 675 1806 28
714 1765 781 1800 ubi
814 1767 1050 1802 lastinianus
1081 1767 1134 1802 ait
1162 1767 1310 1802 nemini
1352 1766 1467 1802 licere
1497 1765 1632 1801 titulos
1654 1764 1742 1800 affi-

309 1832 400 1869 gere
426 1819 596 1870 praediis
617 1821 681 1856 vel
697 1819 876 1857 domibus
905 1822 1057 1858 alienis.
1115 1818 1240 1872 μόνον
1262 1836 1335 1873 γαρ
1356 1820 1461 1860 ἴδιον
1481 1822 1596 1859 τοῦτο
1615 1833 1685 1858 του
1702 1833 1743 1859 τε

310 1876 514 1925 δημοσίου,
543 1890 623 1914 των
647 1890 687 1914 τε
707 1877 917 1927 βασιλικῶν
947 1876 1079 1926 οἴκων,
1103 1879 1183 1915 τῶν
1204 1891 1244 1916 τε
1261 1875 1471 1927 ημετέρων,
1497 1889 1576 1914 των
1604 1888 1644 1913 τε
1670 1877 1743 1925 τῆς

309 1926 589 1981 εὖσεβεστατης
603 1927 848 1983 Αὕγούστης,
878 1929 926 1967 id
941 1934 1039 1968 enim
1064 1933 1273 1982 proprium
1302 1932 1505 1982 essessa
1534 1928 1742 1966 domorum

308 1987 594 2036 impenalium,
625 1994 864 2036 nostrarum,
895 1994 930 2023 et
951 1989 1162 2037 piissimae
1187 1988 1409 2038 Augustae.
1465 1986 1602 2036 Ibique
1629 1992 1744 2022 vocat

310 2042 452 2078 titulos
480 2043 662 2090 σανίδας,
698 2049 741 2079 ut
770 2041 845 2079 hoc
873 2043 959 2079 loco
987 2041 1188 2093 Agathias.
1245 2042 1544 2079 Iurisconsultus
1573 2041 1742 2077 Graecus

310 2098 365 2134 sic
395 2098 577 2147 explicat.
634 2097 792 2147 Μηδεὶς
819 2098 971 2143 τίτλους
999 2095 1151 2144 ἰδικοῦς
1177 2101 1259 2144 τοῖς
1287 2094 1418 2164 οἷγροῖς
1447 2092 1572 2135 αὐτοῦ
1598 2093 1741 2146 ἐπιθή-

309 2163 372 2191 σοι
400 2148 429 2201 ἢ
465 2156 547 2198 τοῖς
581 2155 653 2191 τοῦ
682 2151 848 2217 Πέτρου.
908 2149 995 2191 οἷον
1030 2153 1098 2191 ἵνα
1137 2150 1249 2203 τυχὸν
1284 2151 1409 2203 θήσοι
1447 2150 1490 2191 ἐν
1523 2153 1574 2206 τῇ
1601 2148 1741 2204 εἰσόδῳ

307 2209 379 2246 τοῦ
409 2203 531 2259 αγροῦ
559 2208 796 2251 πινακίδιον,
828 2203 856 2258 ἢ
877 2219 1098 2274 σκουταριν,
1127 2204 1156 2258 ἢ
1185 2207 1278 2247 ἄλλο
1295 2223 1331 2246 τι
1359 2209 1526 2255 τοιοῦτο,
1555 2206 1621 2246 και
1648 2206 1741 2259 γρά-

307 2270 384 2309 ψοι
421 2261 463 2301 ἐν
503 2261 638 2316 ἐκείνῳ
675 2259 732 2302 ότι
768 2261 790 2302 ὖ
826 2260 981 2329 παρών
983 2259 1106 2329 οἷγρὸς
1133 2266 1206 2302 τοῦ
1232 2267 1284 2302 Σε
1287 2258 1594 2330 βαστοκρατορός
1625 2261 1740 2309 ἔστιν,

307 2313 336 2368 ἢ
364 2319 438 2356 τοῦ
464 2314 632 2369 μεγαλου
666 2318 927 2369 Δομεστίκου,
961 2314 989 2369 ἢ
1016 2315 1205 2370 κρεμάσοι
1229 2321 1353 2370 βῆλον
1385 2314 1606 2368 βασιλικὸν,
1646 2314 1742 2356 ω’στε

308 2372 539 2423 νομίζεσθαι
575 2370 695 2413 αυτὸν
729 2370 829 2412 εἷναι
863 2371 1072 2424 βασιλικόν.
1130 2373 1227 2412 Vide
1255 2373 1326 2411 has
1355 2380 1469 2410 notas
1495 2371 1545 2408 ad
1578 2372 1744 2422 Ρ-128.

418 2429 463 2464 P·
493 2430 558 2475 78,
587 2431 627 2468 2-
690 2429 879 2474 Tatiani,
908 2429 1205 2478 Demosthenis,
1233 2428 1428 2478 Hilarae]
1467 2429 1658 2464 Tatianus
1685 2429 1744 2463 vir

312 2482 544 2529 ditissimus,
583 2486 770 2534 magister
799 2484 1038 2531 officiorum,
1069 2484 1118 2521 ad
1148 2497 1266 2535 quem
1293 2486 1465 2521 lustinus
1493 2489 1531 2518 et
1558 2483 1742 2519 Iustinia-

312 2553 384 2576 nus
415 2539 640 2575 rescribunt.
698 2541 724 2576 l.
749 2539 774 2578 5
805 2538 891 2576 cod.
923 2539 971 2575 de
999 2553 1104 2590 mag.
1134 2540 1236 2576 offic.
1262 2538 1546 2576 Demosthenes
1575 2538 1646 2575 sub
1675 2539 1742 2574 Iu·

313 2596 414 2631 stino
452 2596 531 2644 egit
567 2596 806 2644 praefectum
843 2597 1055 2644 praetorio,
1100 2602 1216 2645 atque
1245 2596 1387 2631 iterum
1415 2595 1486 2631 sub
1516 2595 1741 2640 Iustiniano,

315 2657 355 2686 ut
386 2650 550 2687 dicimus
577 2651 678 2687 iufra
707 2649 756 2687 ad
784 2664 823 2700 Ρ.
848 2651 915 2690 92.
972 2651 1031 2686 De
1055 2651 1187 2686 Hilara
1215 2652 1256 2686 iu
1285 2651 1455 2702 antiquis
1479 2649 1742 2686 monumentis

314 2704 414 2742 nihil
441 2707 619 2742 occurrit.

422 2762 468 2798 P.
496 2762 568 2810 78,
599 2764 639 2803 6.
697 2759 862 2799 Ioannis
889 2760 1044 2798 Basilii
1069 2759 1184 2812 filii]
1222 2761 1374 2799 Tantae
1410 2760 1568 2798 fuerunt
1602 2757 1741 2796 horum
