1800 3126
280 171 376 218 400
727 174 785 218 ΙΝ
818 173 961 217 HIST.
996 173 1245 218 ARGANAM

277 281 497 317 nominibus
534 281 646 332 quasi
680 281 862 318 satellitio
902 281 1106 331 stipatum,
1149 282 1385 320 lastinianus
1421 283 1697 332 Alamaniem,

280 337 508 384 Gottlzicac,
538 337 775 385 Francicus,
807 337 1086 383 Germanicus,
1114 337 1307 386 Anticus,
1333 338 1553 387 Alanicue,
1588 340 1699 377 Van.

273 391 454 438 dancus,
483 391 726 440 Africanus,
766 404 844 427 non
881 404 990 428 secus
1031 404 1076 427 ac
1114 392 1148 428 si
1184 390 1232 428 de
1269 393 1316 429 iis
1352 394 1529 432 omnibus
1557 396 1698 431 trium-

273 445 450 497 phasset,
482 448 659 496 quamvis
687 447 886 483 nonnullis
919 448 1121 484 nationum
1149 448 1307 483 illarum
1335 449 1417 498 ipse
1444 450 1587 486 tributa
1618 450 1700 486 sol-

273 509 402 548 veret,
456 503 551 537 alias
597 514 688 538 vero
737 514 938 553 nunquam
986 501 1180 539 devicerit.
1247 503 1371 548 Quare
1406 502 1699 541 Theodebertus

272 559 510 593 Francorum
544 569 615 592 rex
653 556 697 592 id
729 570 809 593 non
850 558 976 593 solum
1014 570 1127 606 aegre
1155 557 1265 604 tulit,
1305 556 1374 594 sed
1410 571 1495 594 eam
1531 559 1578 595 ob
1617 571 1700 595 rem

270 610 549 661 Longobardos
580 612 755 663 aliosque
777 614 943 662 populos
975 611 1024 648 ad
1053 611 1300 648 inserendum
1318 614 1528 650 Iustiniano
1550 614 1700 650 bellum

271 668 484 717 permovit,
523 673 566 702 ut
606 667 674 703 lib.
707 668 729 706 1
767 674 896 703 narrat
922 666 1125 716 Agathias.
1180 669 1293 703 Hunc
1320 669 1524 704 Iustiniani
1557 669 1701 706 fastum

154 727 180 759 Α
205 724 249 759 52
274 722 464 759 Chosro'es
489 723 695 758 Persarum
723 735 794 758 rex
823 735 911 759 cum
939 722 989 758 ad
1018 736 1108 759 eum
1135 723 1342 769 scribebat,
1381 724 1526 760 maiore
1555 723 1702 760 solebat

271 778 377 814 fastu
401 783 660 846 contemnere,
691 779 734 814 ut
762 777 976 814 Menander
997 779 1196 814 protector
1225 779 1398 828 exponit.
1458 779 1581 826 Θεῖος,
1610 775 1702 844 αἶγα-

272 830 365 880 ebe,
398 828 716 899 εἰρηνοπάτριος,
755 829 914 883 ἀρχαῖος
936 831 1125 889 Χοσρόης
1151 831 1328 902 ssaoikevg
1357 831 1566 883 βασιλέων,
1595 847 1703 872 eutv-

273 903 364 952 χης,
399 884 583 938 εὐσεβης,
622 883 883 939 οἷγαθοποιός,
922 889 952 942 ᾧ
982 903 1058 927 τινι
1088 888 1129 927 οἱ
1160 887 1250 927 θεοὶ
1276 903 1369 939 μετα
1395 884 1518 938 τύχην
1546 887 1613 926 καὶ
1641 901 1704 938 με-

275 938 401 995 γαλην
429 943 629 1010 βασιλείαν
659 940 870 990 δεδωκασι,
907 944 1016 1009 γίγας
1043 958 1256 994 γιγαντων,
1291 941 1333 989 ὃς
1360 943 1401 983 ἐκ
1428 946 1538 982 θεῶν
1564 957 1703 994 χαρακ-

275 999 464 1048 τηρίζεται
479 993 738 1051 Ἰουστινιανῷ
758 999 928 1047 Καίσαρι
951 994 1110 1051 ἀδελφῷ
1130 996 1312 1051 ἡμετέρῳ.
1368 999 1547 1049 Denique
1575 1010 1705 1035 rerum

276 1066 298 1089 a
326 1067 367 1090 se
396 1059 612 1102 gestarum,
652 1066 696 1089 ac
727 1054 955 1102 praesertim
983 1039 1247 1089 aedificiorum
1284 1052 1553 1101 multitudine,
1589 1060 1705 1103 atque

276 1107 483 1158 splendore
520 1109 697 1144 omnium
731 1108 955 1144 obscurasse
990 1121 1031 1144 se
1068 1109 1346 1158 imperatorum
1382 1121 1595 1160 regumque
1630 1120 1705 1144 no-
1757 1134 1760 1137 -

276 1165 382 1199 mina
402 1164 564 1213 putavit.
617 1164 741 1208 Quare
763 1170 851 1213 post
873 1162 1093 1199 absolutum
1111 1162 1281 1213 Sophiae
1299 1164 1504 1214 templum,
1529 1171 1573 1200 ut
1595 1170 1707 1200 autor

277 1220 360 1255 eius
396 1217 578 1255 historiae
619 1224 770 1264 narrat,
815 1219 885 1254 illa
920 1219 1125 1254 Iustiniani
1167 1231 1247 1255 vox
1285 1219 1381 1266 fuit,
1425 1219 1713 1258 ΣΟΛΟΜΩΝ

275 1276 579 1313 ΝΕΝΙΚΗΚΑ
599 1276 681 1312 ΣΕ.
738 1284 824 1311 v1c1
853 1285 903 1309 TE
933 1284 1141 1312 sonomox.
1197 1275 1322 1319 Quem
1341 1275 1459 1310 etiam
1477 1273 1607 1324 lapide
1633 1285 1707 1309 ex-

272 1342 450 1379 pressum
488 1343 508 1365 e
543 1330 700 1377 regione
735 1328 778 1365 S.
810 1327 980 1378 Sophiae
1017 1329 1201 1375 collocat,
1238 1336 1432 1366 moestum
1469 1336 1584 1380 atque
1612 1342 1708 1376 κρα-

271 1387 417 1423 τοῦντα
446 1399 519 1435 την
551 1383 715 1435 σιαγόνα
744 1379 868 1422 αὐτοῦ
900 1383 967 1422 καὶ
996 1382 1147 1435 ὁρῶντα
1185 1380 1257 1433 τήν
1286 1383 1403 1436 ἁγίαν
1433 1386 1609 1433 Σοφίαν,
1647 1379 1709 1422 ότι

273 1437 444 1489 ἐνικήθη
465 1441 520 1486 εἰς
549 1441 673 1489 μῆκος
700 1437 769 1477 καὶ
797 1434 951 1486 κάλλος,
975 1451 1102 1489 genas
1129 1437 1227 1475 dum
1257 1453 1342 1475 eam
1356 1439 1583 1476 Basilicam
1612 1452 1709 1475 con-

272 1495 508 1544 templatur,
540 1501 777 1544 carpentem,
810 1495 930 1544 quasi
959 1495 1046 1530 eius
1075 1492 1251 1544 aedificii
1278 1494 1376 1531 mole
1406 1508 1454 1530 ae
1475 1494 1708 1545 palchritu-

271 1549 363 1587 dine
391 1564 513 1586 suzim
542 1550 729 1599 templum
754 1556 987 1599 superatum
1015 1547 1174 1586 doleret.
1230 1551 1354 1587 Autor
1373 1551 1575 1599 Originum
1603 1550 1678 1586 GP.

381 1607 427 1642 P.
459 1607 532 1651 72,
566 1608 602 1643 1.
675 1605 788 1653 Quas
805 1605 1074 1652 fortunarum
1103 1606 1269 1654 rapina-s·
1298 1605 1406 1641 illico
1439 1606 1500 1641 vel
1525 1604 1709 1654 prodegit

270 1661 475 1707 barbari-5,
515 1659 577 1696 vel
608 1661 652 1695 in
690 1662 837 1695 insana
866 1658 1052 1708 aedificia
1087 1659 1325 1710 insumpsit]
1371 1658 1627 1709 Ephraemius
1665 1661 1707 1695 in

274 1714 456 1753 chronico
485 1728 586 1765 pene
617 1713 666 1750 ad
694 1715 857 1751 verbum
889 1713 989 1750 hanc
1017 1717 1271 1763 sententiam,
1302 1715 1349 1751 ab
1379 1716 1465 1752 aliis
1495 1715 1587 1752 licet
1612 1715 1709 1752 scri-

273 1772 449 1821 ptoribus
479 1777 698 1819 acceptam,
730 1772 900 1805 carmine
931 1772 1134 1819 expressit.

489 1822 654 1876 Σωρους
681 1820 856 1874 απείρων
884 1839 1093 1875 χρηματων
1121 1820 1392 1891 χρυσαργύρου

489 1880 531 1920 ἐκ
557 1881 817 1918 παντοδαπῶν
845 1875 1130 1931 η’ρανισμένους
1157 1875 1326 1931 τρόπων,

490 1930 602 1974 ταῦτ’
630 1929 683 1985 ἦν
713 1931 888 1984 οἷφειδως
914 1935 1083 1975 ἐκκενων
1113 1933 1301 1986 οσημὲραι

492 1990 547 2037 εἷς
574 1987 785 2041 βαρβαρων
816 1988 970 2040 ἄμυναν
998 1991 1054 2037 εἰς
1079 1991 1220 2036 κτίσεις
1249 1988 1395 2039 δόμων.

275 2043 450 2082 Αεεννοε
477 2046 661 2095 infinitae
681 2047 875 2095 pecuniae
910 2047 1005 2082 auri
1032 2052 1067 2082 et
1096 2047 1251 2095 argenti
1279 2057 1530 2095 quacumque
1555 2045 1710 2081 ratione

276 2107 508 2149 aggeratos,
542 2099 719 2151 quotidie
737 2100 939 2151 prodigus=
967 2100 1150 2136 exhausit
1178 2100 1240 2135 vel
1265 2101 1306 2136 in
1336 2099 1548 2166 ὸαιὶζανοε,
1578 2101 1640 2136 vel
1666 2101 1710 2136 in

277 2155 477 2204 aedificia,
535 2154 725 2205 Agathias
767 2157 833 2221 qui
863 2154 958 2191 haec
993 2154 1091 2191 vidit
1127 2156 1154 2191 l.
1181 2155 1220 2194 5.
1261 2155 1312 2194 Οἱ
1338 2152 1380 2193 δὲ
1410 2169 1512 2220 αμφι
1541 2152 1606 2194 τὸν
1634 2158 1710 2194 Ζα-

275 2207 422 2277 βεργοὶν
458 2226 504 2250 ου
546 2208 736 2260 πρότερον
775 2206 1071 2261 οἷποστήσεσθαι
1108 2209 1259 2259 ε’φασαν
1302 2225 1395 2260 πριν
1444 2205 1494 2248 ὂὶν
1535 2225 1711 2262 χρηματα

275 2262 399 2304 πολλοὶ
429 2280 535 2316 παρα
569 2264 766 2315 Ρωμαίων
799 2266 1026 2315 κομίσαιντο
1055 2261 1238 2316 καθάπερ
1269 2265 1309 2304 οἱ
1337 2265 1630 2331 Κουρτίγουροι.
1687 2263 1711 2305 o‘

277 2318 320 2359 δὲ
358 2318 538 2370 βασιλευς
576 2320 736 2386 χρυσίον
777 2316 909 2366 αὐτοῖς
947 2317 1168 2359 ἀπέστειλεν
1205 2317 1354 2360 οπόσον
1386 2315 1562 2371 αποχρῆν
1602 2318 1710 2373 ᾤετο,

275 2372 384 2421 ὅπως
414 2376 605 2424 εἰρηναῖοι
635 2371 889 2425 απαλλαγεῖεν
917 2378 987 2424 τῆς
1014 2372 1152 2427 χώρας.
1208 2376 1327 2412 Mile-⁵·
1350 2374 1607 2425 Zaberganae
1633 2389 1709 2412 non

274 2438 366 2468 ante
385 2444 424 2466 se
444 2429 707 2467 discessurum
729 2431 826 2480 affl}
828 2430 975 2481 mahat,
1004 2445 1126 2481 quam
1143 2431 1312 2467 multam
1329 2431 1548 2479 pecaniam,
1577 2445 1710 2481 quem-

271 2485 492 2523 admodum
522 2486 732 2535 Car-tiguri
765 2488 964 2535 acciperet.
1026 2488 1159 2535 Quare
1187 2487 1399 2536 imperator
1428 2483 1586 2521 tannim
1619 2487 1710 2522 auri

278 2540 336 2578 ad
363 2555 425 2577 eos
450 2543 570 2590 misit,
603 2547 799 2590 quantum
828 2541 1007 2590 sufficere
1027 2541 1216 2591 putabat,
1243 2548 1287 2577 ut
1306 2539 1470 2576 barbari
1489 2539 1588 2576 data
1609 2554 1711 2590 pace

279 2597 372 2633 inde
399 2595 631 2633 excederent.
688 2598 726 2632 Is
761 2609 851 2633 vero
882 2599 949 2647 qui
988 2595 1038 2632 ad
1065 2596 1247 2633 barbaros
1281 2607 1443 2632 munera
1472 2593 1610 2632 detulit
1633 2597 1711 2633 Va-

278 2652 452 2689 lentinus
485 2652 561 2688 fuit
598 2649 791 2702 βασιλικὸς
831 2647 1148 2703 μαχαιροφόρος,
1189 2658 1233 2687 ut
1261 2649 1474 2688 Menander
1511 2652 1711 2688 Protector

278 2714 422 2744 narrat.
480 2706 578 2745 Vide
602 2713 678 2743 tres
709 2713 915 2757 sequentes
944 2714 1070 2744 notas.

389 2764 433 2801 P.
457 2766 524 2813 72,
555 2761 593 2804 5.
652 2762 858 2800 Barbaros
882 2763 983 2800 inter
1009 2776 1050 2799 ee
1079 2760 1286 2812 commisit]
1315 2763 1479 2799 Ioannes
1498 2757 1708 2812 Antioche-
