1800 3126
225 146 324 194 468
676 150 736 195 ΙΝ
767 149 911 194 HIST.
943 150 1194 195 ARGANAM

224 254 473 294 Eustathium
509 258 746 308 Episcopum
784 259 916 308 Beryti
957 270 1038 295 non
1075 256 1215 308 puduit
1251 259 1492 310 imperatoris
1532 261 1650 298 etiam

224 313 422 350 ministros
460 313 529 349 illa
569 312 723 349 dicendi
761 313 887 349 forma
924 315 1099 350 venerari
1134 315 1214 353 τῶν
1242 316 1377 354 ποδῶν
1413 314 1544 366 ὑμῶν,
1577 329 1651 365 per

224 374 354 405 vestra
390 369 581 417 vesti-gia,
623 369 689 417 qui
726 369 881 405 nonnisi
916 381 990 405 usu
1029 369 1260 405 Graecanico
1298 373 1473 407 excusari
1507 377 1648 421 potest,

224 421 435 460 dummodo
473 435 566 459 usus
603 423 686 471 ipse
716 422 856 471 dignus
895 425 1145 460 excusatione
1181 425 1242 460 sit.
1300 426 1370 469 Qui
1407 428 1524 462 etiam
1560 432 1648 462 ante

222 479 428 515 Iustiniani
456 484 631 526 tempora
660 479 714 513 sic
742 479 928 524 invaluit,
966 485 1009 514 ut
1037 479 1157 515 Sabas
1185 481 1245 515 vir
1277 486 1430 517 sanctus
1467 487 1649 517 consueta

85 529 116 564 A
140 531 206 566 116
227 547 321 571 suae
367 534 473 582 genti
511 533 704 568 locutione
741 534 943 570 Anastasio
981 535 1202 583 imperatori
1240 535 1441 572 Haeretico
1487 534 1648 573 dixerit:

223 584 355 640 ἦλθον
378 588 432 633 εἰς
458 584 499 625 τὸ
523 589 796 638 προσκυνῆσαι
821 585 869 627 τοὶ
899 587 985 638 ἴχνη
1009 591 1079 639 τῆς
1098 587 1284 639 ’ὑμετέρας
1309 585 1516 639 εὐσεβείας.
1575 591 1652 628 Ve-

222 651 330 680 strae
359 643 526 692 pietatis
554 644 725 692 vestigia
755 641 999 680 adoraturus
1026 645 1124 680 veni.
1180 642 1332 693 Agatho
1365 645 1544 694 pontifex
1569 647 1649 682 Ro-

223 710 363 736 manus
414 699 455 732 in
497 710 650 734 summo
695 697 904 735 catholicae
947 697 1040 734 fidei
1081 698 1302 735 discrimine
1343 697 1419 736 hoc
1458 711 1551 736 usus
1594 706 1652 736 est

225 753 474 791 orientalium
502 765 611 789 more
638 766 708 802 per
736 754 952 802 epistolam,
981 760 1023 789 ut
1049 766 1093 790 eo
1116 752 1384 791 vehementius
1414 755 1652 791 Constantini

225 808 393 858 Augusti
423 809 596 843 animum
627 807 677 843 ad
705 809 903 857 religionis
935 807 1202 845 defensionem
1228 816 1484 858 permoveret.
1549 810 1654 846 Tan-

227 877 350 915 quam
382 863 700 911 praesentialiter
732 871 980 913 prostratus,
1029 865 1187 914 iuquitJ
1227 870 1262 899 et
1299 866 1438 901 vestris
1475 866 1653 914 vestigiis

221 918 481 970 provoluta-5⁸,
520 931 675 967 quae-⁵⁸0.
740 920 789 954 Et
828 918 878 954 ad
915 919 1211 955 Constantinum
1253 925 1292 955 et
1326 921 1478 956 Irenem
1514 919 1654 957 eodem

227 975 382 1025 pietatis
416 972 557 1009 affectu
586 974 739 1023 scripsit
766 972 959 1010 Adrianus
987 976 1019 1010 Ι.

337 1030 383 1065 Ρ.
418 1028 517 1075 166,
548 1031 586 1067 5.
644 1030 916 1064 Romanorum
953 1042 1064 1078 opes.-
1098 1043 1196 1078 par-s·
1232 1027 1410 1079 direptae
1445 1042 1471 1066 a
1508 1028 1654 1065 barba—

227 1086 306 1130 ri35
340 1095 438 1133 pars
473 1095 499 1118 a
532 1082 698 1119 Caesare
734 1084 775 1119 in
812 1082 981 1119 diuersis
1019 1084 1180 1120 latebris
1214 1092 1388 1121 retrusas
1425 1083 1652 1133 affirmare]

226 1136 427 1188 Quidquid
456 1138 523 1173 alii
553 1139 820 1186 opinarentur,
855 1150 970 1187 grave
1008 1151 1071 1175 aes
1103 1140 1273 1176 alienum
1301 1141 1533 1176 Iustinianus
1562 1139 1655 1174 reli-

228 1196 332 1244 quit,
371 1191 476 1243 quod
511 1194 681 1230 Iustinus
720 1206 918 1231 successor
956 1192 1153 1242 dissolvit,
1191 1201 1236 1231 ut
1264 1195 1452 1246 Corippus
1489 1194 1655 1231 affirmat

418 1301 607 1339 Plurima
634 1309 729 1339 sunt
755 1304 845 1340 vivo
873 1303 1044 1340 nimium
1069 1303 1243 1354 neglecta
1273 1306 1444 1354 parenti,

431 1356 541 1394 Unde
568 1364 625 1394 tot
653 1357 870 1395 exhaustus
899 1360 1095 1395 contraxit
1123 1358 1255 1396 debita
1276 1360 1415 1409 fiscus,

424 1411 602 1450 Reddere
631 1427 732 1463 quae
758 1415 911 1451 miseris·
938 1415 1036 1450 moti
1055 1416 1205 1464 pietate
1224 1427 1437 1465 paramus.

230 1475 268 1505 et
293 1468 411 1519 paulo
439 1475 551 1518 post3

584 1522 816 1560 Innumerae
844 1536 933 1560 mox
960 1521 1147 1560 advenere
1175 1530 1366 1573 catervae,

339 1579 477 1615 Fortia
505 1579 672 1614 centenis
700 1585 935 1628 onerataque
963 1577 1129 1615 brachia
1156 1579 1271 1615 libris

338 1635 565 1682 Deposuere
594 1633 780 1670 hameris.
844 1635 1009 1670 Turmae
1034 1635 1304 1683 glomerantur
1331 1636 1374 1672 in
1400 1647 1535 1684 ununi,

339 1689 395 1726 Et
424 1694 532 1730 totus
554 1687 659 1737 fuso
689 1690 820 1723 circus
849 1687 1087 1737 resplenduit
1116 1702 1228 1726 auro.

346 1745 458 1780 Tunc
480 1744 616 1793 positu
642 1745 794 1779 ratione
812 1744 974 1792 palam,
998 1744 1226 1794 populoque
1253 1741 1406 1781 vidente

339 1798 490 1835 Debita
513 1798 704 1848 persolvit
728 1800 940 1848 genitoris,
970 1805 1094 1835 cauta
1123 1801 1276 1849 recepit.

339 1854 386 1890 P.
422 1855 508 1899 166,
539 1852 578 1892 5.
635 1854 697 1889 Ex
733 1853 849 1890 rebus
875 1853 1065 1890 Immanis
1096 1853 1314 1903 excesserit]
1360 1854 1418 1890 'De
1455 1851 1659 1890 Iustinifmi

231 1914 357 1945 morte
386 1906 486 1943 nihil
513 1909 746 1957 Procopius,
785 1920 877 1944 nam
914 1915 1002 1958 post
1036 1907 1140 1945 hunc
1178 1909 1320 1945 librum
1350 1909 1396 1944 ab
1428 1921 1472 1945 eo
1502 1908 1660 1944 absolu-

233 1970 331 2010 tum,
360 1969 488 2000 totum
516 1965 763 2013 septennium
780 1965 1015 2000 Iustinianus
1044 1964 1247 2013 superfuit.
1304 1965 1466 2014 Antiqui
1495 1965 1659 2011 scripto-

234 2028 295 2054 res
335 2019 474 2064 sileut3
515 2031 566 2054 ex
605 2019 879 2055 recentioribus
922 2019 1137 2056 Sabellicus
1174 2018 1360 2055 Enneade
1390 2018 1415 2056 8
1450 2018 1519 2054 lib.
1548 2015 1587 2056 4.
1622 2023 1661 2053 et

94 2076 124 2111 P
150 2076 215 2112 174
236 2073 415 2110 Octavius
450 2086 472 2108 a
499 2073 674 2122 Rosberg
708 2080 838 2109 mente
876 2080 1030 2123 captum
1066 2074 1205 2110 obiisse
1235 2073 1438 2109 affirmant.
1494 2071 1539 2108 Id
1570 2073 1660 2122 qui—

235 2127 327 2164 dem
357 2127 404 2163 de
431 2129 577 2164 Iustino
607 2129 810 2164 Iustiniani
837 2134 977 2177 nepote
1006 2130 1124 2164 etiam
1148 2135 1296 2165 veteres
1324 2134 1502 2174 narrant3
1542 2134 1579 2163 et
1607 2127 1659 2162 il—

234 2184 311 2220 lius
342 2185 477 2218 aetatis
504 2181 689 2228 historici,
720 2182 931 2218 Menander
951 2184 1148 2219 Protector
1174 2184 1203 2220 l.
1225 2186 1250 2223 2
1279 2190 1316 2219 et
1338 2181 1660 2232 Theophylactus

236 2238 446 2275 simocatta
473 2238 501 2273 1.
533 2240 556 2277 3
586 2250 618 2272 c.
652 2239 714 2276 11.
769 2239 870 2273 Num
899 2239 996 2274 sicut
1032 2240 1183 2274 inscitia
1218 2239 1355 2275 Iustini
1385 2239 1567 2284 senioris,
1606 2238 1661 2272 ita

235 2294 397 2329 iunioris
437 2291 632 2328 dementia
668 2293 716 2328 ob
751 2294 921 2329 nominis
960 2292 1257 2330 similitudinem
1297 2293 1357 2344 (ut
1395 2305 1510 2342 supra
1545 2305 1660 2342 saepe

237 2346 477 2395 notavimus)
506 2349 718 2384 Iustiniano
747 2347 938 2398 adscripta
967 2355 1024 2384 est
1036 2347 1055 2384 ’ἔ
1086 2350 1229 2385 Verum
1259 2361 1356 2399 quae
1385 2347 1432 2384 de
1460 2348 1664 2383 Iustiniani

239 2402 451 2440 stohditate
491 2401 539 2438 fid
576 2415 615 2452 p-
654 2405 706 2442 36
748 2403 861 2441 l.12
903 2405 1142 2451 notavimus,
1185 2402 1262 2439 huc
1303 2404 1428 2439 facere
1469 2401 1662 2439 videntur.

239 2461 341 2495 Nam
369 2458 510 2507 legisse
538 2470 602 2493 me
631 2459 792 2492 memini
822 2457 926 2507 apud
954 2458 1117 2495 Suidam
1133 2433 1294 2522 antiqui
1333 2465 1369 2494 et
1399 2457 1490 2494 boni
1519 2458 1664 2494 autoris

240 2512 339 2550 haec
366 2513 495 2550 verba.
550 2510 592 2550 Ὀ
621 2510 662 2550 δὲ
687 2508 956 2559 Ἰουστινιανὸς
992 2513 1066 2552 εἴτε
1100 2508 1179 2552 ὑπὸ
1213 2509 1342 2565 γήρως
1373 2527 1421 2551 τα
1449 2513 1582 2564 καίρια
1610 2527 1663 2577 μη

242 2570 425 2620 φρονῶν,
462 2567 536 2607 εἴτε
563 2563 687 2612 ἄλλως
717 2566 843 2617 ἔμελλε
870 2582 943 2633 την
973 2563 1256 2633 ὄρθογνώμονα
1283 2566 1371 2618 περὶ
1402 2570 1573 2619 Χριστοῦ
1600 2562 1666 2605 δό-

242 2624 315 2672 ξαν
341 2618 611 2672 διακυκήσειν,
650 2622 685 2660 εἰ
710 2619 762 2672 μὴ
792 2622 831 2668 ἐξ
855 2617 1082 2674 ανθρώπων
1110 2620 1238 2675 α’)’χετο-
1296 2621 1547 2659 lastinianus
1575 2634 1662 2659 vero

243 2679 308 2715 vel
327 2684 488 2728 propter
514 2683 759 2727 senectutem,
796 2677 858 2714 vel
884 2678 972 2713 aliu
1000 2676 1047 2713 de
1075 2691 1200 2714 causa
1227 2678 1387 2714 minime
1414 2691 1515 2714 sana
1542 2682 1664 2713 mente

240 2741 412 2783 paratus
440 2739 524 2771 erat
552 2731 609 2771 ad
635 2730 891 2770 orthodoxam
920 2730 967 2774 de
988 2732 1143 2771 Christo
1170 2735 1401 2772 sententiam
1421 2731 1663 2784 perturban-
