1800 3126
273 164 370 210 396
723 171 782 213 IN
815 170 960 214 HIST.
994 172 1254 218 ARGANAM

271 281 331 312 est
358 275 387 312 l.
414 277 433 316 1
466 274 583 314 aedif.
628 274 740 315 Κατοῖ
769 275 812 317 τὸ
839 275 957 328 μέσον
986 277 1143 318 ἑστᾶσιν
1173 296 1194 320 ο
1225 295 1265 321 τε
1289 281 1472 334 βασιλευς
1498 283 1565 325 καὶ
1590 302 1617 337 η
1640 287 1708 337 βα-

271 329 370 377 σιλὶς
399 329 584 382 Θεοδῶρα
610 328 781 377 ἐοικότες
810 330 931 383 α’μφω
959 331 1151 403 γεγηθόσι
1178 350 1220 374 τε
1247 337 1313 376 καὶ
1342 335 1548 390 νικητήρια
1576 338 1707 392 ἑορτά-

270 387 403 431 ζουσιν
432 386 496 424 ἐπί
522 402 562 425 τε
589 390 644 439 τῳ
674 388 878 427 Βανδίλων
908 389 976 427 καὶ
1005 392 1167 428 Γοτθων
1197 392 1350 441 βασιλεῖ
1377 391 1637 457 δορυαλωτοις
1663 410 1706 435 τε

266 439 334 478 καὶ
363 437 574 492 οἷγωγίμοις
602 437 692 493 παρ’
716 439 862 489 αὐτούς
888 440 1040 493 ἥκουσι,
1097 443 1234 482 Media
1258 459 1344 484 vero
1373 450 1414 485 in
1439 450 1582 488 tabula
1608 458 1704 487 sunt

266 497 481 544 imperator
509 509 558 532 ac
595 495 799 534 Theodora
826 498 1020 549 Augusta
1056 501 1319 550 gestientibus
1346 505 1494 541 similes
1529 513 1564 542 et
1591 507 1704 542 exul-

266 550 446 586 tantibus
482 550 528 587 ob
567 550 739 588 devictos
782 553 1077 604 Vandaltmram
1118 555 1428 606 Gotthorumque
1463 573 1590 610 reges,
1631 563 1703 610 qui

147 603 178 635 A
201 603 244 637 48
269 607 418 654 captiti
454 618 527 654 per
565 608 815 657 triumphum
842 608 901 646 ad
926 611 1033 659 ipsos
1070 610 1298 651 trahuntur.
1354 613 1418 650 Sic
1457 615 1498 650 in
1537 616 1701 665 publicis

266 661 584 709 inscriptionibus
620 666 838 700 communis
877 667 1031 716 utrique
1074 667 1226 702 titulus.
1282 669 1387 716 Lege
1424 669 1528 718 apud
1556 670 1702 707 Cedre-

266 729 366 751 num
393 717 704 766 inscriptionem,
744 732 843 770 quae
873 727 953 757 erat
990 722 1030 756 in
1058 722 1205 771 templo
1235 721 1418 772 Sophiae.
1476 726 1521 760 In
1552 727 1699 776 templo

267 783 358 807 vero
389 771 430 807 S.
462 771 608 822 Sengii‚
651 786 750 824 quae
788 773 926 811 domus
964 774 1117 825 pridem
1151 778 1355 813 Iustiniani
1395 777 1521 816 adhuc
1548 783 1698 830 patricii

265 826 363 871 fuit,
403 824 500 862 haec
529 828 686 866 extabat
714 830 935 880 inscriptio,
980 843 1100 882 quam
1135 833 1177 867 in
1203 834 1476 884 manuscriptis
1505 836 1698 874 Vaticanis

266 879 464 918 codicibus
494 883 586 932 legi.

377 933 488 976 ἄλλοι
514 936 600 994 μὲν
614 939 796 1006 βασιλῆες
825 935 1053 991 ἐτιμήσαντο
1081 937 1281 988 θανόντας

375 987 538 1058 οἷνέρας,
568 995 624 1032 ὠν
654 990 822 1045 οἷνοητος
850 995 918 1045 εἠν
946 994 1079 1042 πόνος.
1134 995 1321 1048 ’ἡμέτερος
1347 995 1391 1037 δὲ

373 1042 555 1098 ευσεβίην
583 1053 826 1113 σκηπτοῦχος
850 1046 1117 1097 Ἰουστινιανὸς
1145 1050 1269 1099 α’έξων

374 1101 541 1154 Σέργιον
571 1100 767 1155 αἰγλήεντι
797 1101 906 1159 δόμῳ
934 1103 1160 1157 θεράποντα
1187 1107 1357 1157 γεραίρει

377 1159 553 1206 Χριστοῦ
578 1158 877 1208 παμμεδέοντος.
933 1158 998 1199 τὸν
1023 1158 1071 1200 οὕ
1099 1159 1219 1212 πυρὸς
1247 1158 1362 1209 οἷτμὸς
1390 1157 1588 1207 ἀνάπτων,

377 1209 426 1250 οὕ
455 1213 590 1262 ξίφος,
621 1228 692 1264 ουχ
721 1213 828 1265 ἑτέρη
858 1212 1042 1264 βασανων
1070 1213 1248 1267 ἐτάραξεν
1277 1213 1440 1268 ἀνάγκη,

374 1262 474 1306 ἄλλ-α’
503 1270 607 1307 θεοῦ
634 1268 812 1319 τέτληκεν
840 1267 940 1319 ’ὕπερ
968 1273 1153 1336 Χριστοῖο
1183 1273 1356 1337 δαμῆναι

370 1322 505 1372 αι’ματι
531 1324 748 1375 κερδαίνων
777 1321 900 1375 δόμον
929 1321 1116 1375 ουρανοιῖ.
1175 1322 1254 1365 ἀλλ’
1278 1325 1338 1366 ἐνὶ
1367 1329 1466 1366 πᾶσι

372 1379 581 1430 κοιρανίην
609 1380 796 1430 βασιλῆος
825 1376 1052 1430 οἶκοιμήτοιο
1081 1379 1262 1430 φυλάξοι,

371 1432 439 1472 καὶ
468 1431 611 1483 κράτος
640 1431 821 1485 αυξήσειε
850 1435 1085 1484 θεοστεφέος
1116 1432 1335 1501 Θεοδωρας,

370 1482 424 1552 ἧς
451 1485 545 1535 νόος
553 1485 732 1555 εὐσεβίῃ
763 1486 1038 1556 φαιδρύνεται,
1067 1486 1269 1541 ἦςυπόνος
1296 1490 1374 1530 αἰεὶ

371 1537 451 1582 κοῖκ
474 1559 650 1583 κτεανων
678 1547 897 1595 θρεπτῆρες
922 1541 1099 1594 αφειδὲες
1128 1545 1228 1585 εἰσὶν
1257 1542 1416 1597 αγῶνες.

370 1599 416 1635 Ρ.
438 1599 504 1646 70,
538 1601 574 1638 1.
633 1600 860 1637 Simulatus
888 1600 952 1636 liis
978 1614 1022 1637 ex
1050 1599 1214 1638 adverso
1242 1600 1405 1651 studiis]
1436 1602 1499 1636 Ex
1527 1599 1697 1638 adversis

261 1649 401 1690 studiis
440 1655 482 1689 in
521 1655 636 1691 rebus
678 1654 770 1691 fidei
806 1656 898 1691 licet
936 1657 1139 1706 colligere,
1181 1663 1219 1693 et
1255 1658 1296 1692 in
1333 1657 1493 1706 reliquis
1529 1657 1696 1704 negotiis

262 1706 578 1758 discrepantiam,
606 1710 670 1746 vel
690 1711 991 1747 simulationem.
1048 1713 1141 1747 Erat
1161 1713 1409 1758 Iustifflauus,
1431 1718 1474 1747 ut
1494 1712 1547 1746 ait
1564 1712 1696 1747 Leon-

259 1764 337 1798 tius
367 1763 415 1800 de
446 1766 579 1812 sectis,
623 1766 739 1815 plme
772 1766 1013 1815 Συνοδίτης,
1055 1767 1319 1813 Conciliaris;
1360 1768 1414 1803 ita
1451 1773 1536 1803 tum
1567 1767 1695 1802 vocati

260 1825 352 1854 sunt
393 1821 547 1856 concilii
577 1819 903 1857 Chalcedonensis
942 1829 1260 1871 propugnatores.
1318 1823 1458 1858 Contra
1485 1819 1695 1859 Theodora

259 1870 324 1925 (ut
357 1876 485 1911 Victor
513 1877 737 1912 Tunnensis
776 1876 959 1939 affirmat)
999 1877 1157 1913 occulta
1194 1891 1273 1913 esse
1308 1875 1449 1927 synodi
1479 1873 1696 1915 Calchedo-

260 1932 392 1966 nensis
429 1944 636 1998 nunquam
671 1929 822 1967 destitit
854 1933 1028 1972 inimica.
1067 1934 1226 1982 Evagr.
1257 1934 1286 1968 l.
1315 1932 1341 1972 4
1370 1934 1500 1972 0-10-
1539 1927 1696 1970 Ἰουστι-

260 1999 400 2032 νιανος
435 1983 506 2036 μὲν
542 2001 616 2026 ουν
651 1989 732 2026 τῶν
761 1983 986 2037 Καλχηδόνι
1022 1983 1368 2038 συνεληλυθότων,
1404 1985 1470 2025 καὶ
1501 1988 1580 2025 τῶν
1605 1981 1695 2037 παρ’

262 2035 393 2079 αὐτῶν
429 2040 707 2091 ε’κτεθειμένων
743 2038 848 2091 μαλα
885 2043 1074 2106 γενναίως
1110 2039 1311 2093 οἷντείχετο.
1370 2038 1552 2092 Θεοδωρα
1587 2039 1629 2079 δὲ
1664 2039 1694 2091 ἡ

259 2092 402 2134 τούτου
432 2093 614 2143 σύνοικος
641 2112 719 2135 των
747 2098 839 2147 μίαν
873 2092 998 2144 φύσιν
1022 2094 1234 2148 λεγόντων,
1275 2096 1348 2136 εἴτε
1377 2095 1520 2163 ου’τωςῗ
1530 2095 1690 2159 ἔχοντες,

259 2150 336 2188 εἴτε
364 2150 430 2189 καὶ
459 2167 557 2190 κατα
587 2166 674 2190 τινα
701 2150 956 2203 συγκειμένην
983 2152 1229 2203 οἰκονομίαν,
1268 2151 1373 2201 ὅμως
1401 2147 1441 2191 δ’
1471 2166 1544 2190 ουν
1573 2146 1694 2201 ἀλλή-

260 2208 343 2268 λοις
382 2201 456 2244 οὐκ
493 2206 730 2246 ἐνεδίδοσαν.
805 2205 1148 2255 Quemadmodum
1182 2207 1436 2245 lastinianus
1471 2207 1694 2256 Epis-copis,

261 2262 333 2310 qui
366 2259 610 2297 Calchedone
636 2262 678 2297 in
706 2275 833 2298 unum
861 2270 1138 2310 convenerant,
1167 2270 1203 2298 et
1231 2261 1395 2298 decretis
1422 2261 1473 2299 ab
1498 2262 1582 2298 illis
1610 2259 1694 2297 edi-

257 2317 313 2352 tis
346 2314 462 2353 valde
491 2323 714 2353 constanter
741 2315 948 2353 adhaesit:
985 2319 1044 2353 sic
1078 2317 1273 2355 Theodora
1303 2319 1386 2354 eius
1413 2318 1572 2366 coniux,
1607 2316 1694 2353 illis

258 2373 331 2422 qui
360 2385 483 2407 unam
513 2373 555 2408 in
591 2371 746 2409 Christo
774 2379 966 2409 naturam
993 2373 1216 2410 asserebant
1229 2390 1242 2422 ‚-
1279 2374 1361 2410 sive
1395 2373 1524 2422 igitur
1560 2373 1621 2408 ita
1652 2385 1694 2407 re

258 2440 353 2463 vera
376 2429 574 2476 sentirent,
603 2429 685 2463 sive
703 2426 839 2464 dedita
867 2441 984 2476 opera
1010 2430 1069 2473 sic
1087 2430 1187 2465 inter
1215 2442 1255 2464 se
1281 2429 1556 2473 convenissent,
1583 2439 1692 2463 nemo

259 2490 391 2519 tamen
419 2483 536 2519 alteri
565 2481 735 2522 cedebat.
792 2483 958 2533 Reliqua
984 2485 1198 2521 Iustiniano
1231 2484 1376 2532 flagitia
1406 2483 1568 2519 fortasse
1597 2493 1692 2518 con-

260 2537 404 2584 dones,
443 2537 516 2574 hac
543 2539 791 2574 simulatione
819 2537 920 2574 nihil
948 2545 1032 2575 tum
1068 2540 1151 2576 orbi
1180 2537 1399 2575 Christiano
1437 2538 1692 2588 perniciosius

262 2606 347 2630 esse
378 2595 517 2644 potnit.

373 2651 418 2685 P.
449 2652 525 2695 70,
560 2651 597 2689 1.
658 2648 910 2686 Christianos
939 2650 1040 2685 inter
1067 2661 1106 2684 se
1135 2647 1432 2698 quaestionibus
1459 2645 1693 2695 concitatos]

262 2706 500 2755 Praecipuae
538 2710 703 2755 quatuor
738 2704 861 2740 ferme
889 2704 1067 2750 fuerunt3
1107 2702 1206 2740 duae
1234 2703 1305 2740 sub
1334 2705 1490 2740 Zenone
1519 2708 1557 2738 et
1584 2703 1693 2739 Ana-

263 2761 381 2798 stasio
416 2766 650 2811 eruperunt:
691 2759 912 2797 Concilium
945 2758 1252 2798 Calclzedonense
1287 2771 1342 2796 an
1369 2755 1614 2810 referendum
1649 2756 1692 2796 in
