1800 3126
571 143 762 188 NOTAE
793 143 1086 188 ALEMANNI.
1459 142 1559 192 451

107 254 227 294 rebus
250 250 496 306 praeessent]
539 251 829 302 Tribonianus,
869 254 1037 292 Ioannes
1076 251 1315 305 Cappadox,
1354 253 1557 307 Addaeus‚

106 313 246 351 Petrus
281 311 510 358 Barsames,
549 309 782 358 Aetherius,
827 310 870 347 iu
909 311 1076 349 summis
1115 310 1302 361 gradibus
1340 312 1559 351 Iustiniana

105 379 263 418 semper
289 367 481 404 carissimi
507 366 681 415 fuerunt,
712 379 881 419 quorum
909 367 1057 418 flagitia
1084 380 1221 406 omnes
1249 368 1466 420 loquuntur
1493 368 1561 407 hi·-

43 429 54 437 ‘
104 425 260 463 sturiae.
317 423 362 461 Si
390 436 482 461 vero
513 424 560 460 ab
590 422 653 461 his
681 421 917 476 numerandi
947 424 1186 475 principium
1216 423 1348 473 ducas,
1379 426 1558 477 aliosque

61 483 73 487 “
102 477 166 518 his
194 477 339 527 addas,
367 492 466 531 quos
495 481 712 530 Evagrius‚
741 478 956 530 Agatlfias,
985 482 1200 533 Procopius
1228 482 1270 519 in
1299 482 1462 534 reliquis
1492 481 1559 519 hi-

102 537 245 576 sturiae
273 536 407 584 libris,
438 534 726 587 Theophanes,
758 535 926 585 Suidas‚
964 537 1112 591 aliique
1141 539 1350 590 scriptores
1379 551 1558 576 comme-

101 599 278 642 morant,
310 593 515 643 explorata
543 594 660 643 plane
690 605 751 630 res
780 594 868 630 erit.

211 650 259 687 P.
290 651 382 697 123,
413 651 454 691 8-
517 647 765 687 Theodotum
792 650 837 686 in
864 663 907 687 eo
933 647 1072 701 gradu
1100 649 1322 702 collocant]
1358 649 1421 689 Ad
1449 649 1556 690 hunc
1579 652 1609 687 P
1633 653 1700 689 162

101 711 241 743 extant
269 705 421 756 aliquot
447 707 656 743 Iustiniani
690 706 894 754 novellae,
938 719 1082 757 nempe
1111 709 1204 748 112.
1261 708 1321 744 De
1357 708 1555 759 litigiosis,

99 767 141 798 et
170 762 345 813 quinque
373 760 468 799 huic
495 764 727 813 proximae3
759 775 860 814 quae
891 761 1006 800 datae
1039 769 1131 800 sunt
1167 765 1282 802 Ius'r.
1310 765 1418 803 Aue.
1448 766 1555 803 Anu.

98 829 176 856 xv.
205 819 394 856 Bismo.
423 819 470 856 V.
501 819 544 856 C.
576 831 692 857 cous.
749 818 905 857 Eodem
933 820 1083 857 scilicet
1113 831 1240 868 anno,
1282 833 1360 872 quo
1389 823 1557 860 Ioannes

98 872 317 925 Cappadox
344 875 386 911 in
415 875 583 911 exilium
611 875 750 926 pulsus
783 882 862 924 est,
903 877 973 927 qui
1010 876 1087 913 fuit
1117 874 1295 914 decimus
1325 879 1410 915 eius
1439 891 1559 929 prae-

96 930 296 979 fecturae,
333 937 378 968 ut
404 929 525 968 habet
553 933 768 982 Procopius
797 932 826 969 l.
854 934 875 973 1
905 933 1000 969 bell.
1030 933 1140 970 Pers.
1179 928 1364 984 Ἰωάννης
1394 934 1558 975 δέκατον

95 985 183 1034 ἔτος
209 984 288 1038 τήν
318 982 442 1039 οῗρχῆν
471 986 582 1039 ἔχων,
611 988 783 1025 Ioannes
811 987 940 1026 decem
962 991 1006 1026 in
1025 987 1224 1040 dignitate
1253 1003 1380 1027 annos
1410 992 1557 1042 exegit:

95 1041 264 1080 totidem
293 1045 400 1080 enim
427 1044 653 1082 numerabis
683 1045 731 1082 ab
764 1058 866 1082 anno
896 1046 1025 1096 primo
1048 1052 1138 1096 post
1163 1046 1411 1084 consulatum
1429 1049 1553 1084 Lam—
1576 1048 1607 1083 A
1630 1049 1676 1084 99

94 1097 206 1150 padii
234 1105 274 1136 et
301 1100 469 1150 Orestis,
509 1099 667 1153 quando
698 1102 803 1153 cepit
831 1103 999 1140 Ioannes
1026 1102 1338 1152 praefecturam,
1378 1102 1429 1141 ad
1457 1108 1556 1142 con-

93 1155 270 1194 sulatum
289 1157 440 1194 Basilii.

205 1213 253 1250 P.
287 1213 390 1260 123,
422 1213 490 1253 10.
558 1213 707 1251 Petrus
748 1211 918 1264 quidam
952 1227 1092 1265 genere
1129 1214 1257 1264 Syrus
1295 1223 1554 1266 cognomento

92 1268 327 1320 Bareames]
355 1269 557 1307 Habemus
587 1268 639 1306 ad
666 1268 773 1307 hunc
801 1271 973 1321 plurima
1000 1271 1207 1307 Iustiniani
1235 1272 1435 1322 rescripta.
1492 1273 1554 1310 De

93 1323 238 1362 eodem
266 1326 320 1363 ita
348 1326 431 1377 legi
459 1327 500 1362 iu
529 1326 710 1379 πατρίοις
729 1327 808 1364 CP.
840 1323 907 1367 τὸν
935 1323 1102 1368 παλαιὸν
1133 1324 1288 1379 Πέτρον
1312 1327 1465 1379 Πέτρος
1494 1344 1554 1376 τις

91 1382 300 1434 πατρίκιος
339 1381 404 1423 ἐπὶ
441 1385 525 1430 τοῖς
561 1379 719 1435 χρόνοις
752 1378 1034 1423 Ἰουστινιανοῦ
1068 1384 1141 1423 τοῦ
1178 1379 1350 1436 μεγάλου
1389 1383 1552 1425 ἔκτισεν.

92 1436 227 1490 ἔλεγον
257 1435 300 1477 δὲ
329 1434 449 1478 αὐτὸν
477 1435 756 1490 Βαρσαμιανὸν
785 1436 852 1478 τὸν
881 1435 1020 1491 Σύρον
1051 1435 1198 1486 πολλὰς
1229 1435 1350 1492 ἆρχοῖς
1378 1443 1435 1495 τῷ
1463 1438 1552 1482 τότε

89 1491 221 1548 χρόνῳ
257 1489 472 1534 ἄνύσαντα.
535 1495 711 1532 Veterem
739 1495 944 1532 eeclesiam
972 1497 1106 1532 sancti
1136 1497 1246 1533 Petri
1274 1504 1447 1547 tempore
1475 1497 1552 1535 Iu—

88 1551 262 1588 sciniam'
288 1552 431 1602 magni
458 1552 602 1588 Petrus
636 1549 805 1602 quidam
835 1552 1038 1602 patricius
1076 1550 1333 1602 aedficavit3
1375 1554 1441 1591 cui
1479 1567 1551 1590 co-

85 1619 258 1658 gnomen
285 1614 372 1644 erat
398 1608 693 1645 Buarsimiano
722 1609 835 1658 Syro,
865 1609 939 1659 qui
966 1615 1063 1645 tunc
1089 1609 1239 1645 multos
1260 1611 1388 1659 gessit
1416 1611 1551 1662 magi-

88 1669 256 1702 stratus.
312 1664 608 1701 Praefecturam
635 1665 775 1702 aerarii
806 1663 978 1701 eundem
1005 1663 1302 1702 administrasse
1321 1667 1441 1717 paulo
1459 1673 1550 1717 post

88 1720 307 1771 Procopius
344 1726 640 1757 commemorat.
698 1722 767 1758 Bis
795 1721 1047 1771 praefectum,
1071 1723 1289 1771 praetorio,
1330 1723 1388 1759 bis
1421 1724 1550 1760 comi-

88 1781 172 1812 tem
198 1776 454 1826 largitionum
480 1777 626 1824 fuisse,
668 1774 814 1815 diversi
842 1778 1092 1814 novellarum
1122 1778 1229 1814 tituli
1260 1777 1546 1816 demonstrant.

199 1834 246 1869 P.
276 1831 367 1881 124,
399 1833 467 1872 11.
525 1833 695 1870 Nomine
723 1832 924 1884 collector]
960 1834 1089 1870 Locus
1117 1835 1159 1870 in
1189 1834 1338 1872 Graeco
1369 1842 1428 1872 est
1458 1848 1546 1873 cor-

87 1889 351 1940 ruptissimus,
382 1886 511 1940 ὄνομα
537 1887 666 1936 τιθεὶς
689 1885 763 1939 τὴν
789 1889 936 1941 πρᾶξιν
963 1886 1038 1940 τήν
1068 1887 1275 1941 συλλογήν,
1304 1904 1444 1928 nomen
1469 1893 1548 1928 im-

59 1956 66 1964 ··
79 1935 234 1996 ponens
262 1946 321 1982 rei
353 1945 634 1982 collectionem.
693 1943 861 1994 suidas,
895 1941 1062 1998 συλλογὴ
1094 1942 1222 1997 ὄνομα
1251 1942 1387 1999 ἀρχῆς.
1448 1946 1547 1985 Col-

85 2001 202 2039 lectio
230 2015 369 2039 nomen
402 2008 460 2038 est
494 2003 778 2052 magistratus,

198 2058 245 2095 P.
279 2059 377 2106 126,
407 2055 449 2097 4.
507 2058 602 2095 Hoc
630 2071 733 2094 onus
761 2057 900 2095 vocari
937 2069 1100 2094 annona
1136 2057 1362 2109 consuevit]
1405 2056 1545 2096 Codex

84 2115 377 2165 manuscriptus
415 2115 587 2152 Graecus
620 2112 739 2150 habet
776 2116 992 2162 συνωνεῖν,
1033 2119 1072 2150 et
1108 2112 1211 2149 infra
1250 2110 1434 2166 συνωνήε
1471 2113 1544 2152 sed

84 2177 298 2222 utrumque
339 2169 436 2222 quid
474 2169 563 2208 est‘?
602 2173 682 2207 Nos
711 2165 919 2220 οἷννώνην,
956 2182 1027 2207 seu
1057 2163 1244 2208 οἷννώναν
1270 2170 1465 2220 legimus,
1503 2177 1543 2208 et

84 2226 330 2278 interpretati
357 2240 519 2274 sumus,
560 2228 737 2278 apposite
767 2224 818 2262 ad
847 2237 946 2262 rem.
1002 2225 1076 2262 Ille
1112 2225 1362 2263 librariorum
1392 2233 1450 2264 est
1478 2227 1543 2264 la-

82 2294 200 2334 psus,
239 2284 307 2335 qui
335 2284 542 2320 Latinaam
579 2296 720 2320 vocem
755 2295 835 2319 non
864 2287 956 2319 suut
990 2282 1170 2319 assecuti.
1228 2283 1350 2320 Miror
1372 2282 1540 2320 Suidam

84 2339 127 2376 iu
155 2352 226 2377 suo
256 2338 390 2378 codice
419 2338 611 2376 mendum
635 2352 715 2377 non
744 2337 1089 2385 animadvertissez,
1119 2350 1214 2374 nam
1242 2339 1284 2375 iu
1307 2338 1539 2377 dictionario

85 2395 129 2432 in
154 2395 286 2433 littera
309 2399 350 2435 Σ
373 2398 505 2447 posuit
533 2409 673 2433 vocem
702 2391 886 2446 συνωνή,
916 2392 992 2430 hac
1019 2395 1173 2444 integra
1202 2392 1320 2433 huius
1347 2394 1539 2434 hiStoriae

84 2449 279 2503 descripta
306 2454 505 2504 pericopa.
562 2451 662 2490 Vide
690 2458 827 2489 notam
856 2449 907 2487 ad
933 2464 973 2502 p.
1002 2452 1094 2490 102.

194 2509 241 2545 Ρ.
274 2511 374 2557 127,
405 2511 444 2549 9.
503 2509 634 2546 Nulla
664 2508 929 2558 propinqui-5⁸,
971 2506 1036 2543 vel
1061 2506 1205 2543 amicis
1234 2507 1278 2543 in
1315 2506 1388 2542 illo
1407 2505 1540 2556 firma

84 2569 267 2615 certaque
305 2578 393 2616 spes
432 2563 723 2615 ostenderetur]
775 2565 834 2600 De
872 2563 1103 2614 propinquis
1152 2569 1191 2600 et
1234 2563 1537 2611 consanguineis

84 2619 196 2656 nullo
224 2620 311 2658 loco
339 2620 483 2659 habitis
509 2634 532 2658 a
557 2622 790 2668 Iustiniano,
818 2620 906 2670 lege
936 2619 1247 2657 coniurationem
1266 2619 1535 2668 Arsacianam,

84 2686 207 2726 quam
232 2676 446 2729 Procopius
475 2676 660 2715 describit
688 2678 717 2713 l.
747 2679 772 2716 3
801 2676 895 2713 bell.
925 2673 1061 2712 Gotth.

194 2731 240 2768 P·
271 2733 364 2782 128,
393 2737 432 2775 6.
491 2734 712 2773 Imminuta
732 2733 929 2784 pecunia,
964 2745 1067 2782 quae
1093 2727 1356 2768 sublevandis
1385 2728 1514 2766 multo

83 2798 176 2824 rum
203 2787 317 2826 rebus
345 2793 564 2842 quotannis
592 2787 864 2842 impartienda
892 2789 992 2839 erat]
1026 2789 1205 2826 Fortasse
1234 2784 1311 2824 hoc
1339 2793 1398 2824 est
1427 2783 1535 2838 quod
