1754 3132
120 660 838 738 IIPOKOJIIOT
880 665 1566 739 ANEKAOTA
1613 702 1686 737 p1

338 802 806 852 PRocoPu
847 803 1367 854 ANECDOTA.

388 1051 1316 1110 ARGUMENTUM.

532 1154 602 1188 EX
633 1153 876 1190 EDITIONE
908 1152 1175 1190 MALTRETI.

115 1220 363 1293 Antoninae
381 1269 492 1303 genus
511 1264 545 1293 et
564 1260 737 1295 educatio.
765 1261 938 1295 Belisario
953 1266 1066 1305 nupta
1086 1260 1184 1293 dedit
1201 1271 1236 1293 se
1252 1261 1446 1296 adulteriis.
1474 1263 1588 1297 Caede

115 1310 260 1345 Silvem'i
274 1309 396 1353 Papae
416 1309 635 1342 Theodoram
646 1311 740 1354 Aug.
756 1310 824 1343 sibi
841 1311 1016 1343 conciliat.
1063 1310 1152 1342 Eius
1161 1310 1315 1353 flagitia
1332 1322 1406 1343 cum
1427 1311 1587 1344 Theodo-

114 1358 166 1391 sio
186 1356 412 1390 adolescente.
458 1355 738 1399 Deprehenditur
755 1368 777 1389 a
793 1356 989 1389 Belisario:
1014 1355 1053 1388 in
1071 1356 1246 1388 delatores
1265 1356 1397 1389 saevit.-
1422 1357 1588 1390 Photium

106 1403 226 1447 filium
256 1412 354 1434 suum
379 1400 516 1434 insidiis
546 1402 646 1445 petit.
699 1402 907 1435 Theodosius
928 1403 980 1445 fit
1007 1401 1139 1445 Ephesi
1162 1402 1360 1435 monachus.
1390 1402 1503 1446 (Cap.
1526 1403 1586 1446 1.)

113 1447 308 1482 Belisarius
327 1447 491 1480 adversus
514 1447 697 1480 Chosroem
719 1448 888 1480 mittitur.
936 1448 1101 1483 Photium
1112 1447 1318 1492 privignum
1339 1459 1438 1481 suum
1459 1449 1586 1482 horta-

114 1499 174 1529 tur
201 1494 248 1528 ad
275 1504 390 1526 necem
417 1493 622 1534 Theodosii,
643 1494 690 1526 ad
715 1494 931 1527 Antoninum
957 1494 1096 1526 reversi.
1145 1493 1213 1526 Res
1231 1494 1403 1535 Orientis,
1426 1499 1459 1527 et
1479 1495 1515 1527 in
1532 1495 1587 1527 his

114 1541 219 1585 culpa
245 1538 422 1572 Belisarii.
469 1538 526 1572 Ex
551 1539 700 1584 epistola
727 1539 931 1572 Theodorae
959 1540 1054 1584 Aug.
1082 1550 1204 1572 ansam
1229 1539 1396 1572 Chosroes
1422 1540 1588 1584 carpendi

114 1587 292 1620 Romanos
309 1585 450 1629 arripit.
476 1585 550 1629 (2.)
618 1586 834 1619 Antoninum
852 1585 1045 1619 Bclisarius
1064 1585 1102 1617 in
1123 1585 1318 1618 custodiam
1345 1586 1420 1619 dat.
1471 1586 1586 1619 Theo-

114 1633 232 1666 dosius
256 1631 455 1665 Antoninae
483 1631 636 1665 amasius
662 1631 700 1663 in
732 1632 898 1675 templum
928 1631 1102 1675 confugit.
1149 1631 1342 1664 Belisarius
1375 1632 1586 1675 Byzantium

113 1682 310 1712 revocat-ur.
355 1677 506 1711 Photius
538 1677 767 1710 Theodosium
793 1678 830 1710 in
854 1677 972 1711 vincla
997 1677 1149 1710 coniicit.
1199 1677 1382 1710 Theodora
1402 1678 1439 1710 in
1458 1678 1588 1712 amicos

113 1724 281 1759 Belisarii
308 1723 442 1756 saevit.-
469 1723 695 1756 Theodosium
713 1724 916 1757 Senatorem
936 1724 983 1756 ad
998 1722 1215 1767 praesepium
1241 1724 1410 1756 damnat:
1435 1724 1585 1757 Antoni-

113 1782 183 1805 nae
202 1769 430 1804 Theodosium
456 1770 627 1803 amasium
651 1770 784 1802 reddit.-
811 1770 979 1803 Photium
996 1770 1102 1802 habet
1120 1770 1156 1801 in
1172 1780 1308 1802 carcere
1320 1782 1330 1802 .-
1355 1770 1489 1813 asylum
1508 1770 1586 1803 vio-

115 1817 182 1851 lat.
228 1815 395 1849 Elabitur
425 1816 571 1849 Photius
595 1815 732 1849 monitu
760 1816 960 1849 Zachariae
983 1816 1177 1859 prophetae
1192 1815 1229 1847 in
1246 1815 1372 1848 somnis
1400 1816 1477 1848 visi.
1525 1816 1587 1848 Fit

114 1863 313 1897 monachus.
339 1861 410 1904 (3.)
475 1861 523 1894 Ob
543 1863 723 1905 prolatam
742 1866 867 1895 temere
886 1873 1022 1901 vocem,
1047 1865 1254 1905 aegrotante
1270 1861 1485 1902 Iustiniana,
1509 1862 1584 1894 Bu-

116 1920 173 1943 zes
195 1909 233 1941 in
261 1918 430 1941 carcerem
453 1908 710 1940 subterraneum
742 1908 934 1940 coniicitur.
982 1907 1246 1940 Esauctoratur
1273 1906 1477 1939 Belisarius.
1522 1908 1583 1939 In-

116 1956 231 2000 digna
250 1964 412 1998 passum,
434 1954 576 1986 tandem
600 1953 784 1987 Theodora
804 1953 1004 1986 Antoninae
1023 1952 1208 1985 condonat.
1256 1952 1427 1985 Ioannina
1445 1953 1583 1986 Belisa-

114 2002 162 2035 rii
168 2000 255 2045 filia
273 1998 464 2033 Anastasio
483 2000 684 2043 spondetur.
731 2000 854 2033 Altera
863 1999 1031 2032 Belisarii
1049 1998 1086 2031 in
1106 1998 1251 2031 Italiam
1273 1998 1466 2042 expeditio,
1490 1999 1584 2042 infe-

115 2048 175 2081 lix.
222 2046 382 2080 Fortuna
395 2045 485 2079 nihil
503 2046 603 2078 aliud
621 2045 690 2078 nisi
706 2045 828 2078 divina
842 2044 1081 2090 providentia.
1107 2042 1176 2087 (4.)
1235 2044 1400 2078 Avaritia
1418 2045 1585 2078 Belisarii

113 2094 153 2127 in
169 2091 301 2127 Italia:
325 2092 367 2125 ab
387 2103 425 2125 eo
444 2092 588 2125 Ioannes
602 2103 637 2124 se
657 2092 846 2125 abalienat.
894 2091 1038 2124 Italiam
1058 2090 1250 2122 Belisarius
1279 2090 1452 2133 afflictam
1472 2091 1582 2123 relin-

115 2139 202 2185 quit.
244 2137 457 2184 Nuptiarum
475 2138 694 2173 conciliatrix
713 2138 923 2181 turpissima.
961 2136 1153 2170 Belisarius
1170 2135 1323 2169 uxorius.
1362 2137 1482 2181 Sergii
1499 2147 1580 2181 per-

106 2185 204 2230 fidia
232 2196 274 2218 ac
306 2182 497 2218 crudelitas
521 2183 560 2216 in
590 2184 758 2228 Legatos.
804 2184 969 2217 Solomon
986 2182 1195 2226 Pegasium,
1219 2193 1242 2214 a
1259 2193 1324 2226 quo
1340 2182 1399 2226 pie
1416 2183 1579 2216 moneba-

114 2236 195 2273 tur,
217 2230 361 2264 occidit:
386 2231 429 2263 ab
450 2230 663 2274 Imperatore
680 2230 873 2269 absolutus,
896 2241 919 2262 a
939 2230 1011 2262 Deo
1027 2228 1207 2273 plectitur.
1232 2228 1301 2271 (5.)
1374 2229 1501 2261 Iustini
1525 2240 1578 2261 se-

79 2313 81 2317 .
114 2277 224 2312 nioris
249 2287 360 2322 genus
382 2281 416 2309 et
434 2277 570 2320 patria.
619 2276 705 2309 Cum
729 2281 814 2309 esset
834 2275 1105 2314 Praetorianus,
1128 2278 1271 2307 mortem
1300 2275 1429 2315 evasit,
1450 2275 1580 2308 Ioanne

115 2324 155 2357 in
172 2323 299 2357 somnis
315 2322 467 2363 monito,
490 2333 533 2355 ne
558 2322 657 2355 illum
686 2322 866 2355 occideret.
914 2320 1155 2354 Praetorianis
1173 2319 1217 2352 ab
1234 2320 1423 2353 Anastasio
1443 2321 1577 2364 praefi-

115 2369 218 2404 citur.
256 2369 318 2403 Fit
330 2368 534 2413 Imperator,
556 2368 713 2412 quamvis
726 2367 989 2412 analphabetus.
1025 2365 1129 2399 Nova
1145 2366 1377 2399 subscribendi
1393 2378 1464 2399 ars.
1504 2367 1577 2399 Du—

113 2415 234 2460 picina
257 2415 382 2448 Iustim·
403 2425 502 2447 uxor.
548 2414 736 2447 Iustiniani
753 2414 944 2458 ingenium.
991 2414 1124 2446 Auctor
1144 2412 1258 2444 caedis
1275 2412 1434 2445 Amantii
1450 2424 1492 2445 ac
1516 2412 1575 2444 Vi-

117 2461 256 2495 taliani.
283 2461 354 2504 (6.)
422 2460 628 2494 Factionum
653 2460 746 2494 Circi
773 2460 916 2493 licentia
940 2458 1084 2503 egregie
1109 2458 1324 2492 describitur.
1370 2457 1521 2492 Novitas
1542 2457 1579 2489 in

117 2508 215 2540 cultu
232 2506 395 2551 corporis.
442 2506 650 2540 Latrocinia
676 2518 718 2540 ac
747 2506 877 2539 caedes.
923 2505 1139 2538 Exarmatae
1155 2503 1278 2548 Leges.
1324 2504 1450 2537 Libido
1468 2514 1576 2547 vaga.

123 2553 242 2587 Uxoris
261 2553 353 2587 mira
369 2553 407 2585 in
426 2552 590 2585 maritum
599 2553 703 2595 fides.
751 2551 938 2585 Iustiniani
963 2550 1193 2596 reprehensio.
1223 2550 1296 2593 (7.)
1364 2549 1577 2582 Iustinianus

118 2599 217 2632 asino
236 2599 371 2632 similis.
416 2599 602 2632 Aerarium
621 2599 804 2632 exhaurit:
838 2598 981 2632 insanas
998 2597 1103 2630 moles
1122 2595 1160 2628 in
1178 2595 1271 2629 mari
1291 2595 1479 2628 substruit.-
1515 2605 1577 2637 pe—

119 2644 242 2678 cuniae
260 2644 476 2689 quaerendae
491 2644 586 2678 viam
607 2644 675 2677 init
690 2644 874 2678 iniustam:
889 2646 1014 2687 forma
1035 2642 1187 2686 corporis
1206 2641 1441 2676 Domitianum
1456 2642 1575 2683 refert.

120 2691 172 2724 De
195 2689 318 2724 stat-m
341 2690 536 2724 Domitiani
568 2691 728 2724 narratio
757 2701 884 2735 parum
912 2690 1076 2722 hactenus
1102 2691 1197 2721 nota.
1242 2686 1430 2719 Iustiniani
1453 2695 1572 2725 mores,

118 2747 202 2769 sane
217 2736 366 2779 pessimi.
390 2736 462 2779 (8.)
522 2737 723 2771 Theodorae
741 2748 850 2781 genus
865 2735 1158 2770 obscurissimum.-
1183 2732 1383 2776 turpissima
1402 2730 1571 2764 educatio:

118 2781 263 2826 infamis
296 2782 447 2826 corporis
479 2787 651 2826 quaestus.
699 2783 842 2817 Amasia
869 2780 1064 2816 Iustiniani.
1115 2779 1305 2813 Theodotus
1335 2777 1574 2810 Cucurbilinus
