1754 3132
529 111 799 156 HISTORIA
831 111 1043 155 ARCANA
1079 111 1125 157 8.
1500 114 1564 159 55

96 225 220 281 λοβὸς
252 223 380 281 ἄγαν,
417 224 522 269 ἀλλὰ
554 224 722 282 μέτριος
749 221 822 281 ἦν,
859 224 908 269 οὗ
939 224 1078 280 μέντοι
1109 224 1271 281 ἲσχνὸς,
1314 223 1421 269 ἀλλὰ
1454 227 1560 271 κατὰ
1584 234 1615 270 C

93 294 229 351 βραχὺ
259 293 458 350 εὕσαρκος
472 327 486 348 ,
523 294 599 350 τὴν
625 296 671 338 δὲ
699 295 751 349 δὴ
778 294 876 348 ὄψιν
907 292 1158 352 στρογγύλος
1185 312 1228 338 τε
1247 296 1316 338 καὶ
1335 294 1410 338 οὐκ
1427 293 1563 353 ἄμορ-

93 375 200 420 φος·
236 362 408 419 ἓπυρρία
443 363 522 420 γὰρ
558 365 625 406 καὶ
659 365 773 407 δυοῖν
801 361 972 421 ἡμέραιν
1002 361 1199 413 ἀπόσιτος
1233 362 1303 407 ὢν.
1375 362 1486 414 ὅπως
1516 366 1563 408 δὲ

94 430 206 475 ἅπαν
227 431 357 474 αὐτοῦ
377 431 423 475 τὸ
446 430 552 481 εἶδος
571 429 805 487 συλλήβδην
823 429 1010 488 σημήνω,
1029 434 1276 492 Δομετιανῷ
1290 436 1349 491 τῷ
1367 432 1560 476 Οὐεσπα-

60 504 238 548 5σιανοῦ
268 502 383 542 παιδὶ
402 501 459 543 -ἒκ
486 504 562 543 τοῦ
593 501 658 543 ἐπὶ
681 504 868 544 πλεῖστον
888 501 1181 558 ἔμφερὲστερος
1202 496 1274 556 ἦν,
1314 495 1439 558 οὗπερ
1458 500 1561 545 Ῥω-

90 575 207 623 μαῒοι
223 573 299 624 τῆς
313 570 588 624 κακοτροπίας
608 568 649 619 ἐς
666 567 835 612 τοσόνδε
857 567 1074 613 ἀπώναντο
1100 569 1203 613 ὥστε
1222 569 1318 613 οὐδὲ
1336 568 1559 627 κρεουργή-

91 653 236 688 σαντες
264 635 362 681 ὅλον
390 637 556 680 ἐκλῦσαι
587 637 662 693 τὴν
692 638 733 687 ἒς
762 637 888 681 αὐτὸν
909 637 1033 694 ὀργὴν
1052 638 1254 694 ἔγνωσαν,
1294 638 1401 681 ἀλλὰ
1423 637 1558 694 δόγμα

89 703 259 763 ἐγεγόνει
282 710 357 761 τῆς
385 702 613 762 συγκλήτου
629 710 788 760 βουλῆς
807 707 914 762 μηδὲ
932 705 1064 761 ὄνομα
1088 712 1164 750 τοῦ
1182 707 1387 761 βασιλέως
1405 706 1557 750 τούτου

89 775 133 819 ἓν
161 772 397 831 γράμμασιν
429 772 530 817 εἶναι
560 774 666 830 μηδ’
700 773 835 817 εἰκόνα
868 773 1087 830 ἡντιναοῦν
1110 775 1240 819 αὐτοῦ
1266 774 1558 828 διασώζεσθαι.

36 853 80 888 10
91 841 138 887 τό
169 860 213 887 τε
236 847 336 899 γοῦν
356 842 487 897 ὄνομα
507 847 629 886 τοῦτο
651 841 883 899 πανταχόσε
906 845 970 885 ε’πὶ
990 847 1072 886 τῶν
1095 849 1169 900 τῆς
1181 842 1342 899 Ῥώμης
1361 843 1559 901 γραμμά-

87 929 172 956 των
198 913 266 955 aa)
295 911 336 954 εἶ’
356 929 438 954 που
471 910 576 968 ἄλλῃ
607 916 730 954 τοῦτο
766 910 1000 968 γεγράφθαι
1030 914 1179 968 ξυνέβη
1211 913 1559 967 ἒκκεκολαμμένον

86 982 186 1024 ἲδεΐν
212 979 367 1036 μεταξὺ
394 983 476 1023 τῶν
503 978 641 1023 ἄλλων
661 978 832 1037 πάρεστι
847 979 1000 1035 μόνον,
1036 983 1110 1024 καί
1126 999 1189 1031 τις
1209 981 1323 1041 αὐτῷ
1340 982 1458 1025 εἰκών
1477 981 1550 1025 οὗ·
1573 989 1605 1024 D

65 1051 200 1104 ’δαμῆ
231 1049 420 1106 φαίνεται
449 1043 555 1091 οὖσα
586 1053 661 1104 τῆς
678 1047 889 1104 Ῥωμαίων
922 1049 1053 1106 ἀρχῆς
1061 1084 1074 1103 ,
1111 1049 1174 1093 ὅτι
1191 1050 1250 1105 μὴ
1267 1054 1401 1105 χαλκῆ
1421 1051 1497 1105 μία
1514 1052 1558 1102 ἐξ

85 1118 221 1168 αῗτίας
248 1119 426 1160 τοιᾶσδε.
496 1112 548 1172 ἦν
574 1121 632 1175 τῷ
661 1119 905 1177 Δομετιανῷ
934 1119 1034 1174 γυνὴ
1065 1117 1299 1176 ἐλευθέριος
1324 1121 1393 1162 καὶ
1419 1119 1556 1169 ἄλλως

32 1187 262 1241 15κοσμία,
298 1187 367 1229 καὶ
399 1185 496 1228 οὐδὲ
524 1185 630 1241 αὐτὴ
657 1184 782 1229 κακόν
812 1204 851 1230 τι
886 1186 1031 1230 οὐδένα
1053 1186 1270 1244 εἷργάσατο
1289 1185 1454 1231 πώποτε
1472 1192 1555 1231 τῶν

82 1252 250 1298 πάντων
285 1251 549 1310 ἀνθρώπων,
597 1253 696 1297 οὐδέ
724 1272 787 1304 τις
826 1255 932 1312 αὐτῇ
961 1261 1044 1299 τῶν
1075 1260 1151 1299 τοῦ
1185 1256 1338 1311 ἀνδρὸς
1366 1254 1554 1313 πράξεων

81 1322 241 1381 ἤρεσκε.
312 1320 452 1378 διόπερ
473 1322 601 1378 αὐτὴν
621 1321 726 1379 ἄγαν
746 1323 1018 1380 ἀγαπωμένην
1034 1322 1059 1379 ἦ
1078 1324 1212 1379 βουλὴ
1232 1323 1324 1367 τότε
1342 1342 1554 1380 μεταπεμ-

81 1392 249 1448 ψαμένη
280 1392 488 1434 αῗτεΐσθαι
515 1388 538 1434 ’ὅ
561 1407 600 1433 τι
631 1389 682 1434 ἂν
711 1391 818 1449 αὐτῇ
843 1392 1075 1450 βουλομένῃ
1107 1393 1167 1448 εἴη
1199 1393 1388 1438 ἐκέλευεν.
1459 1391 1554 1448 ’ἥδέ
1576 1394 1607 1429 Α
1630 1393 1675 1430 33

81 1463 208 1504 τοῦτο
231 1457 360 1514 μόνον
381 1459 552 1512 ἱκέτευε,
589 1456 638 1502 τό
668 1476 712 1502 τε
739 1462 1000 1515 Δομετιανοῦ
1031 1465 1152 1515 σῶμα
1184 1465 1376 1514 λαβοῦσα
1406 1461 1554 1516 θάψαι

27 1530 150 1574 mata}
167 1529 267 1583 μίαν
284 1527 397 1586 αὐτῷ
421 1527 638 1570 ἀναθεῖναι
660 1526 794 1572 εἰκόνα
814 1533 993 1584 χαλκῆν,
1032 1527 1179 1572 ὁποίαν
1202 1530 1353 1573 ἐθέλοι.
1424 1532 1493 1573 καὶ
1524 1529 1550 1585 ἦ

79 1597 155 1655 μὲν
183 1596 317 1654 βουλὴ
351 1594 564 1655 ξυνεχώρει
595 1601 754 1642 ταῦτα·
794 1595 818 1654 ἦ
854 1598 899 1640 δὲ
919 1597 1019 1655 γυνὴ
1042 1602 1118 1654 τῆς
1137 1597 1442 1657 ἀπανθρωπίας
1463 1603 1547 1644 τῶν

170 1755 206 1792 3.
228 1751 387 1800 ἐπυρρία
411 1754 514 1791 Alem.
560 1753 697 1799 ἐπυρία
721 1753 794 1792 ΑΡ.
838 1752 996 1801 ἕσφρίγα
1018 1755 1139 1790 Reisk.
1279 1754 1314 1789 6.
1336 1754 1545 1801 κρεουργοὶ-

170 1811 302 1842 σαντες
325 1803 373 1859 Αἱ
509 1802 564 1839 11.
587 1800 895 1859 ἐκκεκολαμιιένον
919 1803 1025 1859 Mem:
1071 1800 1376 1847 ἐγκεκολασμὲνον
1398 1802 1452 1858 Α.ξ
1487 1800 1546 1859 ἐγ-

169 1849 440 1891 κοκολαμμενον
460 1847 504 1882 P.
643 1849 696 1884 16.
719 1850 808 1884 ουδε
824 1850 902 1892 τις]
926 1850 1018 1884 ουδε
1042 1861 1078 1883 τι
1101 1849 1207 1883 Alem.
1350 1849 1407 1883 18.
1431 1860 1456 1892 η
1479 1848 1545 1892 δε]

169 1889 240 1938 ἥδε
268 1894 340 1928 AP.
477 1895 536 1930 20.
569 1890 659 1930 ὅποι
692 1889 740 1928 ἂν
771 1895 877 1928 Alem.
925 1893 1063 1930 ὁποίαν
1093 1894 1164 1928 AP.
1213 1889 1416 1936 „²0notav.
1463 1894 1546 1928 Non

169 1938 242 1982 ita,
278 1939 338 1973 sed
361 1939 421 1974 ubi
445 1939 476 1974 ei
500 1939 677 1974 videretur
700 1951 741 1974 ac
766 1941 939 1986 placeret,
975 1937 1065 1978 ὅποι
1095 1938 1166 1976 ἄν·
1202 1951 1278 1976 nam
1307 1941 1354 1975 ad
1376 1939 1544 1986 Capitolii

168 1985 292 2020 clivum
315 1985 430 2021 locare
450 1989 663 2021 statuerat.“
706 1988 823 2022 Anam.

76 2124 166 2158 stam
194 2133 264 2158 non
292 2121 498 2166 excederem
531 2135 645 2170 neque
677 2125 813 2160 omnino
835 2124 981 2171 gracili,
1014 2125 1074 2161 sed
1097 2124 1194 2160 succi
1216 2123 1395 2160 moderate
1417 2123 1543 2168 pleno;

77 2169 178 2204 vultu
207 2170 335 2212 tereti,
370 2181 432 2204 nec
461 2170 665 2215 invenusto,
696 2173 826 2218 quippe
857 2172 917 2216 qui
951 2177 1032 2218 post
1054 2172 1194 2206 biduum
1218 2172 1361 2206 ruberet
1383 2169 1541 2210 ieiunus;

77 2215 154 2249 eius
176 2215 332 2259 species,
361 2219 401 2250 ut
423 2217 530 2250 verbo
550 2221 695 2251 statuam
709 2243 719 2261 ,
748 2218 977 2253 Domitianum
1001 2218 1207 2264 Vespasiani
1227 2217 1335 2251 filium
1361 2215 1541 2261 plurimum

73 2261 274 2303 referebat3
296 2261 393 2296 cuius
415 2274 543 2297 morum
565 2262 819 2309 improbitatem
842 2264 893 2298 sic
917 2264 1057 2309 experti
1077 2268 1156 2300 sunt
1179 2263 1343 2304 Romani,
1368 2266 1406 2295 ut
1428 2272 1540 2306 neque

73 2311 156 2352 post
177 2307 341 2342 laniatum
363 2307 478 2342 odium
499 2309 534 2342 in
559 2321 635 2343 eum
659 2310 896 2351 concoxerim,
930 2311 991 2345 sed
1012 2309 1316 2344 Senatusconsulto
1337 2313 1474 2342 cautum
1493 2306 1539 2340 sit

74 2363 121 2387 ne
142 2352 328 2387 Domitiani
351 2365 471 2387 nomen
491 2354 604 2388 titulis
639 2356 873 2400 consignatum
909 2357 966 2391 vel
997 2361 1113 2391 statua
1144 2356 1211 2390 ulla
1235 2357 1382 2389 extaret.
1431 2354 1538 2387 Certe

74 2397 228 2440 Romae,
251 2399 308 2434 vel
330 2399 413 2434 alibi
435 2400 578 2435 nominis
599 2401 691 2435 illius
712 2401 970 2446 inscriptionem
993 2402 1113 2436 videre
1137 2413 1204 2436 non
1224 2405 1299 2442 est,
1320 2399 1387 2433 nisi
1405 2398 1537 2433 inscul-

74 2448 172 2489 ptum
193 2444 302 2480 sicubi
323 2445 432 2480 fuerit
453 2458 529 2480 cum
552 2447 766 2492 principibus
790 2447 888 2490 aliis3
921 2448 1055 2494 signum
1083 2460 1167 2483 vero
1191 2457 1358 2491 nusquam
1381 2444 1534 2489 gentium

73 2493 223 2535 apparet
242 2490 280 2524 in
305 2492 389 2526 orbe
412 2491 585 2535 Romano,
615 2499 755 2538 praeter
777 2501 878 2528 unum
901 2506 1063 2536 aeneum,
1087 2495 1154 2528 hac
1178 2493 1221 2527 de
1245 2503 1349 2527 causa
1374 2490 1534 2535 positum.

73 2534 166 2569 Erat
185 2535 380 2572 Domitiano
405 2537 514 2573 libera
537 2542 574 2572 et
595 2539 724 2584 alioqui
746 2540 891 2574 honesta
913 2541 1052 2582 coniux,
1089 2551 1180 2585 quae
1203 2538 1329 2573 nemini
1351 2535 1534 2582 aliquando

74 2579 244 2616 hominum
265 2582 464 2627 molestiae,
486 2584 544 2619 vel
567 2585 685 2619 fraudi
707 2585 832 2626 fuerit,
865 2590 901 2620 et
923 2587 1039 2620 mariti
1061 2586 1193 2620 scelera
1215 2594 1384 2629 nunquam
1407 2581 1535 2627 proba-

75 2626 178 2660 verit.
224 2628 323 2662 Haec
342 2633 436 2672 tum,
457 2630 550 2675 quod
575 2631 750 2676 plurimum
774 2631 995 2676 diligeretur,
1019 2632 1055 2666 in
1074 2633 1237 2666 Senatum
1256 2629 1389 2670 accita,
1411 2631 1532 2673 petere

75 2671 244 2716 quidquid
276 2673 402 2709 liberet
433 2675 626 2711 iubebatur.
672 2677 738 2712 Illa
768 2683 871 2723 rogat
905 2679 1085 2713 dumtaxat
1118 2682 1158 2712 ut
1187 2675 1373 2711 Domitiani
1404 2682 1531 2717 corpus

74 2717 245 2771 condere,
265 2718 443 2765 eidemque
464 2722 521 2756 vel
546 2734 644 2756 unam
668 2735 712 2757 ex
736 2735 817 2758 aere
838 2728 1008 2766 statuam,
1030 2724 1089 2757 ubi
1113 2723 1181 2757 sibi
1204 2722 1395 2761 videretur,
1417 2719 1534 2752 locare

70 2763 207 2798 liceret.
250 2763 410 2800 Permisit
430 2768 517 2813 haec
539 2769 699 2804 Senatus.
745 2769 904 2816 Femina,
929 2775 968 2806 ut
991 2769 1206 2805 crudelitatis
1228 2766 1398 2802 lanionum
1420 2763 1537 2799 mariti
