1754 3132
586 133 852 176 HISTORIA
886 132 1099 176 ARCANA
1135 130 1180 177 4.
1552 135 1614 180 35

146 247 293 304 γέγονε.
328 244 571 303 Βελισάριος
590 247 665 301 μὲν
683 241 757 291 οὖν
775 244 905 303 ἀρχήν
927 264 970 290 τε
990 246 1215 301 ἀπολαβεῖν
1235 246 1310 301 τὴν
1328 245 1478 289 οῗκείαν
1500 245 1613 301 ἠξίου

146 317 214 358 καὶ
234 315 465 371 στρατηγὸς
481 319 557 370 τῆς
576 313 683 374 ἑῴας
704 316 963 371 ἀποδειχθεὶς
979 314 1102 358 πάλιν
1122 317 1186 359 ἐπὶ
1203 312 1403 371 Χοσρόην
1422 316 1491 357 καὶ
1508 314 1613 371 Μή-

145 386 244 435 δους
270 382 544 441 ἐξηγήσεσθαι
572 389 631 444 τῷ
654 382 864 440 Ῥωμαίων
885 389 1077 443 στρατῷ,
1106 384 1328 429 Ἀντωνίνα
1349 385 1396 427 δὲ
1417 384 1614 439 οὐδαμῶς

143 453 228 496 εἶἀ·
262 454 557 510 περιυβρίσθαι
587 454 630 496 ἐν
655 460 743 504 τοῖς
775 455 903 512 ἐκείνῃ
928 456 1096 511 χωρίοις
1126 454 1230 511 πρὸς
1261 453 1391 498 αὐτοῦ
1422 452 1612 511 ἔφασκεν,

108 521 248 578 5ἅπερ
267 521 401 565 ainzu
420 522 468 565 τὸ
489 522 632 565 λοιπὸν
652 521 851 577 ἕψεσθαι.
920 523 983 565 διὸ
1015 522 1066 578 δὴ
1092 520 1337 579 Βελισάριος
1363 522 1502 579 ἅρχων
1526 528 1608 567 τῶν
1632 533 1659 566 Ρ
1688 535 1728 567 15

133 594 366 644 ,βασιλικῶν
385 591 596 641 καταστὰς
610 589 849 645 ἱπποκόμων
865 589 905 641 ἔς
923 591 998 647 τὴν
1016 591 1192 635 Ἰταλίαν
1212 592 1260 636 τὸ
1280 590 1472 650 δεύτερον
1489 591 1613 638 ἐστά-

141 664 216 714 λη,
255 657 514 716 ὁμολογήσας
543 664 728 714 βασιλεῖ,
767 659 823 710 ὥς
850 677 976 716 φασι,
1009 659 1210 717 χρήματα
1235 660 1397 718 μήποτε
1420 661 1548 707 αὐτὸν
1570 665 1613 706 ἓν

139 730 246 788 τῷδε
267 733 326 787 τῷ
346 729 512 788 πολέμῳ
533 727 713 783 αἴτήσειν
723 760 735 781 ,
773 728 880 771 ἀλλὰ
907 727 1129 783 ξύμπασαν
1151 730 1279 781 αὐτὸς
1298 731 1374 787 τὴν
1393 736 1470 775 τοῦ
1489 734 1612 776 πολέ-
1637 738 1667 770 Α
1691 739 1731 772 21

138 814 222 852 μου
241 798 505 854 παρασκευὴν
516 795 727 854 χρήμασιν
746 799 905 848 οἷκείοις
922 795 1197 853 ποιήσασθαι.
1266 797 1416 851 πάντες
1437 801 1513 855 μὲν
1534 797 1607 844 οὖν
1636 807 1669 840 V
1692 808 1754 842 289

85 864 392 919 1οὖπετόπαζον
422 865 475 910 τά
503 883 546 909 τε
574 866 682 923 ἀμφὶ
708 870 760 924 τῇ
779 868 937 923 γυναικὶ
954 865 1108 924 ταύτῃ,
1136 862 1239 925 ᾗπερ
1267 866 1454 925 ἐρρήθη,
1491 873 1614 913 Βελι-

139 933 283 992 σάριον
307 933 601 989 διοικήσασθαι
622 937 689 977 καὶ
707 940 876 990 βασιλεῖ
889 939 1024 978 ταῦτα
1047 934 1299 993 ὁμολογῆσαι
1325 937 1432 995 ἀμφὶ
1451 942 1511 997 τῷ
1534 957 1613 982 πο-

137 1003 249 1063 λέμῳ
258 1035 272 1056 ,
311 1003 637 1055 ἅπαλλαξείοντα
669 1008 744 1058 τῆς
773 1005 816 1047 ἒν
848 1006 1065 1063 Βυζαντίῳ
1098 1007 1335 1061 διατριβῆς,
1374 1004 1537 1050 ἐπειδάν
1570 1026 1613 1051 τε

68 1102 73 1106 ·
135 1071 311 1128 τάχιστα
329 1077 404 1116 τοῦ
426 1077 502 1128 τῆς
519 1070 676 1123 πόλεως
697 1071 917 1128 περιβόλου
937 1073 1052 1123 ἐκτὸς
1071 1074 1250 1130 γένηται,
1270 1073 1555 1132 ἆρπᾶσασθαί
1571 1095 1614 1120 τε

135 1141 283 1185 αὐτίκα
293 1141 348 1184 τὰ
361 1140 468 1186 ὅπλα
481 1143 554 1184 καί
566 1159 605 1184 τι
623 1149 804 1197 γενναῖον
824 1144 893 1186 καὶ
915 1142 1034 1199 ἀνδρὶ
1054 1143 1210 1199 πρέπον
1229 1144 1299 1187 ἐπί
1317 1161 1360 1188 τε
1379 1149 1433 1202 τῇ
1451 1149 1608 1201 γυναικὶ
1632 1148 1661 1181 Β

81 1214 124 1252 15
136 1212 204 1254 καὶ
222 1217 309 1261 τοΐς
327 1212 592 1266 βιασαμένοις
613 1215 833 1268 φρονῆσαι.
906 1211 1032 1261 αὐτὸς
1051 1212 1096 1254 δὲ
1113 1210 1251 1255 πάντα
1277 1212 1332 1256 τὰ
1351 1211 1613 1267 ξυμπεσόντα

136 1280 179 1323 ἓν
210 1279 354 1340 ἀλογίᾳ
382 1280 653 1335 πεποιημένος
687 1278 822 1337 ὅρκων
853 1297 896 1323 τε
933 1284 1018 1323 τῶν
1052 1282 1204 1339 Φωτίῳ
1249 1283 1317 1323 καὶ
1353 1289 1442 1333 τοῖς
1473 1282 1613 1334 ἄλλοις

134 1349 375 1405 ἐπιτηδείοις
393 1348 701 1404 ὀμωμοσμένων
725 1349 768 1391 ἓν
792 1346 909 1406 λήθῃ
932 1365 976 1392 τε
999 1353 1132 1406 πολλῇ
1150 1351 1218 1392 καὶ
1237 1349 1431 1411 ὀλιγωρίᾳ
1447 1349 1613 1407 γενόμε-

134 1434 206 1468 νος
223 1418 353 1461 ἐίπετο
371 1422 424 1475 τῇ
442 1419 615 1473 γυναικὶ,
653 1417 863 1467 καταστὰς
880 1414 1062 1467 ἐκτόπως
1084 1419 1141 1467 εἷς
1159 1417 1289 1474 αὐτὴν
1309 1418 1610 1476 ἓρωτόληπτος,

135 1487 202 1530 καὶ
222 1490 358 1530 ταῦτα
378 1484 574 1542 ἑξήκοντα
595 1485 676 1542 ἤδη
700 1493 909 1543 γεγονυῖαν
930 1485 1014 1541 ἴτη.
1086 1485 1223 1542 ἐπειδὴ
1241 1486 1382 1541 μέντοι
1402 1489 1445 1532 ἐν
1459 1488 1614 1549 Ἰταλία

78 1555 312 1612 ἓοέγένετο,
348 1557 405 1605 εἷς
436 1553 593 1612 ἡμέραν
624 1551 799 1611 ἑκάστην
832 1554 910 1598 ἀπ’
942 1555 1129 1605 ἐναντίας
1162 1555 1277 1615 αὐτῷ
1309 1556 1363 1599 τὰ
1388 1553 1613 1614 πράγματα

134 1621 299 1681 ἐχώρει,
335 1624 426 1667 ἐπεί
448 1625 488 1668 οἱ
510 1620 740 1680 διαρρήδην
762 1623 815 1667 τὰ
837 1624 881 1667 ἐκ
901 1627 1007 1667 θεοῦ
1025 1623 1200 1678 πολέμια
1218 1619 1283 1680 ἦν.
1355 1629 1520 1678 πρῶτον
1538 1627 1613 1680 μέν

132 1710 177 1751 γε
194 1693 248 1737 τὰ
267 1696 328 1752 τῷ
346 1697 564 1753 στρατηγῷ
583 1690 720 1751 τούτῳ
741 1693 783 1736 ἐν
804 1699 893 1742 τοῖς
914 1694 1212 1747 ξυμπίπτουσιν
1233 1694 1303 1736 ἐπί
1326 1711 1370 1736 τε
1396 1693 1611 1738 Θευδάτον
1637 1704 1666 1737 C

133 1763 200 1806 καὶ
227 1761 432 1819 Οὖίττιγιν
460 1759 765 1816 βουλευόμενα,
797 1762 940 1818 καίπερ
965 1760 1040 1805 οὐκ
1062 1762 1300 1818 ἐπιτηδείως
1317 1769 1406 1813 τοῖς
1422 1780 1613 1822 πρασσο-

226 1894 262 1930 4.
285 1893 345 1930 εἴα
369 1894 477 1929 Alem.
500 1893 541 1927 P.
591 1893 647 1938 εἴη
671 1894 713 1927 A.
854 1893 938 1927 ibid.
962 1894 1249 1941 περιυβρίσθαι]
1273 1893 1346 1939 γὰρ
1370 1891 1470 1928 addit
1491 1893 1610 1929 Reisk.

134 2008 209 2044 filia
230 2007 350 2054 nepoti
373 2007 608 2054 spondendum
636 2010 748 2042 curat.
795 2006 938 2041 Interim
962 2007 1170 2050 Belisarius,
1193 2010 1233 2042 ut
1255 2007 1291 2042 in
1314 2007 1490 2054 antiquum
1508 2008 1613 2043 resti-

135 2060 255 2090 tuatur
290 2053 472 2099 dignitatis
503 2051 648 2099 gradum
680 2052 791 2099 petit,
828 2059 936 2098 utque
965 2054 1159 2099 Imperator
1180 2054 1217 2088 in
1241 2053 1389 2089 Oriente
1412 2053 1613 2099 designatus

135 2102 304 2136 adversus
339 2100 549 2142 chosroem,
580 2106 617 2134 et
640 2101 779 2134 Persam
803 2098 944 2133 militem
979 2099 1168 2134 Romanum
1194 2100 1312 2135 ducat.
1357 2100 1531 2135 Antonine
1555 2112 1614 2134 re-

133 2147 278 2190 clamat,
315 2145 579 2192 provinciasque
602 2145 738 2180 minime
760 2156 800 2180 se
822 2145 899 2180 illas
922 2151 1186 2191 prospecturam
1214 2146 1322 2188 dicit,
1357 2146 1395 2180 in
1417 2146 1543 2191 quibus
1567 2147 1612 2180 ab

134 2205 176 2228 eo
200 2192 416 2238 gravissimis
437 2193 568 2227 affecta
591 2192 716 2226 suisset
738 2191 885 2226 iniuriis.
933 2192 1054 2233 Quare
1077 2192 1268 2228 Belisarius
1289 2191 1516 2239 Imperatoris
1539 2198 1618 2226 sta«

134 2239 216 2275 bulo
242 2240 464 2285 praefectus,
496 2238 646 2273 secundo
669 2238 705 2272 in
728 2237 863 2272 Italiam
886 2237 1059 2280 mittitur3
1093 2250 1154 2280 ea,
1185 2243 1223 2273 ut
1245 2239 1380 2281 fertur,
1413 2238 1498 2275 deta
1522 2239 1612 2273 Cae-

134 2286 206 2321 sari
229 2285 445 2327 conditione,
468 2285 581 2319 nullas
603 2289 642 2318 nt
667 2296 709 2319 eo
733 2284 824 2319 bello
850 2284 1016 2330 pecunias
1038 2288 1198 2331 peteret,
1222 2284 1284 2318 sed
1308 2296 1390 2319 aere
1413 2295 1475 2319 suo
1494 2284 1530 2319 id
1549 2296 1613 2329 ap-

135 2335 313 2378 paratum,
346 2331 586 2376 agitatumque
617 2331 817 2365 conficeret.
863 2330 919 2365 Ita
945 2341 1021 2364 cum
1055 2331 1208 2366 Caesare
1239 2331 1370 2375 pacisci
1394 2330 1613 2371 Belisarium,

135 2382 172 2413 et
195 2389 269 2413 cum
292 2377 465 2412 Antonine
488 2377 636 2421 coniuge
658 2388 731 2411 rem
753 2387 884 2411 omnem
907 2377 1131 2422 compositam
1155 2378 1286 2412 habere
1308 2377 1370 2412 alii
1393 2377 1530 2422 quidem
1553 2388 1613 2410 su-

135 2424 382 2469 spicabantur,
409 2429 448 2458 ut
470 2422 529 2469 qui
553 2423 648 2458 exire
671 2421 844 2467 Byzantio
868 2422 1087 2469 discuperet,
1112 2435 1179 2469 quo
1203 2423 1295 2468 pede
1317 2423 1424 2458 muris
1443 2423 1535 2458 elato
1553 2433 1611 2456 ar-

135 2470 271 2516 riperet
293 2481 407 2512 arma,
440 2474 477 2504 et
499 2474 641 2503 strenue
664 2468 815 2514 aliquid,
839 2480 971 2514 suaque
994 2469 1123 2504 virtute
1146 2469 1285 2514 dignum
1308 2470 1443 2504 faceret
1465 2469 1501 2504 in
1527 2479 1609 2502 con-

136 2515 272 2560 ingen,
308 2520 345 2550 et
376 2515 438 2561 qui
470 2527 509 2550 se
531 2516 658 2550 acerbo
681 2526 764 2550 casu
788 2515 1057 2561 oppressissent.
1105 2516 1234 2550 Verum
1257 2515 1316 2550 ille
1339 2515 1384 2550 iis
1407 2526 1495 2560 quae
1517 2514 1610 2548 acci·

138 2560 268 2602 dissent
300 2561 494 2607 neglectis,
532 2567 568 2596 et
598 2558 827 2603 sacramenti,
862 2573 929 2606 quo
962 2562 1108 2603 Phodo,
1143 2573 1183 2596 ac
1214 2561 1359 2607 reliquis
1383 2559 1611 2596 familiaribus

139 2609 342 2650 tenebatur,
377 2619 443 2654 pet
467 2618 626 2643 summam
648 2607 776 2641 oblitus
798 2606 977 2649 iniuriam,
1013 2612 1108 2643 totus
1140 2609 1185 2643 ab
1219 2608 1392 2642 Antonine
1424 2606 1615 2652 pendebat,

138 2653 235 2688 cuius
257 2653 341 2689 licet
363 2665 472 2689 annos
495 2658 598 2690 natae
620 2652 802 2698 sexaginta
825 2654 975 2688 ardebat
997 2665 1113 2689 amore
1134 2653 1412 2699 flagrantissimo.
1473 2652 1512 2685 In
1535 2651 1608 2685 Ita-

139 2698 219 2733 liam
240 2699 301 2734 uhi
323 2700 504 2745 pervenit,
525 2699 682 2735 infelices
705 2711 820 2734 rerum
843 2706 1011 2742 eventus,
1035 2700 1310 2746 quandoquidem
1334 2698 1450 2732 divino
1475 2696 1609 2731 numine

140 2746 312 2788 adverso,
343 2744 380 2779 in
409 2745 484 2780 dies
515 2745 631 2792 coepit
661 2745 823 2792 experiri.
871 2746 988 2781 Primo
1020 2746 1158 2792 quidem
1184 2746 1275 2780 bello
1298 2748 1418 2779 contra
1442 2743 1609 2778 Theoda-

142 2795 214 2827 tun
253 2794 290 2827 et
323 2790 509 2837 Vittigem,
541 2803 633 2837 quae
654 2803 719 2839 pro
743 2803 782 2827 re
805 2795 888 2827 nata
910 2791 1005 2838 cepit
1029 2792 1190 2832 consilia,
1221 2791 1302 2826 licet
1325 2790 1460 2825 minime
1482 2801 1608 2836 oppor—
