<?xml version="1.0" encoding="UTF-8"?>
<!DOCTYPE html PUBLIC "-//W3C//DTD XHTML 1.0 Transitional//EN"
    "http://www.w3.org/TR/xhtml1/DTD/xhtml1-transitional.dtd">
<html xmlns="http://www.w3.org/1999/xhtml" xml:lang="en" lang="en">
 <head>
  <title>
</title>
<meta http-equiv="Content-Type" content="text/html;charset=utf-8" />
  <meta name='ocr-system' content='tesseract 3.04.00' />
  <meta name='ocr-capabilities' content='ocr_page ocr_carea ocr_par ocr_line ocrx_word'/>
</head>
<body>
  <div class='ocr_page' id='page_1' title='image "./corpusscriptorum45niebuoft_0480.png"; bbox 0 0 1800 3126; ppageno 0'>
   <div class='ocr_carea' id='block_1_1' title="bbox 311 158 1278 206">
    <p class='ocr_par' dir='ltr' id='par_1_1' title="bbox 311 158 1278 206">
     <span class='ocr_line' id='line_1_1' title="bbox 311 158 1278 206; baseline 0.002 -2"><span class='ocrx_word' id='word_1_1' title='bbox 311 158 410 204; x_wconf 80' lang='lat'>432</span> <span class='ocrx_word' id='word_1_2' title='bbox 757 162 817 205; x_wconf 85' lang='lat' dir='ltr'>IN</span> <span class='ocrx_word' id='word_1_3' title='bbox 848 161 990 205; x_wconf 85' lang='lat' dir='ltr'>HIST.</span> <span class='ocrx_word' id='word_1_4' title='bbox 1024 162 1278 206; x_wconf 83' lang='lat' dir='ltr'>ARCANAM</span> 
     </span>
    </p>
   </div>
   <div class='ocr_carea' id='block_1_2' title="bbox 194 249 1732 320">
    <p class='ocr_par' dir='ltr' id='par_1_2' title="bbox 194 249 1732 320">
     <span class='ocr_line' id='line_1_2' title="bbox 194 249 1732 320; baseline 0.01 -21"><span class='ocrx_word' id='word_1_5' title='bbox 194 267 221 299; x_wconf 80' lang='lat' dir='ltr'>A</span> <span class='ocrx_word' id='word_1_6' title='bbox 245 266 380 303; x_wconf 84' lang='lat' dir='ltr'>811ib.</span> <span class='ocrx_word' id='word_1_7' title='bbox 409 249 648 319; x_wconf 54' lang='lat' dir='ltr'>quamquam</span> <span class='ocrx_word' id='word_1_8' title='bbox 678 266 929 318; x_wconf 86' lang='lat' dir='ltr'>Philologos,</span> <span class='ocrx_word' id='word_1_9' title='bbox 968 267 1017 306; x_wconf 86' lang='lat' dir='ltr'>de</span> <span class='ocrx_word' id='word_1_10' title='bbox 1041 281 1131 320; x_wconf 51' lang='lat' dir='ltr'>*quo</span> <span class='ocrx_word' id='word_1_11' title='bbox 1161 271 1407 320; x_wconf 85' lang='lat' dir='ltr'>potissimum</span> <span class='ocrx_word' id='word_1_12' title='bbox 1433 274 1653 313; x_wconf 83' lang='lat' dir='ltr'>suburbano</span> <span class='ocrx_word' id='word_1_13' title='bbox 1688 277 1732 313; x_wconf 84' lang='lat' dir='ltr'>in</span> 
     </span>
    </p>
   </div>
   <div class='ocr_carea' id='block_1_3' title="bbox 169 1424 286 1459">
    <p class='ocr_par' dir='ltr' id='par_1_3' title="bbox 169 1424 286 1459">
     <span class='ocr_line' id='line_1_3' title="bbox 169 1424 286 1459; baseline 0.034 -4"><span class='ocrx_word' id='word_1_14' title='bbox 169 1424 195 1455; x_wconf 85' lang='lat' dir='ltr'>P</span> <span class='ocrx_word' id='word_1_15' title='bbox 220 1424 286 1459; x_wconf 82' lang='lat'>149</span> 
     </span>
    </p>
   </div>
   <div class='ocr_carea' id='block_1_4' title="bbox 310 322 1731 436">
    <p class='ocr_par' dir='ltr' id='par_1_4' title="bbox 310 322 1731 436">
     <span class='ocr_line' id='line_1_4' title="bbox 310 322 1731 374; baseline 0.008 -16"><span class='ocrx_word' id='word_1_16' title='bbox 310 324 359 358; x_wconf 85' lang='lat' dir='ltr'>iis</span> <span class='ocrx_word' id='word_1_17' title='bbox 387 325 533 360; x_wconf 77' lang='lat' dir='ltr'>mentio</span> <span class='ocrx_word' id='word_1_18' title='bbox 561 325 630 370; x_wconf 88' lang='lat' dir='ltr'>sit,</span> <span class='ocrx_word' id='word_1_19' title='bbox 671 322 798 359; x_wconf 84' lang='lat' dir='ltr'>adhuc</span> <span class='ocrx_word' id='word_1_20' title='bbox 826 325 1001 374; x_wconf 86' lang='lat' dir='ltr'>ignorare</span> <span class='ocrx_word' id='word_1_21' title='bbox 1030 327 1175 362; x_wconf 82' lang='lat' dir='ltr'>sciam:</span> <span class='ocrx_word' id='word_1_22' title='bbox 1211 325 1281 363; x_wconf 84' lang='lat' dir='ltr'>sed</span> <span class='ocrx_word' id='word_1_23' title='bbox 1309 327 1466 366; x_wconf 83' lang='lat' dir='ltr'>videant</span> <span class='ocrx_word' id='word_1_24' title='bbox 1491 343 1611 367; x_wconf 88' lang='lat' dir='ltr'>unam</span> <span class='ocrx_word' id='word_1_25' title='bbox 1636 331 1731 368; x_wconf 88' lang='lat' dir='ltr'>illo-</span> 
     </span>
     <span class='ocr_line' id='line_1_5' title="bbox 311 380 1730 436; baseline 0.007 -22"><span class='ocrx_word' id='word_1_26' title='bbox 311 390 399 414; x_wconf 89' lang='lat' dir='ltr'>rum</span> <span class='ocrx_word' id='word_1_27' title='bbox 428 391 511 416; x_wconf 86' lang='lat' dir='ltr'>esse</span> <span class='ocrx_word' id='word_1_28' title='bbox 540 380 785 425; x_wconf 82' lang='lat' dir='ltr'>sententiam,</span> <span class='ocrx_word' id='word_1_29' title='bbox 816 386 855 416; x_wconf 90' lang='lat' dir='ltr'>et</span> <span class='ocrx_word' id='word_1_30' title='bbox 882 381 1056 431; x_wconf 84' lang='lat' dir='ltr'>inscripti</span> <span class='ocrx_word' id='word_1_31' title='bbox 1083 381 1230 418; x_wconf 84' lang='lat' dir='ltr'>foribus</span> <span class='ocrx_word' id='word_1_32' title='bbox 1251 380 1418 431; x_wconf 75' lang='lat' dir='ltr'>distichi,</span> <span class='ocrx_word' id='word_1_33' title='bbox 1447 383 1495 422; x_wconf 84' lang='lat' dir='ltr'>de</span> <span class='ocrx_word' id='word_1_34' title='bbox 1514 398 1590 436; x_wconf 85' lang='lat' dir='ltr'>quo</span> <span class='ocrx_word' id='word_1_35' title='bbox 1611 385 1730 424; x_wconf 87' lang='lat' dir='ltr'>modo</span> 
     </span>
    </p>
   </div>
   <div class='ocr_carea' id='block_1_5' title="bbox 309 431 1729 526">
    <p class='ocr_par' dir='ltr' id='par_1_5' title="bbox 309 431 1729 526">
     <span class='ocr_line' id='line_1_6' title="bbox 310 431 1729 493; baseline 0.008 -24"><span class='ocrx_word' id='word_1_36' title='bbox 310 431 500 470; x_wconf 82' lang='lat' dir='ltr'>dicebam.</span> <span class='ocrx_word' id='word_1_37' title='bbox 557 435 628 470; x_wconf 88' lang='lat' dir='ltr'>His</span> <span class='ocrx_word' id='word_1_38' title='bbox 658 434 826 471; x_wconf 77' lang='lat' dir='ltr'>multam</span> <span class='ocrx_word' id='word_1_39' title='bbox 853 435 983 472; x_wconf 87' lang='lat' dir='ltr'>lucem</span> <span class='ocrx_word' id='word_1_40' title='bbox 1011 435 1123 474; x_wconf 85' lang='lat' dir='ltr'>affert</span> <span class='ocrx_word' id='word_1_41' title='bbox 1157 436 1266 475; x_wconf 87' lang='lat' dir='ltr'>locus</span> <span class='ocrx_word' id='word_1_42' title='bbox 1293 439 1471 490; x_wconf 84' lang='lat' dir='ltr'>Procopii</span> <span class='ocrx_word' id='word_1_43' title='bbox 1497 441 1586 479; x_wconf 86' lang='lat' dir='ltr'>libri</span> <span class='ocrx_word' id='word_1_44' title='bbox 1612 443 1729 493; x_wconf 84' lang='lat' dir='ltr'>primi</span> 
     </span>
     <span class='ocr_line' id='line_1_7' title="bbox 309 488 636 526; baseline -0.003 -1"><span class='ocrx_word' id='word_1_45' title='bbox 309 488 427 526; x_wconf 85' lang='lat' dir='ltr'>aedif.</span> <span class='ocrx_word' id='word_1_46' title='bbox 456 490 636 526; x_wconf 86' lang='lat' dir='ltr'>extremi.</span> 
     </span>
    </p>
   </div>
   <div class='ocr_carea' id='block_1_6' title="bbox 742 578 1302 618">
    <p class='ocr_par' dir='ltr' id='par_1_6' title="bbox 742 578 1302 618">
     <span class='ocr_line' id='line_1_8' title="bbox 742 578 1302 618; baseline 0.006 -4"><span class='ocrx_word' id='word_1_47' title='bbox 742 579 907 616; x_wconf 74' lang='lat' dir='ltr'>PAum</span> <span class='ocrx_word' id='word_1_48' title='bbox 947 578 1302 618; x_wconf 65' lang='lat' dir='ltr'>Suum-unu.</span> 
     </span>
    </p>
   </div>
   <div class='ocr_carea' id='block_1_7' title="bbox 415 649 1563 874">
    <p class='ocr_par' dir='ltr' id='par_1_7' title="bbox 422 649 1563 762">
     <span class='ocr_line' id='line_1_9' title="bbox 422 649 1563 712; baseline 0.008 -21"><span class='ocrx_word' id='word_1_49' title='bbox 422 649 580 700; x_wconf 84' lang='grc' dir='ltr'><strong><em>Πόντος</em></strong></span> <span class='ocrx_word' id='word_1_50' title='bbox 605 651 811 703; x_wconf 80' lang='grc' dir='ltr'><strong><em>υποκλύζει</em></strong></span> <span class='ocrx_word' id='word_1_51' title='bbox 837 652 982 707; x_wconf 82' lang='grc' dir='ltr'><strong><em>χθονὸς</em></strong></span> <span class='ocrx_word' id='word_1_52' title='bbox 1010 655 1144 708; x_wconf 75' lang='grc' dir='ltr'><strong><em>ἕδραν,</em></strong></span> <span class='ocrx_word' id='word_1_53' title='bbox 1173 653 1329 697; x_wconf 72' lang='grc' dir='ltr'><strong><em>ἅπλωτα</em></strong></span> <span class='ocrx_word' id='word_1_54' title='bbox 1356 655 1400 698; x_wconf 79' lang='grc' dir='ltr'>δὲ</span> <span class='ocrx_word' id='word_1_55' title='bbox 1423 656 1563 712; x_wconf 75' lang='grc' dir='ltr'><strong><em>χέρσου</em></strong></span> 
     </span>
     <span class='ocr_line' id='line_1_10' title="bbox 477 707 1258 762; baseline 0.006 -16"><span class='ocrx_word' id='word_1_56' title='bbox 477 711 598 747; x_wconf 77' lang='grc' dir='ltr'><strong><em>Ναῖτα</em></strong></span> <span class='ocrx_word' id='word_1_57' title='bbox 622 711 878 758; x_wconf 80' lang='grc' dir='ltr'><strong><em>θαλασσαίοις</em></strong></span> <span class='ocrx_word' id='word_1_58' title='bbox 907 709 1037 750; x_wconf 77' lang='grc' dir='ltr'><strong><em>ἄλσεσι</em></strong></span> <span class='ocrx_word' id='word_1_59' title='bbox 1064 707 1258 762; x_wconf 77' lang='grc' dir='ltr'><strong><em>τηλεθᾶει.</em></strong></span> 
     </span>
    </p>

    <p class='ocr_par' dir='ltr' id='par_1_8' title="bbox 415 762 1557 874">
     <span class='ocr_line' id='line_1_11' title="bbox 415 762 1557 831; baseline 0.006 -29.025"><span class='ocrx_word' id='word_1_60' title='bbox 415 762 484 811; x_wconf 79' lang='grc' dir='ltr'>Ὡς</span> <span class='ocrx_word' id='word_1_61' title='bbox 513 762 637 812; x_wconf 86' lang='grc' dir='ltr'><strong><em>σοφος</em></strong></span> <span class='ocrx_word' id='word_1_62' title='bbox 666 762 769 813; x_wconf 79' lang='grc' dir='ltr'><strong><em>ὅστις</em></strong></span> <span class='ocrx_word' id='word_1_63' title='bbox 798 766 900 818; x_wconf 75' lang='grc' dir='ltr'><strong><em>ἔμιξε</em></strong></span> <span class='ocrx_word' id='word_1_64' title='bbox 929 764 1055 831; x_wconf 80' lang='grc' dir='ltr'><strong><em>βυθὸν</em></strong></span> <span class='ocrx_word' id='word_1_65' title='bbox 1083 765 1220 818; x_wconf 83' lang='grc' dir='ltr'><strong><em>χθονὶ,</em></strong></span> <span class='ocrx_word' id='word_1_66' title='bbox 1253 767 1378 816; x_wconf 83' lang='grc' dir='ltr'><strong><em>φυκία</em></strong></span> <span class='ocrx_word' id='word_1_67' title='bbox 1402 764 1557 820; x_wconf 77' lang='grc' dir='ltr'><strong><em>κήποις,</em></strong></span> 
     </span>
     <span class='ocr_line' id='line_1_12' title="bbox 473 817 1326 874; baseline 0.006 -17"><span class='ocrx_word' id='word_1_68' title='bbox 473 817 666 870; x_wconf 82' lang='grc' dir='ltr'><strong><em>Νηϊάδων</em></strong></span> <span class='ocrx_word' id='word_1_69' title='bbox 693 826 880 874; x_wconf 83' lang='grc' dir='ltr'><strong><em>προχοαῖς</em></strong></span> <span class='ocrx_word' id='word_1_70' title='bbox 906 818 1077 874; x_wconf 81' lang='grc' dir='ltr'><strong><em>χεύματα</em></strong></span> <span class='ocrx_word' id='word_1_71' title='bbox 1106 823 1326 874; x_wconf 79' lang='grc' dir='ltr'><strong><em>Νηρεΐδων.</em></strong></span> 
     </span>
    </p>
   </div>
   <div class='ocr_carea' id='block_1_8' title="bbox 844 911 1210 947">
    <p class='ocr_par' dir='ltr' id='par_1_9' title="bbox 844 911 1210 947">
     <span class='ocr_line' id='line_1_13' title="bbox 844 911 1210 947; baseline 0 0"><span class='ocrx_word' id='word_1_72' title='bbox 844 911 1210 947; x_wconf 75' lang='lat' dir='ltr'><strong>EIUSDEM.</strong></span> 
     </span>
    </p>
   </div>
   <div class='ocr_carea' id='block_1_9' title="bbox 419 978 1507 1204">
    <p class='ocr_par' dir='ltr' id='par_1_10' title="bbox 419 978 1476 1093">
     <span class='ocr_line' id='line_1_14' title="bbox 419 978 1476 1051; baseline 0.005 -29.019"><span class='ocrx_word' id='word_1_73' title='bbox 419 978 590 1023; x_wconf 61' lang='lat' dir='ltr'>&#39;Eat-‘5026&#39;</span> <span class='ocrx_word' id='word_1_74' title='bbox 619 984 887 1051; x_wconf 81' lang='grc' dir='ltr'><strong><em>ἒριδμαίνουσι</em></strong></span> <span class='ocrx_word' id='word_1_75' title='bbox 913 987 1020 1034; x_wconf 86' lang='grc' dir='ltr'><strong><em>τίνος</em></strong></span> <span class='ocrx_word' id='word_1_76' title='bbox 1045 985 1165 1026; x_wconf 81' lang='grc' dir='ltr'><strong><em>πλέον</em></strong></span> <span class='ocrx_word' id='word_1_77' title='bbox 1194 985 1324 1026; x_wconf 73' lang='grc' dir='ltr'><strong><em>ἔπλετο</em></strong></span> <span class='ocrx_word' id='word_1_78' title='bbox 1350 988 1476 1039; x_wconf 77' lang='grc' dir='ltr'><strong><em>χοῖρος</em></strong></span> 
     </span>
     <span class='ocr_line' id='line_1_15' title="bbox 477 1035 1329 1108; baseline 0.005 -31"><span class='ocrx_word' id='word_1_79' title='bbox 477 1035 647 1090; x_wconf 81' lang='grc' dir='ltr'><strong><em>Νύμφαι</em></strong></span> <span class='ocrx_word' id='word_1_80' title='bbox 675 1037 857 1091; x_wconf 79' lang='grc' dir='ltr'><strong><em>νηϊάδες,</em></strong></span> <span class='ocrx_word' id='word_1_81' title='bbox 888 1043 1081 1096; x_wconf 84' lang='grc' dir='ltr'><strong><em>Νηρίδες,</em></strong></span> <span class='ocrx_word' id='word_1_82' title='bbox 1107 1037 1329 1108; x_wconf 75' lang='grc' dir='ltr'><strong><em>Ἀδρυάδες.</em></strong></span> 
     </span>
    </p>

    <p class='ocr_par' dir='ltr' id='par_1_11' title="bbox 427 1093 1507 1204">
     <span class='ocr_line' id='line_1_16' title="bbox 427 1093 1507 1149; baseline 0.006 -17"><span class='ocrx_word' id='word_1_83' title='bbox 427 1096 521 1140; x_wconf 85' lang='grc' dir='ltr'><strong><em>Ταῖς</em></strong></span> <span class='ocrx_word' id='word_1_84' title='bbox 549 1093 591 1133; x_wconf 85' lang='grc' dir='ltr'>δὲ</span> <span class='ocrx_word' id='word_1_85' title='bbox 616 1094 838 1146; x_wconf 76' lang='grc' dir='ltr'><strong><em>θεμιστεύει</em></strong></span> <span class='ocrx_word' id='word_1_86' title='bbox 867 1110 1009 1148; x_wconf 86' lang='grc' dir='ltr'><strong><em>μεσατη</em></strong></span> <span class='ocrx_word' id='word_1_87' title='bbox 1037 1094 1158 1149; x_wconf 78' lang='grc' dir='ltr'><strong><em>χάρις.</em></strong></span> <span class='ocrx_word' id='word_1_88' title='bbox 1217 1093 1310 1138; x_wconf 76' lang='grc' dir='ltr'><strong><em>ουδὲ</em></strong></span> <span class='ocrx_word' id='word_1_89' title='bbox 1337 1093 1507 1146; x_wconf 73' lang='grc' dir='ltr'>δικάζειν</span> 
     </span>
     <span class='ocr_line' id='line_1_17' title="bbox 481 1145 1359 1204; baseline 0.003 -15"><span class='ocrx_word' id='word_1_90' title='bbox 481 1145 621 1196; x_wconf 80' lang='grc' dir='ltr'><strong><em>Οἶδεν,</em></strong></span> <span class='ocrx_word' id='word_1_91' title='bbox 648 1149 733 1191; x_wconf 79' lang='grc' dir='ltr'><strong><em>ἐπεὶ</em></strong></span> <span class='ocrx_word' id='word_1_92' title='bbox 759 1149 883 1203; x_wconf 74' lang='grc' dir='ltr'><strong><em>ξυνῆν</em></strong></span> <span class='ocrx_word' id='word_1_93' title='bbox 906 1152 1045 1204; x_wconf 84' lang='grc' dir='ltr'><strong><em>τέρψιν</em></strong></span> <span class='ocrx_word' id='word_1_94' title='bbox 1073 1150 1095 1192; x_wconf 86' lang='lat' dir='ltr'>o‘</span> <span class='ocrx_word' id='word_1_95' title='bbox 1123 1167 1246 1204; x_wconf 83' lang='grc' dir='ltr'><strong><em>χωρος</em></strong></span> <span class='ocrx_word' id='word_1_96' title='bbox 1274 1151 1359 1203; x_wconf 73' lang='grc' dir='ltr'><strong><em>ἔχει.</em></strong></span> 
     </span>
    </p>
   </div>
   <div class='ocr_carea' id='block_1_10' title="bbox 677 1240 1371 1278">
    <p class='ocr_par' dir='ltr' id='par_1_12' title="bbox 677 1240 1371 1278">
     <span class='ocr_line' id='line_1_18' title="bbox 677 1240 1371 1278; baseline 0.001 -2"><span class='ocrx_word' id='word_1_97' title='bbox 677 1240 954 1277; x_wconf 73' lang='grc' dir='ltr'><strong>ΑῡΑΤΗιΑΕ</strong></span> <span class='ocrx_word' id='word_1_98' title='bbox 994 1240 1371 1278; x_wconf 71' lang='lat' dir='ltr'>ScHOLAs&#39;ucr.</span> 
     </span>
    </p>
   </div>
   <div class='ocr_carea' id='block_1_11' title="bbox 387 1310 1555 1647">
    <p class='ocr_par' dir='ltr' id='par_1_13' title="bbox 387 1310 1555 1647">
     <span class='ocr_line' id='line_1_19' title="bbox 387 1310 1479 1383; baseline 0.004 -30"><span class='ocrx_word' id='word_1_99' title='bbox 387 1338 394 1341; x_wconf 90' lang='lat'>-</span> <span class='ocrx_word' id='word_1_100' title='bbox 419 1310 545 1362; x_wconf 82' lang='grc' dir='ltr'><strong><em>Εἶξον</em></strong></span> <span class='ocrx_word' id='word_1_101' title='bbox 571 1314 656 1367; x_wconf 72' lang='grc' dir='ltr'><strong><em>ἐμοὶ</em></strong></span> <span class='ocrx_word' id='word_1_102' title='bbox 685 1314 854 1381; x_wconf 81' lang='grc' dir='ltr'><strong><em>Δάφνης</em></strong></span> <span class='ocrx_word' id='word_1_103' title='bbox 879 1314 995 1383; x_wconf 82' lang='grc' dir='ltr'><strong><em>ἱερον</em></strong></span> <span class='ocrx_word' id='word_1_104' title='bbox 1012 1315 1146 1364; x_wconf 85' lang='grc' dir='ltr'><strong><em>κλέτας</em></strong></span> <span class='ocrx_word' id='word_1_105' title='bbox 1174 1315 1307 1357; x_wconf 82' lang='grc' dir='ltr'><strong><em>ε’κτοθι</em></strong></span> <span class='ocrx_word' id='word_1_106' title='bbox 1330 1313 1479 1357; x_wconf 83' lang='grc' dir='ltr'><strong><em>πόντου</em></strong></span> 
     </span>
     <span class='ocr_line' id='line_1_20' title="bbox 477 1368 1372 1442; baseline 0.003 -33"><span class='ocrx_word' id='word_1_107' title='bbox 477 1371 690 1421; x_wconf 85' lang='grc' dir='ltr'><strong><em>Κείμενον,</em></strong></span> <span class='ocrx_word' id='word_1_108' title='bbox 722 1368 919 1425; x_wconf 67' lang='grc' dir='ltr'><strong><em>ἀγραύλου</em></strong></span> <span class='ocrx_word' id='word_1_109' title='bbox 947 1369 1086 1419; x_wconf 79' lang='grc' dir='ltr'><strong><em>κάλλος</em></strong></span> <span class='ocrx_word' id='word_1_110' title='bbox 1115 1369 1372 1442; x_wconf 72' lang='grc' dir='ltr'><strong><em>ἔρημοσύνας.</em></strong></span> 
     </span>
     <span class='ocr_line' id='line_1_21' title="bbox 420 1420 1544 1480; baseline 0.001 -16"><span class='ocrx_word' id='word_1_111' title='bbox 420 1420 590 1466; x_wconf 77' lang='grc' dir='ltr'><strong><em>Ἐνθοὶδε</em></strong></span> <span class='ocrx_word' id='word_1_112' title='bbox 617 1424 691 1478; x_wconf 72' lang='grc' dir='ltr'>γὰρ</span> <span class='ocrx_word' id='word_1_113' title='bbox 719 1443 876 1479; x_wconf 85' lang='grc' dir='ltr'><strong><em>νυμφαι</em></strong></span> <span class='ocrx_word' id='word_1_114' title='bbox 905 1429 1158 1480; x_wconf 81' lang='grc' dir='ltr'><strong><em>δενδρίτιδες,</em></strong></span> <span class='ocrx_word' id='word_1_115' title='bbox 1189 1429 1233 1468; x_wconf 81' lang='grc' dir='ltr'>αἵ</span> <span class='ocrx_word' id='word_1_116' title='bbox 1257 1424 1295 1468; x_wconf 86' lang='grc' dir='ltr'>τ’</span> <span class='ocrx_word' id='word_1_117' title='bbox 1325 1427 1383 1467; x_wconf 78' lang='grc' dir='ltr'>ἐνὶ</span> <span class='ocrx_word' id='word_1_118' title='bbox 1410 1422 1544 1479; x_wconf 76' lang='grc' dir='ltr'><strong><em>πόντῳ</em></strong></span> 
     </span>
     <span class='ocr_line' id='line_1_22' title="bbox 478 1482 1249 1549; baseline 0.003 -29"><span class='ocrx_word' id='word_1_119' title='bbox 478 1483 670 1549; x_wconf 83' lang='grc' dir='ltr'><strong><em>Νηρεΐόες</em></strong></span> <span class='ocrx_word' id='word_1_120' title='bbox 698 1482 822 1534; x_wconf 80' lang='grc' dir='ltr'><strong><em>ξυνὴν</em></strong></span> <span class='ocrx_word' id='word_1_121' title='bbox 849 1482 967 1523; x_wconf 84' lang='grc' dir='ltr'><strong><em>θέντο</em></strong></span> <span class='ocrx_word' id='word_1_122' title='bbox 998 1484 1249 1535; x_wconf 85' lang='grc' dir='ltr'><strong><em>συνηλυσίην.</em></strong></span> 
     </span>
     <span class='ocr_line' id='line_1_23' title="bbox 419 1530 1555 1606; baseline 0.001 -31.002"><span class='ocrx_word' id='word_1_123' title='bbox 419 1530 540 1587; x_wconf 63' lang='grc' dir='ltr'><strong><em>’.ἄμφ’</em></strong></span> <span class='ocrx_word' id='word_1_124' title='bbox 569 1536 635 1588; x_wconf 81' lang='grc' dir='ltr'>εμὲ</span> <span class='ocrx_word' id='word_1_125' title='bbox 662 1554 736 1590; x_wconf 84' lang='grc' dir='ltr'>γαρ</span> <span class='ocrx_word' id='word_1_126' title='bbox 747 1535 984 1606; x_wconf 74' lang='grc' dir='ltr'><strong><em>μάρναντο,</em></strong></span> <span class='ocrx_word' id='word_1_127' title='bbox 1015 1540 1174 1578; x_wconf 82' lang='grc' dir='ltr'><strong><em>δίκασσε</em></strong></span> <span class='ocrx_word' id='word_1_128' title='bbox 1201 1536 1244 1578; x_wconf 80' lang='grc' dir='ltr'>δὲ</span> <span class='ocrx_word' id='word_1_129' title='bbox 1272 1535 1555 1603; x_wconf 80' lang='grc' dir='ltr'><strong><em>Κυανοχαίτης,</em></strong></span> 
     </span>
     <span class='ocr_line' id='line_1_24' title="bbox 476 1589 1491 1647; baseline 0.002 -17"><span class='ocrx_word' id='word_1_130' title='bbox 476 1593 558 1631; x_wconf 87' lang='grc' dir='ltr'>Καί</span> <span class='ocrx_word' id='word_1_131' title='bbox 585 1607 632 1645; x_wconf 86' lang='grc' dir='ltr'>με</span> <span class='ocrx_word' id='word_1_132' title='bbox 660 1589 758 1647; x_wconf 86' lang='grc' dir='ltr'><strong><em>παρ’</em></strong></span> <span class='ocrx_word' id='word_1_133' title='bbox 785 1591 1008 1646; x_wconf 85' lang='grc' dir='ltr'><strong><em>αμφοτέρας</em></strong></span> <span class='ocrx_word' id='word_1_134' title='bbox 1035 1593 1179 1646; x_wconf 83' lang='grc' dir='ltr'><strong><em>μέσσον</em></strong></span> <span class='ocrx_word' id='word_1_135' title='bbox 1207 1593 1350 1645; x_wconf 77' lang='grc' dir='ltr'><strong><em>ἔθηκεν</em></strong></span> <span class='ocrx_word' id='word_1_136' title='bbox 1379 1607 1491 1646; x_wconf 88' lang='grc' dir='ltr'><strong><em>ορον.</em></strong></span> 
     </span>
    </p>
   </div>
   <div class='ocr_carea' id='block_1_12' title="bbox 309 1702 1747 2807">
    <p class='ocr_par' dir='ltr' id='par_1_14' title="bbox 309 1702 1743 1975">
     <span class='ocr_line' id='line_1_25' title="bbox 417 1702 1740 1754; baseline -0.002 -13"><span class='ocrx_word' id='word_1_137' title='bbox 417 1702 463 1737; x_wconf 87' lang='lat' dir='ltr'>P·</span> <span class='ocrx_word' id='word_1_138' title='bbox 487 1703 551 1750; x_wconf 85' lang='lat'>96,</span> <span class='ocrx_word' id='word_1_139' title='bbox 580 1704 621 1741; x_wconf 80' lang='lat'>2</span> <span class='ocrx_word' id='word_1_140' title='bbox 678 1702 939 1754; x_wconf 72' lang='lat' dir='ltr'>Irrumpentis</span> <span class='ocrx_word' id='word_1_141' title='bbox 963 1703 1047 1741; x_wconf 78' lang='lat' dir='ltr'>Ceti</span> <span class='ocrx_word' id='word_1_142' title='bbox 1066 1703 1268 1754; x_wconf 74' lang='lat' dir='ltr'>periculis]</span> <span class='ocrx_word' id='word_1_143' title='bbox 1298 1702 1618 1754; x_wconf 76' lang='lat' dir='ltr'>Porphyrionem,</span> <span class='ocrx_word' id='word_1_144' title='bbox 1646 1702 1740 1739; x_wconf 79' lang='lat' dir='ltr'>Cete</span> 
     </span>
     <span class='ocr_line' id='line_1_26' title="bbox 309 1732 1741 1811; baseline 0.002 -20"><span class='ocrx_word' id='word_1_145' title='bbox 309 1753 411 1791; x_wconf 90' lang='lat' dir='ltr'>illud</span> <span class='ocrx_word' id='word_1_146' title='bbox 441 1732 685 1807; x_wconf 58' lang='lat' dir='ltr'>appellarunt</span> <span class='ocrx_word' id='word_1_147' title='bbox 714 1760 1156 1809; x_wconf 76' lang='lat' dir='ltr'>Constantinopolitauir,</span> <span class='ocrx_word' id='word_1_148' title='bbox 1197 1757 1302 1811; x_wconf 89' lang='lat' dir='ltr'>quod</span> <span class='ocrx_word' id='word_1_149' title='bbox 1332 1771 1384 1795; x_wconf 84' lang='lat' dir='ltr'>ex</span> <span class='ocrx_word' id='word_1_150' title='bbox 1410 1758 1636 1805; x_wconf 81' lang='lat' dir='ltr'>intervallo,</span> <span class='ocrx_word' id='word_1_151' title='bbox 1668 1771 1741 1794; x_wconf 80' lang='lat' dir='ltr'>an-</span> 
     </span>
     <span class='ocr_line' id='line_1_27' title="bbox 309 1811 1741 1865; baseline 0.003 -19"><span class='ocrx_word' id='word_1_152' title='bbox 309 1823 383 1847; x_wconf 85' lang='lat' dir='ltr'>nos</span> <span class='ocrx_word' id='word_1_153' title='bbox 411 1811 533 1849; x_wconf 88' lang='lat' dir='ltr'>ferme</span> <span class='ocrx_word' id='word_1_154' title='bbox 563 1815 856 1864; x_wconf 82' lang='lat' dir='ltr'>quinquaginta,</span> <span class='ocrx_word' id='word_1_155' title='bbox 888 1813 938 1850; x_wconf 85' lang='lat' dir='ltr'>ad</span> <span class='ocrx_word' id='word_1_156' title='bbox 966 1821 1175 1865; x_wconf 86' lang='lat' dir='ltr'>utrumque</span> <span class='ocrx_word' id='word_1_157' title='bbox 1203 1816 1367 1864; x_wconf 89' lang='lat' dir='ltr'>Bospori</span> <span class='ocrx_word' id='word_1_158' title='bbox 1396 1815 1546 1861; x_wconf 86' lang='lat' dir='ltr'>sinum,</span> <span class='ocrx_word' id='word_1_159' title='bbox 1578 1826 1741 1864; x_wconf 80' lang='lat' dir='ltr'>magnas</span> 
     </span>
     <span class='ocr_line' id='line_1_28' title="bbox 310 1867 1743 1921; baseline 0.003 -19"><span class='ocrx_word' id='word_1_160' title='bbox 310 1868 460 1914; x_wconf 79' lang='lat' dir='ltr'>nautis,</span> <span class='ocrx_word' id='word_1_161' title='bbox 501 1876 617 1920; x_wconf 82' lang='lat' dir='ltr'>atque</span> <span class='ocrx_word' id='word_1_162' title='bbox 653 1870 800 1907; x_wconf 86' lang='lat' dir='ltr'>civibus</span> <span class='ocrx_word' id='word_1_163' title='bbox 841 1869 969 1907; x_wconf 83' lang='lat' dir='ltr'>clades</span> <span class='ocrx_word' id='word_1_164' title='bbox 1008 1871 1154 1908; x_wconf 82' lang='lat' dir='ltr'>intulit.</span> <span class='ocrx_word' id='word_1_165' title='bbox 1209 1870 1307 1909; x_wconf 87' lang='lat' dir='ltr'>Vide</span> <span class='ocrx_word' id='word_1_166' title='bbox 1337 1882 1436 1921; x_wconf 85' lang='lat' dir='ltr'>quae</span> <span class='ocrx_word' id='word_1_167' title='bbox 1474 1869 1560 1906; x_wconf 80' lang='lat' dir='ltr'>fuse</span> <span class='ocrx_word' id='word_1_168' title='bbox 1588 1867 1637 1906; x_wconf 82' lang='lat' dir='ltr'>de</span> <span class='ocrx_word' id='word_1_169' title='bbox 1671 1869 1743 1906; x_wconf 82' lang='lat' dir='ltr'>illo</span> 
     </span>
     <span class='ocr_line' id='line_1_29' title="bbox 311 1924 1075 2015; baseline 0.008 -58"><span class='ocrx_word' id='word_1_170' title='bbox 311 1930 442 1958; x_wconf 80' lang='lat' dir='ltr'>narrat</span> <span class='ocrx_word' id='word_1_171' title='bbox 423 1924 672 2015; x_wconf 82' lang='lat' dir='ltr'>PProcopius</span> <span class='ocrx_word' id='word_1_172' title='bbox 706 1925 734 1961; x_wconf 91' lang='lat' dir='ltr'>l.</span> <span class='ocrx_word' id='word_1_173' title='bbox 764 1928 788 1965; x_wconf 90' lang='lat'><strong>3</strong></span> <span class='ocrx_word' id='word_1_174' title='bbox 818 1925 910 1962; x_wconf 89' lang='lat' dir='ltr'>bell.</span> <span class='ocrx_word' id='word_1_175' title='bbox 941 1924 1075 1963; x_wconf 83' lang='lat' dir='ltr'>Gotth.</span> 
     </span>
    </p>

    <p class='ocr_par' dir='ltr' id='par_1_15' title="bbox 313 1979 1744 2181">
     <span class='ocr_line' id='line_1_30' title="bbox 458 1979 1744 2028; baseline -0.002 -9.904"><span class='ocrx_word' id='word_1_176' title='bbox 458 1981 563 2028; x_wconf 87' lang='grc'><strong><em>96,</em></strong></span> <span class='ocrx_word' id='word_1_177' title='bbox 596 1979 660 2020; x_wconf 80' lang='grc'>14.</span> <span class='ocrx_word' id='word_1_178' title='bbox 724 1981 768 2018; x_wconf 92' lang='lat' dir='ltr'><em>V</em></span> <span class='ocrx_word' id='word_1_179' title='bbox 761 1994 849 2018; x_wconf 82' lang='lat' dir='ltr'>erae</span> <span class='ocrx_word' id='word_1_180' title='bbox 875 1988 966 2018; x_wconf 82' lang='lat' dir='ltr'>tanc</span> <span class='ocrx_word' id='word_1_181' title='bbox 995 1981 1106 2018; x_wconf 71' lang='lat' dir='ltr'>locus</span> <span class='ocrx_word' id='word_1_182' title='bbox 1132 1981 1359 2017; x_wconf 76' lang='lat' dir='ltr'>narrationi</span> <span class='ocrx_word' id='word_1_183' title='bbox 1379 1993 1458 2016; x_wconf 87' lang='lat' dir='ltr'>non</span> <span class='ocrx_word' id='word_1_184' title='bbox 1479 1979 1578 2028; x_wconf 85' lang='lat' dir='ltr'>fuit]</span> <span class='ocrx_word' id='word_1_185' title='bbox 1614 1979 1744 2016; x_wconf 87' lang='lat' dir='ltr'>Nimi-</span> 
     </span>
     <span class='ocr_line' id='line_1_31' title="bbox 313 2033 1743 2086; baseline 0.001 -18"><span class='ocrx_word' id='word_1_186' title='bbox 313 2045 402 2068; x_wconf 86' lang='lat' dir='ltr'>rum</span> <span class='ocrx_word' id='word_1_187' title='bbox 432 2033 559 2071; x_wconf 87' lang='lat' dir='ltr'>adhuc</span> <span class='ocrx_word' id='word_1_188' title='bbox 587 2034 796 2073; x_wconf 86' lang='lat' dir='ltr'>Theodora</span> <span class='ocrx_word' id='word_1_189' title='bbox 826 2044 1046 2086; x_wconf 83' lang='lat' dir='ltr'>supererat,</span> <span class='ocrx_word' id='word_1_190' title='bbox 1088 2049 1177 2072; x_wconf 91' lang='lat' dir='ltr'>cum</span> <span class='ocrx_word' id='word_1_191' title='bbox 1205 2033 1406 2071; x_wconf 81' lang='lat' dir='ltr'>historiam</span> <span class='ocrx_word' id='word_1_192' title='bbox 1436 2034 1483 2071; x_wconf 90' lang='lat' dir='ltr'>de</span> <span class='ocrx_word' id='word_1_193' title='bbox 1510 2035 1615 2070; x_wconf 85' lang='lat' dir='ltr'>bello</span> <span class='ocrx_word' id='word_1_194' title='bbox 1644 2035 1743 2071; x_wconf 86' lang='lat' dir='ltr'>Got-</span> 
     </span>
     <span class='ocr_line' id='line_1_32' title="bbox 313 2086 1744 2142; baseline 0.003 -19"><span class='ocrx_word' id='word_1_195' title='bbox 313 2086 418 2125; x_wconf 81' lang='lat' dir='ltr'>thico</span> <span class='ocrx_word' id='word_1_196' title='bbox 458 2091 670 2142; x_wconf 87' lang='lat' dir='ltr'>Procopius</span> <span class='ocrx_word' id='word_1_197' title='bbox 707 2092 959 2140; x_wconf 82' lang='lat' dir='ltr'>lucubrabat,</span> <span class='ocrx_word' id='word_1_198' title='bbox 999 2098 1043 2128; x_wconf 82' lang='lat' dir='ltr'>ut</span> <span class='ocrx_word' id='word_1_199' title='bbox 1078 2092 1120 2127; x_wconf 88' lang='lat' dir='ltr'>in</span> <span class='ocrx_word' id='word_1_200' title='bbox 1155 2090 1393 2141; x_wconf 81' lang='lat' dir='ltr'>praefatione</span> <span class='ocrx_word' id='word_1_201' title='bbox 1433 2090 1620 2127; x_wconf 87' lang='lat' dir='ltr'>lectorem</span> <span class='ocrx_word' id='word_1_202' title='bbox 1653 2102 1744 2127; x_wconf 84' lang='lat' dir='ltr'>mo·</span> 
     </span>
     <span class='ocr_line' id='line_1_33' title="bbox 314 2154 488 2181; baseline 0.017 -3"><span class='ocrx_word' id='word_1_203' title='bbox 314 2154 488 2181; x_wconf 85' lang='lat' dir='ltr'>nunnus.</span> 
     </span>
    </p>

    <p class='ocr_par' dir='ltr' id='par_1_16' title="bbox 311 2198 1747 2681">
     <span class='ocr_line' id='line_1_34' title="bbox 422 2198 1746 2251; baseline 0.001 -16"><span class='ocrx_word' id='word_1_204' title='bbox 422 2201 468 2237; x_wconf 87' lang='lat' dir='ltr'>P.</span> <span class='ocrx_word' id='word_1_205' title='bbox 492 2202 567 2247; x_wconf 89' lang='lat'>97,</span> <span class='ocrx_word' id='word_1_206' title='bbox 597 2202 638 2239; x_wconf 80' lang='lat'>2.</span> <span class='ocrx_word' id='word_1_207' title='bbox 701 2199 943 2238; x_wconf 75' lang='lat' dir='ltr'>Theodatum</span> <span class='ocrx_word' id='word_1_208' title='bbox 979 2199 1204 2237; x_wconf 67' lang='lat' dir='ltr'>rationibus</span> <span class='ocrx_word' id='word_1_209' title='bbox 1241 2199 1342 2236; x_wconf 73' lang='lat' dir='ltr'>mila·</span> <span class='ocrx_word' id='word_1_210' title='bbox 1380 2198 1537 2251; x_wconf 79' lang='lat' dir='ltr'>quidem</span> <span class='ocrx_word' id='word_1_211' title='bbox 1569 2198 1746 2237; x_wconf 69' lang='lat' dir='ltr'>obscuris</span> 
     </span>
     <span class='ocr_line' id='line_1_35' title="bbox 311 2253 1746 2307; baseline 0.003 -18"><span class='ocrx_word' id='word_1_212' title='bbox 311 2254 355 2290; x_wconf 89' lang='lat' dir='ltr'>in</span> <span class='ocrx_word' id='word_1_213' title='bbox 383 2254 707 2292; x_wconf 68' lang='lat' dir='ltr'>Amalasuntlzae</span> <span class='ocrx_word' id='word_1_214' title='bbox 734 2255 890 2293; x_wconf 82' lang='lat' dir='ltr'>caedem</span> <span class='ocrx_word' id='word_1_215' title='bbox 918 2255 1110 2307; x_wconf 79' lang='lat' dir='ltr'>impellit]</span> <span class='ocrx_word' id='word_1_216' title='bbox 1149 2256 1208 2291; x_wconf 91' lang='lat' dir='ltr'>De</span> <span class='ocrx_word' id='word_1_217' title='bbox 1235 2253 1310 2292; x_wconf 84' lang='lat' dir='ltr'>hac</span> <span class='ocrx_word' id='word_1_218' title='bbox 1338 2254 1456 2292; x_wconf 83' lang='lat' dir='ltr'>caede</span> <span class='ocrx_word' id='word_1_219' title='bbox 1485 2253 1619 2292; x_wconf 73' lang='lat' dir='ltr'>audire</span> <span class='ocrx_word' id='word_1_220' title='bbox 1644 2268 1746 2306; x_wconf 82' lang='lat' dir='ltr'>pene</span> 
     </span>
     <span class='ocr_line' id='line_1_36' title="bbox 311 2307 1745 2361; baseline 0.001 -15"><span class='ocrx_word' id='word_1_221' title='bbox 311 2307 414 2346; x_wconf 86' lang='lat' dir='ltr'>mihi</span> <span class='ocrx_word' id='word_1_222' title='bbox 442 2309 577 2347; x_wconf 86' lang='lat' dir='ltr'>videor</span> <span class='ocrx_word' id='word_1_223' title='bbox 605 2311 950 2349; x_wconf 81' lang='lat' dir='ltr'>submussitantem</span> <span class='ocrx_word' id='word_1_224' title='bbox 979 2325 1070 2348; x_wconf 83' lang='lat' dir='ltr'>cum</span> <span class='ocrx_word' id='word_1_225' title='bbox 1092 2309 1301 2348; x_wconf 83' lang='lat' dir='ltr'>Theodora</span> <span class='ocrx_word' id='word_1_226' title='bbox 1321 2309 1584 2359; x_wconf 86' lang='lat' dir='ltr'>Theodatum‚</span> <span class='ocrx_word' id='word_1_227' title='bbox 1611 2311 1654 2347; x_wconf 85' lang='lat' dir='ltr'>in</span> <span class='ocrx_word' id='word_1_228' title='bbox 1681 2324 1745 2361; x_wconf 81' lang='lat' dir='ltr'>ep.</span> 
     </span>
     <span class='ocr_line' id='line_1_37' title="bbox 312 2365 1746 2418; baseline -0.001 -15"><span class='ocrx_word' id='word_1_229' title='bbox 312 2365 368 2404; x_wconf 81' lang='lat'>20</span> <span class='ocrx_word' id='word_1_230' title='bbox 398 2365 426 2402; x_wconf 92' lang='lat' dir='ltr'>l.</span> <span class='ocrx_word' id='word_1_231' title='bbox 459 2366 511 2405; x_wconf 89' lang='grc'>10</span> <span class='ocrx_word' id='word_1_232' title='bbox 537 2367 624 2403; x_wconf 85' lang='lat' dir='ltr'>Var.</span> <span class='ocrx_word' id='word_1_233' title='bbox 657 2366 831 2404; x_wconf 85' lang='lat' dir='ltr'>Cassiod.</span> <span class='ocrx_word' id='word_1_234' title='bbox 887 2369 952 2405; x_wconf 86' lang='lat' dir='ltr'>De</span> <span class='ocrx_word' id='word_1_235' title='bbox 978 2368 1055 2404; x_wconf 85' lang='lat' dir='ltr'>illa</span> <span class='ocrx_word' id='word_1_236' title='bbox 1075 2380 1270 2417; x_wconf 71' lang='lat' dir='ltr'>persona,</span> <span class='ocrx_word' id='word_1_237' title='bbox 1300 2365 1347 2403; x_wconf 81' lang='lat' dir='ltr'>de</span> <span class='ocrx_word' id='word_1_238' title='bbox 1375 2379 1458 2418; x_wconf 83' lang='lat' dir='ltr'>qua</span> <span class='ocrx_word' id='word_1_239' title='bbox 1485 2365 1544 2403; x_wconf 87' lang='lat' dir='ltr'>ad</span> <span class='ocrx_word' id='word_1_240' title='bbox 1567 2379 1640 2403; x_wconf 71' lang='lat' dir='ltr'>noe</span> <span class='ocrx_word' id='word_1_241' title='bbox 1666 2366 1746 2403; x_wconf 86' lang='lat' dir='ltr'>ali-</span> 
     </span>
     <span class='ocr_line' id='line_1_38' title="bbox 313 2419 1746 2473; baseline 0.001 -16"><span class='ocrx_word' id='word_1_242' title='bbox 313 2419 417 2470; x_wconf 77' lang='lat' dir='ltr'>quid</span> <span class='ocrx_word' id='word_1_243' title='bbox 441 2420 554 2458; x_wconf 75' lang='lat' dir='ltr'>verbo</span> <span class='ocrx_word' id='word_1_244' title='bbox 584 2422 776 2460; x_wconf 75' lang='lat' dir='ltr'>titillante</span> <span class='ocrx_word' id='word_1_245' title='bbox 797 2425 1002 2473; x_wconf 72' lang='lat' dir='ltr'>pervenit5</span> <span class='ocrx_word' id='word_1_246' title='bbox 1042 2422 1117 2460; x_wconf 72' lang='lat' dir='ltr'>lzoc</span> <span class='ocrx_word' id='word_1_247' title='bbox 1151 2421 1382 2460; x_wconf 81' lang='lat' dir='ltr'>ordinatum</span> <span class='ocrx_word' id='word_1_248' title='bbox 1408 2435 1488 2458; x_wconf 69' lang='lat' dir='ltr'>esse</span> <span class='ocrx_word' id='word_1_249' title='bbox 1515 2422 1746 2472; x_wconf 72' lang='lat' dir='ltr'>cognoscite,</span> 
     </span>
     <span class='ocr_line' id='line_1_39' title="bbox 311 2474 1747 2527; baseline 0 -15"><span class='ocrx_word' id='word_1_250' title='bbox 311 2474 424 2527; x_wconf 79' lang='lat' dir='ltr'>quod</span> <span class='ocrx_word' id='word_1_251' title='bbox 458 2478 600 2514; x_wconf 69' lang='lat' dir='ltr'>vestris</span> <span class='ocrx_word' id='word_1_252' title='bbox 637 2478 880 2516; x_wconf 71' lang='lat' dir='ltr'>credidimus</span> <span class='ocrx_word' id='word_1_253' title='bbox 915 2480 1064 2516; x_wconf 67' lang='lat' dir='ltr'>animis</span> <span class='ocrx_word' id='word_1_254' title='bbox 1091 2479 1305 2517; x_wconf 77' lang='lat' dir='ltr'>convenire.</span> <span class='ocrx_word' id='word_1_255' title='bbox 1359 2475 1609 2515; x_wconf 73' lang='lat' dir='ltr'>Desiderium</span> <span class='ocrx_word' id='word_1_256' title='bbox 1643 2477 1747 2513; x_wconf 86' lang='lat' dir='ltr'>enim</span> 
     </span>
     <span class='ocr_line' id='line_1_40' title="bbox 313 2533 1745 2583; baseline 0 -15"><span class='ocrx_word' id='word_1_257' title='bbox 313 2539 493 2569; x_wconf 72' lang='lat' dir='ltr'>nostrum</span> <span class='ocrx_word' id='word_1_258' title='bbox 522 2533 603 2569; x_wconf 85' lang='lat' dir='ltr'>tale</span> <span class='ocrx_word' id='word_1_259' title='bbox 642 2541 719 2582; x_wconf 69' lang='lat' dir='ltr'>est,</span> <span class='ocrx_word' id='word_1_260' title='bbox 759 2541 803 2571; x_wconf 82' lang='lat' dir='ltr'>ut</span> <span class='ocrx_word' id='word_1_261' title='bbox 830 2535 1100 2572; x_wconf 75' lang='lat' dir='ltr'>interveniente</span> <span class='ocrx_word' id='word_1_262' title='bbox 1124 2533 1264 2583; x_wconf 79' lang='lat' dir='ltr'>gratia</span> <span class='ocrx_word' id='word_1_263' title='bbox 1290 2546 1368 2570; x_wconf 82' lang='lat' dir='ltr'>non</span> <span class='ocrx_word' id='word_1_264' title='bbox 1394 2534 1529 2570; x_wconf 74' lang='lat' dir='ltr'>minue</span> <span class='ocrx_word' id='word_1_265' title='bbox 1556 2533 1600 2569; x_wconf 85' lang='lat' dir='ltr'>in</span> <span class='ocrx_word' id='word_1_266' title='bbox 1627 2544 1745 2583; x_wconf 81' lang='lat' dir='ltr'>regno</span> 
     </span>
     <span class='ocr_line' id='line_1_41' title="bbox 314 2583 1746 2640; baseline 0.001 -17"><span class='ocrx_word' id='word_1_267' title='bbox 314 2595 463 2635; x_wconf 71' lang='lat' dir='ltr'>nostJo,</span> <span class='ocrx_word' id='word_1_268' title='bbox 492 2602 615 2639; x_wconf 78' lang='lat' dir='ltr'>quam</span> <span class='ocrx_word' id='word_1_269' title='bbox 642 2591 685 2626; x_wconf 86' lang='lat' dir='ltr'>in</span> <span class='ocrx_word' id='word_1_270' title='bbox 711 2597 838 2628; x_wconf 67' lang='lat' dir='ltr'>vestro</span> <span class='ocrx_word' id='word_1_271' title='bbox 862 2590 1033 2626; x_wconf 68' lang='lat' dir='ltr'>iubeatis</span> <span class='ocrx_word' id='word_1_272' title='bbox 1058 2590 1236 2639; x_wconf 81' lang='lat' dir='ltr'>imperio.</span> <span class='ocrx_word' id='word_1_273' title='bbox 1292 2589 1352 2624; x_wconf 90' lang='lat' dir='ltr'>De</span> <span class='ocrx_word' id='word_1_274' title='bbox 1381 2583 1463 2640; x_wconf 72' lang='lat' dir='ltr'>qud</span> <span class='ocrx_word' id='word_1_275' title='bbox 1485 2595 1619 2626; x_wconf 81' lang='lat' dir='ltr'>tamen</span> <span class='ocrx_word' id='word_1_276' title='bbox 1644 2586 1746 2624; x_wconf 83' lang='lat' dir='ltr'>nihil</span> 
     </span>
     <span class='ocr_line' id='line_1_42' title="bbox 314 2650 457 2681; baseline -0.008 0"><span class='ocrx_word' id='word_1_277' title='bbox 314 2650 457 2681; x_wconf 80' lang='lat' dir='ltr'>statuo.</span> 
     </span>
    </p>

    <p class='ocr_par' dir='ltr' id='par_1_17' title="bbox 316 2695 1747 2807">
     <span class='ocr_line' id='line_1_43' title="bbox 426 2695 1747 2750; baseline -0.002 -14"><span class='ocrx_word' id='word_1_278' title='bbox 426 2701 471 2736; x_wconf 90' lang='grc' dir='ltr'>Ρ.</span> <span class='ocrx_word' id='word_1_279' title='bbox 501 2701 575 2746; x_wconf 86' lang='grc'><strong><em>97,</em></strong></span> <span class='ocrx_word' id='word_1_280' title='bbox 604 2702 644 2740; x_wconf 84' lang='grc'>3.</span> <span class='ocrx_word' id='word_1_281' title='bbox 699 2697 853 2737; x_wconf 82' lang='lat' dir='ltr'>Exinde</span> <span class='ocrx_word' id='word_1_282' title='bbox 880 2701 1026 2736; x_wconf 68' lang='lat' dir='ltr'>Petrus</span> <span class='ocrx_word' id='word_1_283' title='bbox 1054 2697 1112 2736; x_wconf 84' lang='lat' dir='ltr'>ad</span> <span class='ocrx_word' id='word_1_284' title='bbox 1138 2699 1327 2750; x_wconf 70' lang='lat' dir='ltr'>magistri</span> <span class='ocrx_word' id='word_1_285' title='bbox 1353 2695 1586 2748; x_wconf 76' lang='lat' dir='ltr'>dignitatem</span> <span class='ocrx_word' id='word_1_286' title='bbox 1616 2695 1747 2734; x_wconf 72' lang='lat' dir='ltr'>evehi-</span> 
     </span>
     <span class='ocr_line' id='line_1_44' title="bbox 316 2749 1747 2807; baseline -0.002 -16"><span class='ocrx_word' id='word_1_287' title='bbox 316 2753 409 2805; x_wconf 84' lang='lat' dir='ltr'>tur]</span> <span class='ocrx_word' id='word_1_288' title='bbox 447 2753 512 2792; x_wconf 87' lang='lat' dir='ltr'>Ad</span> <span class='ocrx_word' id='word_1_289' title='bbox 543 2767 662 2807; x_wconf 87' lang='lat' dir='ltr'>quem</span> <span class='ocrx_word' id='word_1_290' title='bbox 690 2762 827 2794; x_wconf 81' lang='lat' dir='ltr'>extant</span> <span class='ocrx_word' id='word_1_291' title='bbox 856 2753 955 2792; x_wconf 87' lang='lat' dir='ltr'>duae</span> <span class='ocrx_word' id='word_1_292' title='bbox 983 2755 1188 2793; x_wconf 84' lang='lat' dir='ltr'>Iustiniani</span> <span class='ocrx_word' id='word_1_293' title='bbox 1225 2753 1404 2794; x_wconf 79' lang='lat' dir='ltr'>novellae</span> <span class='ocrx_word' id='word_1_294' title='bbox 1434 2754 1636 2796; x_wconf 83' lang='lat'><strong>123.137</strong></span> <span class='ocrx_word' id='word_1_295' title='bbox 1670 2749 1747 2789; x_wconf 78' lang='lat' dir='ltr'>hoc</span> 
     </span>
    </p>
   </div>
  </div>
 </body>
</html>
