1754 3132
183 166 209 208 3
217 164 242 207 8
774 165 1036 208 PROCOPII

183 277 339 324 σταλεὶς
356 274 519 331 ἀφίκετο
542 273 580 324 ἐς
598 273 833 327 Βυζάντιον,
857 275 897 324 ἐς
918 272 1060 330 λόγους
1079 275 1189 333 αὐτῷ
1208 278 1455 328 καταστῆναι
1473 273 1494 317 ὁ
1511 278 1553 317 Γ
1550 290 1616 331 ερ-

42 353 69 384 V
95 353 160 387 290
182 340 311 397 μανὸς
331 342 436 398 ἀμφὶ
458 345 508 398 τῇ
532 343 669 401 κηδείᾳ
686 339 929 398 ἠνάγκαστο,
965 341 1032 384 καὶ
1050 346 1180 384 ταῦτα
1198 342 1288 384 λίαν
1308 341 1386 385 ἀπὸ
1406 345 1481 397 τῆς
1501 341 1617 395 ἀξίας

182 414 253 463 τῆς
286 410 413 452 αὐτοῦ
447 409 543 452 ὄντι.
614 411 700 451 ε’πεί
714 425 756 451 τε
773 408 820 451 τὸ
838 414 1003 463 πρᾶγμα
1022 407 1182 463 ἤρεσκεν
1206 409 1352 465 ἄμφω,
1391 407 1523 460 ὅρκοις
1541 409 1615 450 ἀλ-

183 475 328 530 λήλους
358 477 533 532 ἔγνωσαν
563 475 805 525 δεινοτάτοις
834 481 1098 529 καταλαβεῖν,
1136 472 1257 529 ἧμὴν
1277 477 1322 518 τὸ
1346 478 1468 530 κῆδος
1487 474 1616 518 ἔπιτε-

182 544 306 586 λὲσειν
327 541 493 596 δυνάμει
509 547 560 599 τῇ
578 541 702 599 πάσῃ,
738 543 817 585 ἐπεὶ
839 543 978 585 αὐτοῖν
996 541 1180 598 ἑκάτερος
1197 542 1243 585 τὸ
1262 547 1432 598 θαρσεῖν
1451 543 1512 583 ἐπὶ
1533 546 1616 584 θα·-
1630 551 1650 586 5

183 610 286 668 τέρῳ
310 609 364 659 ὥς
389 608 534 664 ἥκιστα
567 609 666 663 εἶχεν
677 642 690 662 ,
725 608 746 652 ὃ
775 611 847 663 μὲν
866 615 922 667 τῷ
945 610 1160 659 ξυνειδέναι
1179 608 1239 652 ὅτι
1261 610 1312 663 δὴ
1331 614 1411 651 τῶν
1427 608 1527 666 ὑπὲρ
1547 609 1619 662 τὴν

131 685 162 718 D
186 677 302 727 ἀξίαν
331 675 532 732 ὀρέγοιτο,
567 675 588 718 ὅ
620 679 663 718 δὲ
693 680 887 730 κηδεστοῦ
918 675 1206 732 ἀπορούμενος.
1273 674 1364 730 ἥδέ
1381 675 1454 718 οὐκ
1473 675 1620 730 ἔχουσα

186 747 247 792 τίς
265 744 426 798 γένηται
448 743 515 784 διὰ
534 741 667 798 πάσης
687 743 784 786 ὁδοῦ
803 747 920 786 ἰοῦσα
942 742 1129 800 ἑκάτερον
1143 743 1317 798 μετιέναι
1333 747 1494 799 μηχανῇ
1510 740 1621 798 πάσῃ

185 811 256 852 οὐκ
289 810 484 865 ἀπηξίου,
521 808 630 859 ὅπως
662 810 712 853 ἂν
739 812 790 853 τοὶ
817 811 1073 867 πραττόμενα
1093 815 1254 867 μηχανῇ
1274 814 1324 866 τῇ
1343 807 1453 866 πάσῃ
1473 811 1622 851 διακω-

184 876 284 919 λύοι.
356 879 436 919 ἐπεὶ
464 878 509 918 δὲ
532 878 670 920 αὐτοῖν
688 881 828 932 καίπερ
847 879 976 920 πολλὰ
997 878 1230 932 δεδιξαμένη
1251 877 1482 920 ἀναπείθειν
1504 875 1621 919 0²36*ss-
1635 886 1677 920 10

186 961 301 999 τερον
322 943 432 998 ἴσχε,
470 945 694 999 διαρρήδην
716 946 878 987 ἀπολεῖν
898 944 1170 1000 τὸνἸωάννην
1188 944 1389 999 ἠπείλησε.
1458 945 1524 985 καὶ
1546 942 1619 985 ἀπ’

186 1012 312 1052 αὐτοῦ
332 1010 521 1064 Ἰωάννης
541 1010 665 1061 αὖθις
686 1014 726 1061 ἐς
740 1013 914 1054 Ἰταλίαν
932 1015 1089 1062 σταλεὶς
1111 1013 1271 1064 οὐδαμῆ
1291 1012 1482 1064 ξυμμῖξαι
1503 1013 1623 1052 Βελι-

187 1079 316 1134 σαρίῳ
347 1076 561 1131 ἐτόλμησε,
595 1081 669 1133 τὴν
698 1082 740 1128 ἐξ
757 1079 994 1133 Ἀντωνίνης
1012 1079 1226 1134 ἐπιβουλὴν
1249 1080 1407 1130 δείσας,
1445 1078 1519 1126 ἕως
1534 1077 1624 1119 Ἀν-

186 1145 334 1186 τωνίνα
373 1146 414 1194 ἐς
445 1144 667 1196 Βυζάντιον
705 1142 823 1200 ἦλθε.
892 1144 967 1200 τήν
997 1163 1040 1188 τε
1068 1147 1146 1202 γὰρ
1168 1148 1360 1199 βασιλίδα
1384 1142 1515 1201 ταύτῃ
1539 1145 1624 1186 ἐπι-

188 1215 338 1253 στεῖλαι
369 1211 439 1253 τὸν
471 1213 598 1255 αὐτοῦ
629 1211 756 1267 φόνον
789 1213 861 1254 οὐκ
901 1213 981 1255 ἄπο
1024 1218 1098 1255 τοῦ
1140 1211 1292 1261 εἰκότος
1334 1211 1384 1253 ἄν
1418 1228 1480 1260 τις
1510 1208 1624 1253 ὗπιῦ-
1638 1221 1680 1256 15

187 1294 330 1320 πτευσε
342 1309 354 1329 ,
403 1280 468 1319 καὶ
503 1280 575 1321 τὸν
608 1279 844 1333 Ἀντωνίνης
884 1280 1168 1338 σταθμωμένῳ
1208 1277 1358 1333 τρόπον
1391 1276 1552 1320 ἅπαντά
1585 1294 1636 1319 τει

71 1351 99 1383 P
127 1353 165 1386 17
192 1342 430 1400 Βελισάριον
459 1344 659 1388 ἐνδιδόναι
687 1351 738 1403 τῇ
765 1348 920 1400 γυναικὶ
945 1347 1193 1404 ἐπισταμένῳ
1223 1346 1313 1395 δέος
1347 1346 1492 1398 ἐγίνετο
1525 1344 1628 1400 μέγα

186 1414 252 1453 καὶ
277 1412 347 1454 τὸν
372 1409 491 1468 ἐσῄει.
558 1417 679 1456 τοῦτο
703 1417 801 1469 γοῦν
815 1411 1027 1467 Ῥωμαίοις
1044 1414 1097 1456 τὰ
1114 1411 1331 1470 πράγματα
1348 1413 1414 1454 καὶ
1431 1410 1627 1468 πρότερον

278 1531 310 1564 6.
339 1530 390 1575 τῷ
421 1530 624 1571 ξυνειδέναι
657 1531 761 1565 Alem.
806 1532 1003 1576 Legebatur
1033 1531 1076 1566 τὰ
1114 1529 1327 1574 ξυνειδέναι.
1464 1532 1498 1566 7.
1530 1527 1553 1575 ἡ
1586 1528 1628 1565 δὲ

279 1575 383 1608 Alem.
417 1575 457 1610 P.
509 1576 584 1609 τοῖν
618 1576 657 1610 Α.
704 1574 785 1612 τότε
815 1578 920 1611 Alem.
953 1577 989 1611 in
1020 1577 1164 1611 schedis.
1211 1574 1424 1620 ,,Θεοδιόρα
1457 1571 1527 1611 οὖν
1559 1574 1628 1611 οὐκ

280 1619 413 1663 ἔχουσα
446 1617 467 1655 ὅ
498 1634 533 1655 τι
563 1621 624 1656 καὶ
656 1619 821 1666 γένηται,
855 1623 909 1656 vel
932 1623 1045 1667 potius
1071 1619 1190 1661 οὕτως
1211 1620 1483 1665 διαταξαμένων
1506 1619 1630 1656 αὐτῶν

279 1663 349 1700 οὐκ
374 1665 507 1708 ἔχουσα
530 1670 632 1700 cet.“
666 1667 786 1701 Rfflsx.
924 1671 978 1703 11.
1011 1668 1160 1703 ἀπολεῖν
1193 1667 1272 1702 Vat.
1306 1668 1345 1701 P.
1393 1665 1562 1702 οἷπόλλειν
1587 1667 1630 1700 Α.

281 1709 336 1745 14.
359 1709 473 1756 ταύτῃ
496 1711 603 1746 Alem.
628 1712 667 1745 P.
714 1709 853 1756 ταύτην
876 1713 916 1746 Α.
1054 1715 1108 1748 15.
1141 1710 1213 1747 ἄπο
1238 1713 1308 1747 τοῦ
1332 1709 1494 1755 εἰκότος]
1518 1712 1629 1755 Vulgo

277 1753 350 1790 ἀπὸ
375 1758 443 1791 τοῦ
468 1755 629 1797 εἰκότως.
675 1756 817 1798 εἰκότος
838 1757 988 1791 Maltret.
1126 1759 1179 1792 16.
1204 1757 1451 1802 σταθμωμένφ
1474 1756 1578 1791 Alem.
1590 1757 1629 1790 P.

280 1802 525 1846 σταθμωμὲνη
557 1804 595 1836 Α.
642 1803 778 1843 „Quod
809 1803 962 1856 sequitur
993 1802 1042 1837 ita
1076 1803 1183 1837 vertit
1205 1803 1424 1844 Ahamannus,
1453 1805 1492 1836 ut
1513 1806 1632 1846 pateat

280 1846 404 1880 fecisse
445 1847 553 1892 ipsum
595 1859 637 1881 ex
679 1853 803 1892 puncto
839 1848 1006 1892 virgulam
1041 1859 1080 1881 ac
1115 1847 1240 1890 legisse
1271 1846 1533 1892 σταθμώμενος
1566 1857 1630 1890 pro

279 1893 550 1936 σταθμωμὲνῳ,
575 1896 610 1926 et
633 1890 868 1936 ἐπιστάμενος
892 1905 953 1937 pro
979 1891 1245 1936 ἐπισταμένῳ.“
1275 1895 1396 1928 Mum.
1441 1894 1530 1927 Ante
1549 1890 1632 1932 δέος

279 1942 440 1980 punctum
475 1938 572 1982 ponit
604 1938 707 1972 Alem.
741 1942 776 1972 et
809 1943 886 1983 post
910 1938 991 1978 δέος
1013 1938 1133 1972 inserit
1155 1933 1236 1973 οὖν.
1374 1939 1426 1973 17.
1462 1935 1633 1972 Benaco}-

277 1993 360 2024 ριον
384 1983 487 2016 Alem.
501 1984 538 2016 P.
587 1985 804 2028 Βελισσαρίῳ
830 1985 868 2017 Α.
1009 1985 1062 2019 18.
1085 1982 1149 2019 τόν
1173 1982 1291 2029 ἐσῄει]
1315 1982 1430 2019 τόπον
1453 1983 1632 2028 σωτηρίας

281 2026 394 2071 ἐζήτει
419 2029 533 2062 Reisk.
580 2029 675 2062 Fort.
699 2029 782 2068 δέος
803 2027 902 2074 ἐσῄει
924 2028 1026 2072 μέγα.

192 2126 317 2160 Ioanne
341 2138 361 2161 a
384 2127 550 2162 Belisario
573 2128 771 2173 Byzantium
793 2129 908 2173 legato
940 2130 1045 2163 verba
1068 2129 1260 2163 Germanus
1283 2129 1326 2163 de
1349 2128 1496 2163 ineunda
1518 2128 1632 2163 affini-

191 2175 265 2204 tate
295 2172 420 2206 habere
449 2174 606 2218 cogitur,
650 2173 801 2219 quamvis
832 2173 998 2218 dignitate
1023 2174 1125 2218 longe
1156 2173 1327 2208 inferiore.
1381 2174 1422 2207 Id
1452 2178 1632 2219 postquam

193 2216 330 2260 utrique
363 2218 511 2262 placuit,
542 2220 648 2252 visum
681 2223 734 2252 est
764 2219 980 2252 iureiurando
1011 2230 1048 2253 se
1079 2222 1191 2254 mutuo
1215 2218 1425 2253 sanctissimo
1449 2218 1633 2259 devincire.

193 2264 230 2293 ut
252 2262 466 2296 conficiendis
489 2265 618 2307 nuptiis
651 2275 713 2309 pro
740 2264 828 2297 virili
854 2270 998 2308 uterque
1021 2265 1182 2298 studeret.
1230 2264 1318 2298 Nam
1341 2265 1431 2297 inter
1453 2275 1491 2298 se
1513 2263 1632 2308 gravi-

194 2310 247 2338 ter
269 2306 494 2349 diffidebant3
527 2309 586 2343 ille,
609 2309 697 2353 quod
721 2309 848 2343 maiora
871 2321 970 2353 quam
995 2321 1056 2354 pro
1081 2308 1248 2352 dignitate
1270 2309 1430 2350 ambiret,
1465 2309 1519 2342 hic
1542 2308 1632 2353 quod

193 2350 333 2384 alterius
369 2353 568 2387 affinitatem
600 2355 809 2398 desperaret.
857 2355 1009 2399 Augusta
1040 2354 1218 2399 impotenti
1253 2355 1335 2388 haec
1370 2354 1478 2388 animo
1507 2353 1633 2393 ferens,

192 2399 367 2440 utrumque
399 2399 552 2432 omnibus
584 2399 907 2433 circumveniendum
942 2399 1074 2433 curavit
1108 2399 1258 2439 artibus,
1292 2403 1329 2432 ut
1357 2400 1457 2432 rebus
1487 2397 1632 2431 inferret

191 2439 471 2484 impedimentum.
521 2446 605 2478 Cum
639 2449 750 2478 autem
781 2449 934 2478 neutrum
957 2444 1011 2477 vel
1035 2444 1131 2478 minis
1163 2444 1372 2487 gravissimis
1395 2443 1562 2477 abducere
1588 2443 1632 2475 ab

193 2486 348 2520 instituto
385 2492 518 2532 posset,
553 2489 671 2523 Ioanni
704 2489 814 2533 palam
847 2490 1031 2534 periculum
1053 2488 1176 2533 capitis
1199 2488 1396 2522 ostentavit.
1445 2488 1527 2520 Post
1549 2487 1632 2520 haec

192 2530 334 2564 Ioannes
356 2531 392 2565 in
416 2533 545 2566 ltaliam
570 2533 681 2568 redire
704 2535 832 2575 iussus,
864 2547 883 2568 a
907 2533 1063 2568 Belisarii
1086 2533 1326 2567 consuetudine
1352 2533 1536 2572 abstinuit,
1570 2532 1631 2566 do-

194 2586 256 2608 nec
290 2577 489 2620 Byzantium
528 2579 697 2612 Antonina
737 2578 946 2620 discederet,
989 2579 1084 2613 cuius
1118 2577 1268 2622 apprime
1303 2578 1448 2611 cavebat
1476 2576 1632 2610 insidias.

196 2620 351 2665 Namque
385 2622 434 2656 illi
466 2623 509 2656 ab
543 2626 696 2667 Augusta
726 2635 819 2657 suam
849 2625 1043 2668 imperatam
1075 2635 1188 2656 necem
1224 2621 1312 2656 haud
1346 2633 1432 2656 vana
1462 2622 1536 2656 visa
1565 2621 1632 2655 fuit

195 2667 360 2710 suspicio,
387 2667 424 2700 ·si
452 2667 528 2712 quis
561 2674 595 2701 et
627 2668 815 2702 Antoninae
846 2679 953 2702 mores
986 2667 1239 2714 perpendisset,
1276 2670 1311 2701 et
1333 2667 1530 2701 Belisarium
1551 2677 1631 2700 nos-

194 2715 265 2752 set,
302 2712 411 2746 omnia
442 2713 574 2756 coniugi
607 2714 846 2757 indulgentem
896 2714 1011 2753 Quare
1040 2717 1079 2746 ut
1107 2723 1227 2756 magna
1258 2713 1343 2746 haec
1377 2718 1453 2746 erat
1475 2711 1630 2751 formido,

194 2756 243 2790 sic
268 2768 307 2791 ea
331 2759 547 2792 vehementer
571 2758 704 2792 loannis
728 2758 854 2792 subivit
878 2761 1032 2792 animum.
1080 2757 1167 2790 Hinc
1197 2769 1279 2801 ergo
1315 2768 1371 2791 res
1403 2758 1630 2793 Romanorum
