1754 3132
235 183 317 213 x1v·
638 169 896 212 ALEMANNI
923 169 1257 214 DISSERTATIO.

234 294 314 321 cum
335 277 439 321 laude
459 286 674 329 memor-³103
708 293 779 320 non
799 279 884 320 item
909 279 968 321 ubi
996 280 1106 323 refert
1141 280 1341 332 iustiniani,
1369 280 1660 340 Theodoraeque

234 347 412 395 facinora:
442 346 512 387 imo
541 345 715 401 pleraque
734 346 806 386 hoc
826 345 919 387 libro
939 360 962 386 a
980 346 1157 401 Procopio
1177 348 1431 403 praetermissa
1454 359 1592 400 narrat,
1621 359 1658 391 et

235 428 358 454 eorum
392 427 484 469 quae
505 411 551 452 ab
579 426 626 452 eo
654 411 713 454 hic
741 426 986 467 nonnunquam
1011 412 1188 454 incuriose
1217 414 1432 463 scribuntur,
1462 414 1541 470 ipse
1563 417 1656 466 loca,

232 487 420 534 tempora,
457 479 612 519 virorum
639 478 802 527 nomina,
841 479 1122 533 occasionesque
1155 493 1272 520 rerum
1302 488 1483 535 gestarum
1517 480 1661 537 insuper

235 544 402 599 explicat.
461 545 507 585 Ut
525 544 632 598 plane
659 543 742 584 hinc
763 543 1004 600 intelligamus
1024 559 1095 585 non
1118 558 1165 586 ex
1190 544 1357 600 Procopii
1385 546 1457 587 hoc
1477 546 1576 587 l'onte
1597 547 1659 588 illa

234 610 395 650 derivata
416 609 535 650 fuisse.
594 611 692 650 Sane
713 609 748 649 in
775 624 966 665 paucorum
987 625 1109 651 manus
1136 610 1208 650 hoc
1229 611 1394 652 volumen
1419 612 1504 653 olim
1531 626 1658 668 perve-

235 677 332 717 nisse
352 675 517 731 probavit
538 675 725 731 diligentia
744 676 925 716 doctorum
943 677 1118 725 virorum,
1149 677 1227 731 qui,
1258 677 1339 717 dum
1374 678 1468 719 hanc
1497 693 1563 719 nos
1584 678 1658 719 edi·

235 741 368 782 tionem
388 740 620 794 parabamus,
652 742 812 782 certatim
832 741 922 783 Viro
943 742 1160 796 amplissimo
1180 742 1340 797 Scipioni
1362 743 1543 784 Cardinali
1568 746 1660 786 San-

237 818 317 847 ctae
333 807 517 848 Susannae
543 808 587 848 E.
602 809 644 848 R-
669 807 950 848 Bibliothecario
970 808 1005 848 in
1032 807 1285 864 insignioribus
1311 809 1545 851 Bibliothecis
1568 811 1660 851 hune

235 873 361 913 librum
384 873 508 914 frustra
529 873 819 927 perquisiverunt.
875 874 1100 914 Posteriores
1120 883 1238 915 autem
1258 875 1438 924 Historici‚
1467 875 1499 916 si
1518 876 1660 930 quidem

236 938 323 992 ipsis
342 938 443 978 huius
462 939 567 993 copia
581 939 696 979 libelli
715 938 857 988 suisset,
883 954 927 980 ea
945 939 1089 980 minime
1107 940 1382 989 commisissent,
1412 951 1504 991 quae
1524 951 1572 978 ox
1589 937 1660 978 hac

236 1003 385 1044 historia
407 1003 443 1044 in
470 1004 608 1045 illorum
641 1005 874 1045 monumentis
907 1021 997 1046 nunc
1024 1006 1246 1047 emendanda
1274 1012 1471 1047 occurrunt.
1525 1005 1661 1045 Horum

237 1084 325 1110 sane
357 1069 467 1110 video
495 1071 691 1118 neminem,
722 1071 780 1125 qui
812 1071 933 1126 operis
959 1072 1106 1112 huiusce
1136 1072 1356 1121 meminerit,
1385 1078 1530 1127 praeter
1557 1083 1661 1110 unum

237 1135 480 1190 Nicephorum
502 1136 659 1182 Callisti;
690 1135 720 1175 is
740 1150 828 1177 vcro
847 1151 964 1192 neque
984 1145 1240 1194 argumentum,
1269 1151 1385 1193 neque
1399 1137 1533 1178 titulum
1547 1145 1659 1184 recte,

237 1210 405 1256 certeque
441 1202 544 1242 nobis
565 1202 741 1255 explicat,
772 1210 903 1243 tantum
934 1203 1037 1243 abest
1057 1212 1093 1244 ut
1120 1204 1416 1261 ⁶commentarium
1454 1203 1567 1258 ipsum
1595 1202 1660 1242 ali-

238 1268 378 1322 quando
400 1267 545 1322 legerit.
603 1267 699 1307 Unus
719 1266 849 1307 Suidas
869 1277 950 1308 ante
970 1269 1104 1323 aliquot
1119 1269 1238 1308 secula
1260 1269 1391 1309 bonam
1409 1269 1486 1309 eius
1509 1276 1659 1322 partem,

237 1348 280 1372 ac
301 1333 378 1373 sere
402 1331 671 1373 luculentiorem
691 1332 892 1388 decerpsit,
921 1349 1026 1389 quam
1040 1348 1086 1374 ex
1109 1333 1185 1374 eius
1207 1333 1448 1375 Collectaneis
1470 1333 1555 1374 hinc
1578 1333 1662 1374 inde

104 1405 218 1440 PVII
239 1399 470 1439 recollectam
502 1413 606 1439 unum
637 1398 674 1438 in
700 1399 815 1439 locum
843 1399 890 1439 ad
917 1408 1055 1440 nostras
1080 1399 1193 1440 Notas
1221 1399 1453 1448 conieeimus,
1491 1407 1528 1440 ut
1554 1413 1661 1455 argu-

239 1474 360 1507 mento
396 1465 440 1505 sit
475 1466 628 1505 eandem
659 1462 893 1506 ’Λνεκδότων
919 1465 1086 1520 Procopii
1125 1465 1317 1506 editionem
1351 1478 1453 1513 esse,
1483 1479 1588 1520 quam
1625 1472 1662 1505 et

237 1532 368 1574 Suidas
393 1531 536 1579 habuit,
572 1538 608 1571 et
636 1546 701 1571 nos
731 1531 801 1571 hac
830 1531 969 1572 demum
1002 1539 1121 1572 aetate
1148 1532 1346 1588 vulgamus
1400 1531 1502 1572 Hunc
1520 1531 1661 1587 quidem

234 1598 456 1654 posteriores
476 1599 643 1639 Historici
670 1599 798 1640 librum
824 1613 894 1639 non
915 1597 1097 1645 viderunt;
1124 1607 1247 1653 quotus
1274 1605 1394 1638 tamen
1416 1597 1563 1653 quisque
1582 1596 1661 1638 illo·

238 1680 314 1706 rum
333 1674 384 1706 est
396 1698 405 1713 ,
436 1665 494 1719 qui
516 1665 680 1706 traditam
700 1666 799 1721 quasi
815 1679 881 1720 per
901 1679 1023 1705 manus
1043 1665 1089 1705 dc
1115 1663 1295 1705 Iustiniani
1314 1663 1462 1719 flagitiis
1477 1663 1663 1704 historiam

237 1745 308 1771 non
330 1739 491 1785 repetat,
523 1740 628 1787 atque
655 1731 865 1772 confirmet?
894 1731 1081 1782 Quaedam
1104 1737 1288 1770 narrarunt
1304 1729 1550 1784 Theophanes
1566 1730 1662 1771 Isau-

234 1812 314 1844 rus,
346 1797 399 1837 vir
418 1799 589 1846 Sanctus,
619 1798 730 1839 Autor
752 1796 922 1838 Chronici
950 1796 1202 1845 Alexandrini,
1231 1797 1384 1837 Ioannes
1407 1796 1662 1844 Antiochenus,

237 1863 386 1910 Suidas;
415 1864 582 1904 nonnulla
611 1863 819 1905 Anastasius
846 1863 1162 1910 Bibliotheearius,
1202 1862 1331 1903 Paulus
1359 1861 1559 1911 mactmus,
1601 1861 1661 1903 Ai-

240 1929 395 1977 moinus;
425 1930 595 1985 pleraque
614 1931 766 1970 loannes
789 1930 970 1977 Zonaras,
1002 1927 1185 1984 Georgius
1203 1928 1407 1976 Cedrenus,
1436 1927 1664 1983 Nicephorus

241 1995 399 2044 Callisti,
425 1996 682 2050 Ephraemius,
708 1996 839 2050 aliique
859 1994 1115 2035 Chronicorum
1131 2002 1284 2036 autores.
1340 1994 1497 2044 Quorum
1511 1993 1665 2035 omnium

151 2066 181 2100 Α
199 2067 222 2100 6
244 2062 465 2102 narrationes
486 2077 608 2102 eorum
625 2061 779 2101 maxime
802 2059 1003 2100 testimonio
1021 2059 1226 2109 innituntur,
1260 2059 1318 2115 qui
1337 2058 1514 2113 Procopio
1533 2073 1663 2114 aequa·

241 2129 295 2168 les
317 2129 416 2169 suere
429 2161 438 2178 ,
469 2144 519 2169 ac,
541 2129 668 2168 eadem
690 2141 781 2183 quae
803 2126 866 2166 ille
887 2126 934 2166 de
954 2125 1144 2166 Iustiniano
1165 2126 1399 2181 scripserunt,
1429 2124 1566 2166 scilicet
1589 2125 1663 2166 He-

243 2195 384 2251 sychius
406 2194 569 2235 Milesius
585 2227 595 2242 ,
625 2194 753 2235 Paulus
777 2193 927 2240 Florus,
965 2191 1144 2248 Agathias
1166 2191 1435 2249 MjrrhinaeuS,
1463 2191 1665 2233 Menander

242 2261 444 2309 Protector,
473 2260 652 2316 Euagrius
681 2259 943 2307 Scholasticus,
981 2259 1134 2299 Ioannes
1173 2256 1472 2313 Epiphaniensis,
1510 2257 1664 2314 Cyl-illus

240 2326 572 2382 Sc3'thopolitanuS,
602 2325 828 2381 Theophilus
855 2324 1034 2366 Iustiniani
1063 2326 1300 2380 Praeceptor,
1336 2322 1558 2364 Innocentius
1582 2323 1661 2364 Ma-

241 2394 424 2441 maianus,
454 2392 657 2433 Eustathius
672 2391 881 2447 Byzantius,
913 2399 949 2431 et
971 2406 1018 2432 ex
1044 2391 1179 2446 Latinis
1201 2390 1326 2433 Victor
1351 2388 1559 2438 Tunnensis,
1579 2389 1661 2431 Fla·

242 2459 318 2500 vius
355 2459 568 2499 Cresconius
606 2457 799 2512 CorippuS,
839 2458 1037 2513 Gregorius
1065 2456 1304 2504 Turonensis,
1333 2455 1523 2496 Liberatus
1559 2454 1662 2502 Afer,

240 2526 427 2567 Facundus
467 2524 753 2572 Hermianensis,
793 2523 924 2579 aliique
962 2524 1182 2579 complures,
1213 2527 1366 2578 “quorum
1399 2520 1600 2562 testimonia
1627 2520 1664 2560 in

238 2591 343 2632 Notis
360 2591 566 2639 llistoricis,
598 2598 700 2645 prout
728 2604 788 2630 ros
810 2590 888 2644 ipsa
917 2590 1126 2645 postulabit,
1157 2590 1194 2630 in
1219 2588 1376 2629 medium
1402 2587 1605 2628 afferemus.

349 2679 425 2720 Sed
444 2694 514 2720 non
535 2687 589 2719 est
609 2694 671 2719 cur
689 2686 876 2734 tantopere
891 2678 1147 2719 Historicorum
1169 2675 1405 2717 testimonium
1427 2675 1512 2716 licet
1530 2689 1660 2730 aequa·

114 2742 145 2778 V
159 2743 226 2779 269
247 2743 332 2786 lium
348 2746 408 2786 hic
427 2760 633 2801 urgeamus;
660 2760 740 2786 cum
762 2744 857 2786 domi
879 2753 1008 2793 testes,
1038 2744 1133 2799 iique
1151 2742 1419 2798 locupletissimi
1443 2755 1516 2782 nou
1533 2741 1660 2788 desint,
