1800 3126
286 176 383 223 402
735 179 793 222 IN
826 177 969 221 HIST.
1005 177 1258 221 ARGANAM

287 286 360 323 fuit
388 283 581 334 machina,
610 292 652 322 ut
679 286 733 322 ait
759 282 948 335 Agathias
975 284 1004 321 1.
1034 283 1074 325 5.
1105 279 1207 349 ἀμφὶ
1233 282 1306 336 τὴν
1333 282 1497 351 ἐσχάτην
1522 287 1594 326 τοῦ
1620 285 1713 337 βίον

284 342 449 410 πορείαν
472 337 739 387 Ἰουστινιανός
766 336 1018 405 ἀπειρηκέναι
1043 342 1124 386 τοῖς
1151 335 1289 387 πόνοις
1309 337 1446 387 ἐδόκει,
1473 338 1539 381 καὶ
1564 343 1712 406 μᾶλλον

288 393 406 437 αυτὸν
434 395 596 448 ἤρεσκεν
626 390 852 460 ξυγκρούειν
880 394 923 434 ἐν
953 395 1066 459 σφίσι
1092 409 1184 441 τους
1211 395 1437 461 πολεμίους,
1473 395 1541 436 καὶ
1569 391 1714 447 δωροις

288 448 433 498 αυτούς
462 451 499 490 ei
522 465 600 490 που
630 446 763 500 δεήσοι
791 445 1089 490 καταθωπεύειν
1115 449 1181 489 καὶ
1199 464 1320 519 ταυτη
1350 447 1586 518 ἀμωσγέπως
1610 448 1712 491 ἄπο-

288 504 527 572 κρούεσθαι,
562 502 590 555 ἦ
620 502 687 555 ἐφ’
713 505 838 560 ἑαυτῷ
873 505 1129 553 πεποιθέναι,
1158 504 1226 544 καὶ
1258 520 1367 556 μεχρι
1392 503 1532 553 παντὸς
1560 508 1713 546 διακιν-

288 558 481 602 δυνεύειν.
536 559 609 597 Ad
634 545 821 597 ultimum
857 574 956 598 suae
981 562 1089 598 vitae
1123 573 1280 597 cursum
1309 560 1559 598 lastinianus
1590 574 1617 598 a
1645 562 1712 596 la—

286 617 443 654 boribus
470 617 582 652 visus
609 622 666 652 est
693 615 963 664 abhorruisse,
1003 629 1094 652 cum
1123 616 1263 666 potius
1297 614 1454 652 haberet
1481 617 1714 652 committere

286 674 387 710 inter
414 686 454 707 se
479 671 621 721 hostes,
649 677 684 708 et
711 672 939 708 muneribus
959 669 1145 708 delinitos
1171 671 1364 719 tantisper
1389 670 1566 720 repellere
1592 683 1714 721 quam

286 727 365 764 sibi
381 725 524 776 sidere,
553 733 588 762 et
614 727 658 763 in
685 733 866 776 apertum
893 741 934 763 se
960 726 1104 777 infit-re
1127 725 1347 764 discrimen.
1401 723 1625 774 Menander,
1654 721 1715 772 οἷς

288 797 362 822 ουκ
389 781 507 833 ἐχρῆν
535 778 578 821 τὸ
613 778 883 833 μεγαλόδωρον
919 781 1176 822 ἐπεδείκνυτο.
1235 781 1390 846 Quibus
1427 778 1543 817 hamt
1581 793 1716 816 conve-

285 837 418 875 niebat
446 837 837 886 munificentissimus
862 845 957 875 erat.
1012 838 1071 873 De
1094 836 1170 874 hoc
1199 849 1314 886 saepe
1343 838 1386 872 iu
1413 836 1565 886 reliqua
1589 833 1716 872 histo-

288 893 345 929 ria
372 893 607 942 Procopius,
637 899 675 928 et
701 905 772 929 nos
800 893 926 940 iufra,
955 890 1005 929 ad
1032 906 1072 942 p.
1098 894 1149 932 87
1178 892 1247 928 lin.
1272 892 1338 930 11.

397 948 443 983 P.
473 949 548 994 72,
579 944 656 988 18.
705 948 784 997 Qui
811 954 903 984 acta
934 946 1089 997 praeda
1119 948 1279 997 insuper
1307 945 1548 983 incursionis
1574 957 1718 981 merce-

288 1000 376 1039 dem
404 1009 724 1052 consequerentur
758 1016 786 1039 a
821 1003 1182 1053 munificentissimo
1218 1000 1414 1051 principe]
1455 998 1566 1046 Quod
1603 1011 1718 1048 aegro

287 1070 367 1095 11011
396 1058 524 1094 solum
552 1059 682 1094 animo
711 1059 800 1094 tulit
826 1059 993 1108 populus
1009 1057 1477 1107 Constantinopolitanus3
1507 1053 1578 1092 sed
1599 1056 1719 1090 etiam

287 1113 443 1163 publice
470 1113 513 1148 in
540 1113 818 1162 imperatorem
845 1115 893 1149 iis
922 1113 1079 1150 vocibus
1109 1113 1284 1149 invectus
1306 1119 1375 1157 est,
1405 1117 1448 1147 ut
1466 1110 1598 1147 scribit
1611 1111 1719 1158 Aga-
1764 1141 1767 1145 .

287 1167 391 1204 thius
418 1168 447 1203 l·
477 1166 516 1207 5-
549 1167 601 1205 Οἱ
620 1163 820 1234 βάρβαροι
846 1168 1007 1232 χρυσίον
1036 1167 1263 1217 ἐκομίσαντο
1291 1161 1565 1218 χαριστήριον,
1590 1161 1719 1216 ὥσπερ

162 1230 191 1263 Α
218 1229 263 1264 54
287 1221 403 1274 ήμῶν
432 1221 471 1268 ἐς
506 1218 653 1268 αὐτους
679 1219 1071 1273 πεπλημμεληκότων.
1126 1222 1306 1258 Barbati
1333 1234 1477 1258 aurum
1511 1218 1614 1256 dono
1647 1226 1720 1255 tu-

287 1278 427 1326 lerunt,
456 1278 576 1327 quasi
596 1278 638 1313 in
663 1291 724 1314 eos
753 1278 898 1314 iniurii
925 1291 995 1314 nos
1021 1278 1228 1324 fuerimus.
1285 1277 1367 1322 Qua
1394 1277 1435 1312 in
1463 1288 1504 1311 re
1533 1287 1624 1312 cum
1645 1286 1721 1310 ex-

289 1346 423 1370 cusare
452 1333 710 1369 lastinianum
740 1331 927 1382 Agathias
954 1334 1121 1379 nitatur,
1152 1345 1197 1368 eo
1226 1332 1352 1381 magis
1381 1337 1548 1367 accusat.

397 1389 444 1424 P.
464 1389 530 1434 73,
560 1389 600 1427 3.
655 1388 811 1425 Multae
831 1389 1065 1438 provinciae
1084 1389 1228 1437 quinta
1254 1394 1291 1423 et
1317 1386 1494 1436 amplius
1522 1397 1722 1435 oppressae

290 1443 374 1478 sint
400 1442 639 1493 vastatione]
678 1444 823 1479 Plenae
856 1450 947 1480 suut
975 1443 1082 1479 illius
1110 1443 1295 1492 temporis
1322 1439 1527 1487 historiae3
1557 1453 1629 1476 nec
1657 1453 1721 1476 re-

289 1498 366 1534 fert
395 1496 443 1533 de
471 1499 680 1547 provinciis
709 1497 858 1545 dicere,
898 1497 1004 1549 quod
1040 1510 1117 1534 una
1145 1498 1265 1534 sensit
1300 1497 1391 1533 urbs
1418 1498 1554 1532 Roma.
1611 1496 1721 1531 Hanc

291 1566 393 1589 anno
423 1554 691 1602 sexagesimo,
732 1565 850 1603 quam
887 1554 934 1590 ab
969 1551 1141 1590 odoacro
1182 1558 1292 1602 capta
1323 1551 1468 1598 fuerat,
1511 1550 1721 1587 Belisarius

290 1609 416 1658 primo
455 1615 669 1657 recuperat.
726 1608 878 1645 Totilas
919 1607 1059 1644 deinde
1095 1614 1182 1657 post
1217 1605 1430 1644 secundam
1465 1606 1643 1642 Belisarii
1680 1607 1722 1641 in

291 1661 458 1699 Gotthos
500 1662 811 1712 expeditionem,
860 1664 984 1713 pulsis
1024 1664 1210 1700 Romanis
1248 1668 1422 1711 occupat.
1488 1663 1722 1710 Insequeute

292 1730 406 1764 anno,
436 1718 645 1755 Belisarius
668 1716 846 1764 dirutam,
878 1730 1055 1768 peneque
1083 1730 1247 1754 vacuam
1269 1715 1496 1765 ingreditur.
1552 1718 1722 1752 Rursum

290 1774 404 1809 tertio
432 1779 521 1823 post
549 1786 675 1820 anuo,
705 1774 857 1810 Totilas
888 1786 910 1809 a
937 1774 1124 1810 Belisario
1155 1773 1340 1808 refectam
1367 1770 1539 1817 invadit,
1574 1783 1722 1820 suoque

293 1834 398 1864 tenet
426 1827 631 1878 praesidio.
688 1827 869 1864 Tandem
895 1830 1058 1876 Narses,
1100 1828 1197 1864 fusis
1227 1826 1406 1874 Gottlfis,
1443 1826 1723 1877 profligataque

291 1883 443 1929 Totila,
475 1882 617 1919 adserit
644 1884 808 1933 imperio
837 1885 1025 1921 Romano.
1080 1885 1143 1919 Ex
1171 1884 1358 1932 Procopio
1388 1889 1425 1918 et
1452 1879 1634 1931 Agathia.

436 1941 548 1985 .,73
579 1941 616 1978 7.
675 1940 755 1974 Pro
789 1951 890 1988 pace
927 1952 1016 1974 cum
1050 1938 1222 1975 Clzosroe
1254 1935 1515 1986 stabilienda]
1554 1936 1724 1972 Pecunia

294 1990 490 2030 chosroae
524 2006 594 2043 pro
630 2006 726 2043 pace
761 2000 961 2030 numerata
990 1994 1064 2030 fuit
1101 1991 1192 2032 δέκα
1220 1991 1286 2031 καὶ
1315 1989 1448 2031 ἕκατὸν
1478 2006 1724 2042 κεντηναρια.

293 2047 392 2085 Vide
420 2049 447 2084 l.
472 2050 493 2087 1
525 2047 572 2084 de
600 2049 693 2084 bell.
719 2050 826 2085 Pers.
851 2050 1086 2085 Iustinianus
1117 2049 1324 2097 imperium
1346 2049 1567 2084 Romanum
1595 2047 1724 2083 Persis

294 2103 542 2139 tributarium
569 2103 682 2150 fecit3
715 2111 859 2154 quanto
887 2103 929 2139 id
958 2116 1046 2140 cum
1074 2102 1238 2149 damno,
1269 2103 1388 2139 sensit
1417 2103 1499 2138 eius
1528 2114 1726 2138 successor

294 2159 477 2194 lustinus.
535 2160 635 2194 Nam
664 2171 771 2194 arma
800 2160 840 2193 in
869 2159 1064 2195 Romanos
1094 2159 1234 2194 Persae
1263 2156 1352 2193 ideo
1382 2162 1652 2207 sumpserunt,
1683 2163 1726 2192 ut

158 2217 182 2249 P
208 2215 272 2251 129
295 2214 460 2249 Ioannes
493 2212 795 2262 Epiphauiensis
832 2214 990 2250 illorum
1023 2219 1243 2262 temporum
1281 2213 1443 2262 scriptor
1473 2213 1500 2248 l.
1533 2215 1552 2251 1
1582 2218 1724 2260 narrat,

296 2264 356 2307 ότι
392 2266 416 2306 ὁ
453 2265 633 2337 βασιλευς
669 2263 873 2315 Ἰουστῖνος
902 2266 1059 2319 ουδαμῆ
1086 2266 1200 2319 ἠξίου
1238 2269 1399 2319 χρυσίου
1427 2267 1556 2319 λίτρας
1583 2281 1727 2306 πεντα-

294 2322 444 2370 κοσίας,
474 2317 534 2370 ἐφ’
562 2318 625 2369 αἶς
652 2318 843 2374 πρότερον
868 2321 1074 2374 γεγόνασιν
1103 2323 1146 2361 αἱ
1172 2321 1340 2362 σπονδαὶ
1366 2320 1546 2372 παρέχειν
1563 2318 1726 2387 Μήδοις

295 2377 334 2424 ἐς
364 2376 526 2416 εκαστον
551 2376 645 2424 ε’τος,
673 2377 737 2416 καὶ
767 2375 839 2428 τὴν
866 2376 1063 2430 Ῥωμαίων
1092 2379 1289 2418 πολιτείαν
1320 2376 1488 2428 Πέρσαις
1513 2372 1725 2427 υπόφορον

295 2431 401 2472 ἐσαεὶ
435 2428 767 2482 καταστήσασθαι.
827 2433 936 2483 Quia
965 2434 1145 2471 Iustinus
1173 2435 1385 2483 imperator
1418 2431 1564 2470 solvere
1590 2433 1725 2468 Persis

296 2487 512 2537 quotannis
540 2488 751 2524 recusabat
780 2490 1019 2539 quingentas
1047 2491 1142 2525 auri
1169 2489 1314 2535 libras,
1347 2487 1494 2537 quibus
1521 2487 1725 2524 stabilitae

294 2542 368 2579 sub
390 2541 612 2579 Iustiniana
645 2543 828 2579 induciae
851 2545 1032 2591 fuerant.
1091 2545 1150 2581 Ne
1169 2545 1356 2580 Romana
1386 2541 1608 2592 respublica
1626 2544 1725 2579 Per-

295 2599 353 2633 sis
385 2597 601 2634 tributaria
621 2605 807 2648 perpetuo
825 2599 952 2647 fieret.
1007 2598 1117 2635 Idem
1146 2597 1194 2634 de
1222 2598 1413 2634 Abaribus
1443 2596 1655 2634 Menander
1682 2599 1723 2633 in

294 2653 463 2702 eclogis3
501 2665 664 2703 quorum
701 2653 844 2703 legatio
874 2654 1126 2692 barbarorum
1163 2651 1260 2690 haec
1294 2653 1526 2690 continebat.
1585 2649 1723 2704 Χρεων

295 2723 326 2746 ω
356 2709 516 2758 βασιλευ
543 2705 861 2776 κληρονομοῦντα
890 2721 932 2748 σε
959 2712 1028 2759 τῆς
1056 2704 1238 2760 πατρώας
1251 2704 1408 2776 α’ρχῆς,
1438 2707 1504 2747 καὶ
1531 2721 1623 2754 τους
1650 2722 1723 2746 πα-

293 2761 443 2816 τρῴους
470 2762 610 2813 φίλους
639 2778 711 2803 ουκ
741 2761 863 2811 ἄλλως
891 2761 991 2818 ἥπερ
1022 2763 1045 2804 ὁ
1073 2779 1198 2816 πατηρ
1238 2761 1262 2802 0‘
1300 2762 1364 2811 σὸς
1400 2757 1445 2802 εὖ
1473 2766 1617 2810 ποιεῖν,
1655 2760 1721 2800 καὶ
