1800 3126
555 131 746 176 NOTAE
775 131 1068 177 ALEMANNI.
1446 132 1545 180 455

97 244 158 282 De
194 253 297 295 qua
291 240 471 279 Graecia
509 239 632 280 dicit‘l
676 244 782 280 Num
819 241 868 280 de
908 250 989 282 tota
1025 243 1096 280 illa
1135 242 1239 280 orbis
1275 248 1407 294 parte,
1445 256 1546 295 quae

98 301 245 338 Graece
279 298 476 367 loquitur,
511 311 561 335 an
590 297 640 336 de
671 311 741 348 ea,
780 301 823 337 in
852 313 951 353 qua,
989 307 1033 338 ut
1060 300 1291 338 Aristoteles
1323 302 1343 341 1
1381 307 1546 338 meteor.

99 369 184 407 cap.
222 355 293 392 ult.
330 356 404 402 ait,
444 352 575 395 ὤκουν
612 355 655 396 οἱ
689 355 850 405 Σελλοὶ,
890 356 959 396 καὶ
997 355 1040 397 οἷ
1073 353 1312 408 καλούμενοι
1349 353 1437 395 τότε
1475 354 1547 408 μὲν

97 409 270 464 Γραικοὶ,
299 413 377 450 νῦν
407 396 458 451 δὲ
466 409 667 463 Ελληνες,
697 412 940 450 habitabant
969 413 1078 459 Selli,
1105 420 1141 450 et
1169 414 1240 464 qui
1269 413 1365 450 olim
1387 413 1548 463 Graeci,

95 481 201 507 nunc
227 481 318 504 vero
349 468 536 505 Hellenes
563 469 792 506 vocantur?
828 471 981 507 Horum
1008 469 1106 508 fines
1133 471 1246 521 ponit
1269 470 1549 507 Constantinus

93 521 287 575 Porphyr.
315 524 345 561 l.
378 527 396 564 1
439 522 564 562 them.
597 528 647 566 17
684 523 778 563 hinc
806 526 987 574 Sestum,
1016 525 1229 577 Abydum,
1269 533 1308 563 et
1335 527 1550 576 Proponti-

95 578 211 627 dem3
241 579 333 617 inde
362 593 454 618 vero
485 582 671 632 Cyzicum
698 588 736 618 et
766 583 979 620 Granicum
1007 583 1184 620 fluvium.
1243 583 1482 620 Graecorum
1511 588 1550 619 et

93 637 282 675 Graeciae
318 638 480 674 nomine
520 650 631 686 raro,
670 639 735 675 vel
769 651 978 691 nunquam
1015 646 1166 677 veteres
1204 646 1359 676 autores
1396 639 1550 686 Graeci,

93 693 319 744 frequenter
342 695 510 731 Romani
533 697 595 731 usi
619 701 731 742 sunt3
761 696 905 733 seculis
930 696 1210 746 posterioribus
1239 697 1358 732 etiam
1386 696 1448 732 illi
1475 708 1551 732 vo·-

93 762 182 786 cem
210 757 458 800 usurparunt,
489 757 527 787 et
555 752 762 788 universae
791 765 892 803 quae
918 753 1064 789 Graece
1085 753 1315 804 loqueretur
1342 753 1451 802 genti
1479 763 1549 789 ac-

92 804 415 854 commodarunt,
453 813 496 844 ut
535 813 593 844 est
631 806 737 858 apud
766 809 966 845 Iulianum
987 810 1243 860 Apostatam‚
1282 807 1548 856 Athenaeum,

92 861 354 900 Theodorum
383 862 583 901 studitam
620 865 663 900 iu
705 866 906 915 epistolis,
938 871 976 902 et
1006 867 1119 903 alios.
1177 865 1243 903 Sic
1273 863 1549 915 accipiendum

91 917 158 955 hic
186 919 362 956 arbitror.
418 920 470 957 Et
498 918 574 956 hoc
603 933 721 957 sensu
750 923 924 972 primum
953 923 1162 959 Iustiniani
1193 928 1371 972 tempore
1400 923 1550 958 Roma-

90 987 190 1011 num
225 976 438 1026 imperium
475 976 715 1013 Graecorum
755 977 831 1014 dici
867 979 1080 1028 imperium
1119 979 1248 1028 coepit
1288 990 1309 1013 a
1345 979 1549 1024 Romanis,

92 1029 201 1082 quod
250 1032 335 1068 eius
386 1033 514 1082 gentis
559 1031 870 1072 dominationem
920 1042 959 1072 et
1006 1035 1155 1072 fastum
1196 1032 1550 1072 stomacharentur.

89 1089 227 1126 Anast.
258 1087 441 1125 biblioth.

202 1145 248 1180 P.
281 1145 379 1191 134,
413 1146 477 1185 12.
534 1143 777 1195 Alexander,
807 1147 880 1195 qui
908 1159 949 1182 eo
979 1147 1150 1183 censitor
1178 1147 1327 1183 missus
1358 1145 1437 1197 est]
1476 1146 1551 1182 Hic

89 1198 321 1238 Alexander
349 1207 407 1238 est
424 1199 652 1249 Psallidius,
684 1203 767 1238 sive
786 1202 992 1251 Forficula,
1024 1202 1072 1239 de
1101 1215 1179 1254 quo
1199 1203 1303 1240 infra
1319 1203 1550 1253 Procopius,

90 1263 130 1293 et
160 1257 247 1294 fuse
277 1269 323 1293 ac
354 1257 476 1294 libere
507 1256 555 1294 de
596 1258 678 1295 eius
708 1259 884 1296 moribus
921 1259 948 1296 l.
980 1262 1004 1300 3
1036 1259 1131 1296 bell.
1162 1258 1295 1296 Gotth.
1323 1260 1459 1307 initio,
1501 1258 1550 1295 ab

91 1314 218 1350 accisa
244 1319 405 1350 moneta
435 1321 474 1351 et
498 1313 632 1350 forfice
663 1313 828 1352 detonsa
862 1315 981 1366 vulgo
1008 1316 1202 1353 Forficula
1230 1322 1406 1353 vocatus.

201 1370 247 1405 P.
271 1369 364 1418 135,
394 1373 434 1411 6.
490 1370 761 1421 Limitaneos]
791 1373 977 1408 Zosimus
1006 1373 1034 1409 l.
1066 1374 1094 1411 2
1125 1385 1146 1409 a
1174 1373 1431 1410 Constantino
1460 1383 1551 1407 ma-

89 1437 168 1476 gno
206 1425 501 1463 limitaneorum
541 1440 753 1464 numerum
791 1427 1033 1465 diminutmn
1072 1429 1196 1467 fuisse
1235 1435 1384 1466 narrat.
1442 1429 1552 1478 Lege

89 1494 192 1534 quae
199 1483 453 1576 Ipindarium
481 1485 706 1521 notavimus
738 1482 788 1520 ad
816 1498 856 1535 p.
889 1484 984 1524 105.

199 1538 366 1587 P·,135
396 1541 436 1579 7.
499 1539 826 1589 Quadriennalia
850 1547 886 1577 et
915 1540 1238 1591 quinquennalia
1265 1537 1470 1590 stipendia
1498 1538 1554 1575 il-

88 1594 144 1632 lis
171 1608 199 1631 a
228 1594 510 1645 quaestoribus
538 1594 678 1648 diffem
681 1595 812 1649 entur]
849 1597 906 1634 Ob
936 1596 980 1634 id
1007 1598 1155 1634 milites
1183 1595 1405 1634 Berrhaeae
1435 1608 1552 1647 prae-

88 1649 240 1688 sidiarii
264 1650 314 1687 ad
334 1650 549 1689 chosroem
573 1652 814 1690 defecerunt.
872 1653 960 1689 Lib.
982 1655 1007 1692 2
1033 1653 1127 1690 bell.
1149 1654 1258 1689 Pers.
1314 1648 1550 1702 Dagistaeus
1572 1653 1602 1687 P
1628 1654 1693 1689 165

88 1706 138 1744 de
168 1706 310 1744 eadem
338 1721 380 1744 re
410 1710 587 1759 queritur
613 1723 685 1760 per
713 1710 899 1759 epistolas
929 1708 1081 1746 ibidem
1109 1711 1210 1746 circa
1239 1708 1362 1745 finem
1391 1709 1496 1746 libri.

198 1764 246 1800 P.
274 1763 367 1810 135,
400 1767 465 1803 13.
528 1765 641 1814 Quo-s·
669 1773 816 1802 vocant
845 1765 1085 1816 scholarios]
1129 1766 1249 1811 Quasi
1279 1760 1553 1817 σχολαζοντας,

87 1819 230 1857 bellico
262 1819 309 1855 ab
340 1833 457 1870 opere
486 1828 700 1869 vacantes,
728 1828 768 1858 et
796 1822 920 1858 veluti
948 1822 1108 1858 feriatos
1137 1822 1299 1858 milites.
1357 1823 1476 1868 Nam,
1508 1826 1554 1858 ut

89 1878 143 1913 ait
171 1874 363 1926 Agathias
392 1876 420 1912 l.
453 1877 493 1917 5·
538 1877 650 1916 οὗτοι
670 1879 909 1941 στρατιῶται
939 1875 1011 1929 μὲν
1042 1873 1323 1928 ὀνομάζονται,
1352 1893 1419 1916 και
1450 1877 1552 1945 ἐγγε-

86 1927 287 1985 γρᾶφαται
314 1935 397 1979 τοῖς
425 1947 507 1971 των
534 1928 764 1985 καταλόγων
794 1934 996 1999 βιβλίοις,
1022 1932 1092 1972 εἰσ
1084 1949 1097 1972 ι
1132 1931 1175 1972 δὲ
1205 1933 1247 1972 οἱ
1273 1932 1415 1972 πολλοὶ
1445 1929 1551 1972 ἄση·
1577 1934 1607 1969 Α
1632 1933 1698 1968 103

85 1989 152 2029 κοί
181 2002 222 2028 τε
251 2003 320 2028 και
344 1989 671 2041 φαιδροείμονες,
700 1988 768 2028 καὶ
798 1985 924 2040 μόνον
953 1986 1065 2041 οἶμαι
1093 1986 1216 2042 ὄγκου
1244 2003 1315 2028 του
1347 1989 1551 2040 βασιλείου

86 2044 223 2090 ἕνεκα,
259 2043 330 2084 καὶ
358 2047 430 2096 τῆς
458 2044 502 2085 ἐν
529 2049 615 2092 ταῖς
644 2041 836 2097 προόδοις
866 2045 1126 2098 μεγαλαυχίας
1167 2044 1432 2109 ἐξευρημένοι.
1489 2046 1553 2082 Hi

86 2101 236 2138 milites
265 2099 430 2152 quidem
458 2103 733 2148 nominantur,
768 2108 804 2138 et
833 2103 876 2138 in
906 2102 998 2139 albo
1028 2102 1245 2152 conscripti
1272 2108 1381 2150 sunt,
1410 2114 1552 2138 verum

87 2157 386 2210 quamplurimi
412 2171 551 2195 eorum
580 2157 717 2195 urbem
747 2158 897 2207 colunt,
929 2165 964 2195 et
992 2159 1162 2197 vestium
1185 2165 1335 2194 ornatu
1350 2156 1552 2209 gaudent,

86 2221 209 2266 atque
237 2220 285 2252 ut
310 2228 399 2251 reor
428 2213 487 2251 ad
506 2228 702 2266 pompam
722 2213 927 2252 duntaxat
950 2215 1162 2265 principie,
1192 2215 1356 2265 eiusque
1383 2215 1428 2251 in
1451 2227 1553 2265 pro-

87 2270 264 2308 cesoibas
290 2272 541 2308 maiestatem
571 2270 781 2308 adinventi
802 2270 994 2322 suerunt,
1051 2273 1206 2308 Horum
1238 2271 1280 2307 iu
1315 2271 1464 2321 palatio
1492 2271 1551 2307 uti

86 2328 225 2365 munia
254 2326 421 2375 diversa,
452 2329 509 2365 sic
535 2329 723 2375 nomina,
748 2329 1003 2378 praetoriani
1026 2327 1186 2376 milites,
1217 2325 1400 2364 custodes
1423 2327 1551 2378 pala-

86 2384 160 2435 tii,
196 2383 458 2429 excubitores,
498 2385 677 2435 corpori-s·
706 2383 905 2432 custodes,
946 2383 995 2422 de
1025 2384 1168 2435 quibus
1197 2396 1314 2434 supra
1344 2382 1395 2420 ad
1423 2397 1464 2434 p.
1495 2385 1550 2424 28

85 2438 159 2477 lin.
192 2442 257 2481 17.
313 2443 467 2478 Horum
496 2442 565 2478 alii
594 2447 704 2478 erant
735 2442 804 2492 qui
843 2439 1040 2492 stipendia
1067 2440 1340 2487 merebantur,
1381 2439 1451 2476 alii
1480 2451 1550 2476 co·-

88 2494 308 2535 dicillares:
354 2510 476 2549 quare
511 2498 659 2534 mirum
692 2510 774 2534 non
804 2504 863 2535 est
890 2496 941 2534 ad
975 2498 1050 2535 tria
1078 2497 1206 2534 millia
1242 2503 1280 2533 et
1313 2496 1548 2547 quingentos

87 2552 234 2600 fuisse,
280 2559 399 2605 atque
440 2555 487 2591 iis
526 2555 891 2605 super-numerarios
929 2566 953 2591 a
990 2554 1208 2591 Iustiniano
1250 2550 1406 2589 additos
1447 2564 1547 2599 esse,

90 2621 183 2645 cum
210 2607 372 2648 honoris
402 2624 508 2662 ergo·
536 2624 628 2648 eum
657 2609 827 2661 gradum
856 2616 975 2662 atque
1004 2623 1150 2647 nomen
1179 2609 1374 2646 ambirent
1403 2620 1549 2659 quam-

87 2665 266 2716 plurimi.
330 2668 484 2705 Horum
533 2665 705 2719 denique
744 2665 902 2705 ordines
943 2664 1063 2705 modo
1107 2666 1357 2717 appellantur
1396 2664 1550 2716 officia,

89 2727 208 2773 atque
237 2722 286 2760 ab
313 2721 458 2762 horum
485 2724 733 2776 praefectura
762 2722 906 2761 dicitur
927 2724 1122 2775 magister
1142 2722 1396 2772 officiorum,-
1428 2732 1549 2774 quem

87 2777 230 2815 Graeci
253 2776 474 2833 μᾶγιστρον
502 2784 584 2822 τῶν
611 2780 655 2822 ἐν
683 2780 860 2835 παλαι-ίῳ
888 2776 1061 2829 vagemur:
1090 2777 1211 2816 modo
1244 2777 1428 2826 scholae,
1459 2789 1548 2828 σχο-
