1858 3126
380 139 646 188 PROCOPII
679 140 757 184 DE·
788 139 1076 184 AEDIFICIIS
1109 139 1188 184 IV.
1249 140 1292 187 1.
1470 142 1569 189 265

113 263 183 306 καὶ
198 258 274 304 ὅσα
292 255 409 308 ἄλλα,
428 253 503 299 εἴτε
520 251 792 314 Σαυρομάτας
809 252 1057 310 ἇμαξοβίους
1073 253 1149 298 εἶ’τε
1165 251 1419 309 μετανάστας
1438 260 1569 299 ταῦτα

113 330 166 384 δὴ
185 325 352 372 ἐκάλουν
373 324 425 368 τὰ
446 324 547 379 ἔθνη
574 325 612 367 οἱ
637 328 717 368 τῶν
745 324 930 381 ἱστοριῶν
956 322 1288 382 ἀναγραψάμενοι
1318 323 1371 366 τὰ
1402 323 1570 380 ἀρχαιό-

112 413 238 448 ma,
264 396 333 437 καὶ
362 393 405 437 εἷ’
424 411 462 438 τι
494 393 591 436 ἄλλο
619 395 824 451 θηριῶδες
849 390 1079 449 ἀνθρώπων
1101 393 1214 449 γένος
1242 391 1270 448 ἢ
1293 392 1512 447 νέμεσθαι,
1539 393 1566 448 ἢ
1589 399 1620 434 Β

111 462 306 523 ἓδρῦσθαι
337 463 516 506 ἐνταῦθα
544 464 764 517 ξυμβαίνει.
833 458 894 512 οἷς
923 461 975 516 δὴ
1008 461 1212 518 ἀπέραντα
1241 464 1570 516 πολεμησειόυσιν

79 531 360 584 δῦπαντιάζειν
385 532 662 589 διατεινομένῳ
686 531 950 587 Ἰουστινιανῷ
974 534 1141 584 βασιλεῖ’
1163 529 1427 588 πάρεργόντε
1454 530 1571 572 οὐδὲν

109 602 333 659 ποιουμένῳ
356 599 574 656 ἐπάναγκες
593 594 643 656 ἦν
662 595 845 657 ἔρύματά
864 615 905 641 τε
928 598 1245 654 περιβάλλεσθαι
1271 597 1483 655 ἀνάριθμα
1502 601 1570 641 καὶ

109 673 367 728 στρατιωτῶν
387 668 581 724 ἀμύθητα
604 665 857 726 φυλακτήρια
879 666 1242 722 καταστήσασθαι,
1276 670 1343 710 καὶ
1368 667 1444 711 ὅσα
1467 666 1572 710 ἄλλα

109 740 315 793 πολεμίοις
333 736 701 795 ἀνεπικηρυκεύτοις
720 754 763 779 τε
781 737 849 778 καὶ
870 735 1142 789 ἀνεπιμίκτοις
1167 735 1341 791 ἐμπόδια
1369 737 1442 791 εἴη.
1512 735 1574 786 οἷς

111 807 164 862 δὴ
183 814 267 858 τοῖς
282 809 486 861 πολεμίοις
501 806 572 849 τὸν
586 804 762 859 πόλεμον
782 804 855 847 οὔκ
877 804 920 855 ἓξ
942 805 1071 854 αἰτίας
1087 806 1573 863 ἕγειρομένοιςποιεΐσθαι

58 883 102 919 10
112 875 254 930 νόμος,
274 876 382 918 κούδὲ
403 875 506 930 μετὰ
526 876 740 933 πρεσβείαν
761 874 997 929 ἐπενεγκεῖν,
1023 872 1117 915 οὐδὲ
1132 874 1214 928 μὴν
1238 873 1332 916 οὐδὲ
1354 872 1574 928 ξυνθήκαις

112 946 305 989 διαλῦσαί
318 960 441 997 τισιν,
474 943 503 999 ἢ
525 943 629 987 κατὰ
641 941 788 1000 χρόνον
809 942 1108 996 ἀνακωχεῦσαι,
1140 942 1234 985 ἀλλ’
1260 943 1473 999 ἐγχειρίσαι
1498 943 1572 996 μὲν

110 1012 446 1070 ἀπροφασίστως,
478 1017 702 1055 καταλῦσαι
730 1012 773 1054 δὲ
806 1009 960 1068 σιδήρῳ
991 1009 1116 1068 μόνῳ.
1184 1011 1289 1054 ἀλλὰ
1322 1013 1388 1053 καὶ
1421 1010 1477 1061 (ὃς
1508 1012 1570 1053 ἐπὶ
1595 1014 1626 1048 C

107 1085 183 1137 τῆς
208 1081 384 1137 ἱστορίας
412 1081 464 1124 τὰ
491 1079 706 1135 λειπόμενα
732 1078 1007 1135 βαδιοῦμεθα.
1076 1079 1194 1137 ἴργου
1227 1081 1307 1136 γὰρ
1343 1080 1569 1136 ἀρξαμένου
1594 1083 1628 1119 V
1651 1082 1719 1119 438

107 1148 246 1208 τρόπῳ
272 1147 422 1207 ὃτῳοῧν
449 1150 490 1200 ἒς
513 1151 638 1207 πέρας
670 1150 849 1207 ἀφῖχθαι
873 1149 1044 1200 ξυνοίσει
1066 1152 1222 1201 μᾶλλον
1254 1148 1283 1203 ἢ
1313 1147 1573 1203 ἀτελεύτητον

57 1225 100 1261 15
112 1216 380 1268 ἀπολιπόντας
405 1217 532 1261 ὀπίσω
551 1219 663 1260 ἴέναι.
729 1219 812 1260 ἐπεὶ
834 1218 900 1259 καὶ
921 1215 1054 1266 ἄλλως
1071 1215 1120 1258 ἂν
1139 1216 1212 1259 οὐκ
1234 1215 1311 1267 ἔξω
1331 1218 1574 1274 κατηγορίας

108 1286 155 1328 τὸ
186 1291 354 1342 πρᾶγμα
384 1286 467 1340 εἴη,
501 1287 673 1340 βασιλέα
703 1286 776 1340 μὲν
808 1285 878 1328 τὸν
909 1283 1101 1342 ἡμέτερον
1135 1284 1349 1342 εἰργάσθαι
1378 1286 1430 1327 τὰ
1460 1285 1572 1343 ἔργα,

107 1352 220 1410 ἡμᾶς
237 1355 282 1396 δὲ
299 1354 396 1405 τοὺς
412 1352 511 1411 ὑπὲρ
534 1355 667 1397 αὐτῶν
687 1354 869 1396 ἀποκνεῖν
886 1352 1042 1409 λόγους.
1106 1355 1325 1407 μέλλοντας
1348 1355 1392 1396 de*
1413 1355 1464 1396 τὰ
1487 1354 1573 1395 Εὐ-

108 1429 270 1480 ρωπαΐα
298 1420 442 1465 τούτου
474 1423 526 1477 δὴ
556 1428 628 1465 τοῦ
658 1423 858 1477 βασιλέως
897 1423 1208 1478 διαριθμεῖσθαι
1251 1421 1571 1478 οἰκοδομήματα,

106 1491 222 1547 ὀλίγα
239 1490 340 1533 ἄττα
362 1491 467 1548 ἀμφὶ
486 1493 579 1548 τῇδε
603 1495 653 1547 τῇ
668 1489 787 1549 χώρᾳ
803 1488 979 1532 ὖπειπεῒν
995 1489 1120 1540 ἄξιον.

54 1567 102 1602 20
239 1559 310 1602 Ἐκ
337 1563 411 1602 τοῦ
427 1559 679 1616 Ἀδριατικοῦ
700 1559 947 1613 καλουμένου
967 1557 1165 1614 πελάγους
1186 1556 1352 1616 ἕπιρροῆ
1375 1577 1437 1610 τις
1459 1561 1572 1617 διορ-

109 1629 290 1683 θουμένη
313 1644 355 1670 τε
379 1630 447 1670 καὶ
468 1627 777 1672 ἀποσαλεύουσα
799 1633 872 1683 τῆς
894 1626 1019 1682 ἄλλης
1038 1626 1256 1682 θαλάσσης
1280 1629 1343 1669 ἐπὶ
1365 1629 1436 1683 τὴν
1455 1628 1572 1682 ἤπει-

111 1713 184 1752 ρον
205 1697 430 1750 ἀναβαίνει,
460 1699 524 1738 καὶ
550 1699 740 1750 σχίζουσα
758 1697 834 1751 τὴν
855 1700 928 1752 γῆν
950 1697 1198 1739 ἔπιπλεῖστον
1220 1703 1389 1738 ποιεῖται
1412 1698 1481 1739 τὸν
1495 1695 1570 1738 Ἰό-

110 1781 195 1807 νιον
214 1764 382 1815 κόλπον,
412 1766 452 1807 ἓν
472 1767 581 1823 δεξιᾷ
600 1765 671 1818 μὲν
684 1763 937 1822 Ἠπειρώτας
955 1782 998 1807 τε
1019 1767 1085 1807 καὶ
1105 1765 1155 1807 τὰ
1183 1765 1287 1807 ἄλλα
1309 1766 1434 1822 ἐκείνῃ
1456 1765 1569 1819 ἔθνη,
1590 1772 1623 1807 D

111 1832 154 1876 ἓν
177 1833 368 1892 ἀριστερᾷ
397 1834 441 1876 δὲ
463 1833 711 1890 Ιίαλαβρούς
730 1833 878 1888 ἔχουσα
888 1864 902 1886 ,
936 1832 977 1876 ἕν
997 1850 1039 1876 τε
1069 1837 1249 1892 πορθμῷ
1275 1835 1338 1876 ἐπὶ
1359 1832 1568 1891 μακρότα-

206 1963 238 1998 1.
262 1958 370 2007 ἄλλα]
392 1962 505 2008 Vulgo
529 1958 636 1998 ἅττα.
821 1963 876 1999 17.
898 1958 1010 2007 ὑπέρ]
1032 1959 1106 1997 ὑπ’
1131 1962 1251 1998 Tolos.

110 2078 260 2109 romatae
280 2074 491 2117 hamaxobii,
524 2076 580 2110 vel
603 2078 812 2110 metanastae
835 2076 878 2109 ab
902 2075 1072 2110 historicis
1098 2074 1339 2120 antiquissimis
1364 2074 1446 2109 dicti
1470 2080 1572 2118 sunt3

110 2131 154 2154 ac
169 2121 197 2154 si
214 2131 280 2165 qua
296 2121 362 2155 alia
375 2121 486 2155 ferina
501 2121 667 2156 hominum
688 2121 781 2155 natio
806 2121 854 2155 ibi
877 2121 993 2155 domos
1010 2122 1135 2165 habet,
1159 2127 1218 2155 aut
1233 2133 1294 2166 per
1310 2132 1435 2166 pascua
1453 2132 1572 2165 vagas,

109 2170 173 2200 aut
187 2166 338 2203 stabiles.
388 2167 473 2202 Cum
492 2173 603 2202 autem
625 2168 690 2202 illis
715 2168 750 2201 in
776 2167 897 2202 bellum
920 2179 1028 2212 usque
1052 2167 1280 2212 prurientibus
1295 2178 1474 2201 occurrere
1490 2179 1573 2200 con-

109 2211 266 2246 tenderet
286 2212 486 2247 Iustinianus
501 2215 587 2259 Aug.
608 2226 671 2248 nec
692 2214 904 2248 defunctorie
929 2213 1110 2258 quidquam
1132 2218 1270 2258 ageret,
1293 2224 1432 2247 necesse
1454 2213 1573 2246 habuit

109 2257 309 2292 munitiones
324 2258 511 2293 innumeras
528 2260 689 2302 excitare,
713 2272 754 2294 ac
769 2260 883 2293 nescio
900 2264 984 2304 quot
997 2259 1164 2305 praesidia
1179 2259 1336 2293 militaria
1351 2259 1572 2303 constituere,

108 2303 256 2348 nihilque
278 2316 345 2338 non
368 2305 536 2348 obiicere,
560 2316 626 2351 quo
643 2306 758 2339 hostes
773 2305 998 2351 implacabiles
1013 2310 1116 2350 atque
1129 2305 1338 2339 insociabiles
1352 2310 1570 2339 arcerentur:

110 2347 232 2383 bellum
244 2349 294 2384 ita
309 2350 399 2384 soliti
413 2351 528 2386 facere
538 2378 548 2394 ‚
571 2351 706 2385 utillud
721 2363 784 2385 nec
799 2363 872 2386 cum
891 2363 991 2385 causa
1007 2351 1192 2397 suscipiant
1202 2378 1212 2394 ,
1236 2363 1299 2385 nec
1314 2351 1453 2396 praevia
1471 2351 1573 2384 clari·

113 2395 247 2439 gatione
258 2396 418 2440 inferant,
441 2409 505 2431 nec
520 2397 636 2431 finiant
653 2398 764 2442 aliqua
778 2398 1033 2444 compositione,
1056 2398 1110 2431 vel
1125 2397 1232 2444 pactis
1247 2397 1388 2430 induciis
1404 2396 1571 2430 intermit-

110 2445 208 2484 unt,
236 2441 298 2476 sed
314 2448 493 2488 capessant
506 2444 632 2488 absque
647 2448 842 2488 praetextu,
866 2455 929 2477 nec
948 2443 1010 2477 nisi
1025 2443 1117 2477 ferro
1134 2444 1301 2478 dirimant.
1348 2443 1573 2476 Nihilominus

111 2485 170 2519 ad*
183 2486 340 2532 reliquam
362 2488 533 2523 historiam
557 2489 820 2535 progrediemur.
866 2489 955 2523 Nam
980 2494 1131 2534 praestat
1152 2489 1256 2523 semel
1277 2489 1468 2522 inchoatum
1487 2498 1572 2531 opus

114 2530 160 2564 ad
183 2531 282 2568 finem
306 2534 510 2579 perducere,
533 2546 633 2580 quam
655 2535 901 2570 retrocedendo
928 2535 1119 2580 relinquere
1144 2535 1395 2581 imperfectum:
1431 2533 1572 2567 maxime

116 2586 189 2609 cum
205 2577 304 2612 simus
320 2580 472 2625 culpandi
487 2581 605 2615 merito
615 2606 626 2624 ,
649 2582 678 2615 si
704 2592 884 2625 gravemur
898 2581 1011 2615 dicere
1034 2593 1120 2626 quae
1139 2582 1326 2627 principem
1341 2585 1490 2614 nostrum
1506 2589 1573 2611 non

114 2620 225 2666 piguit
237 2621 445 2660 benefacere.
484 2627 583 2661 Prius
599 2632 707 2661 autem
722 2638 820 2672 quam
836 2628 1019 2674 Europaea
1034 2627 1141 2673 ipsius
1155 2626 1310 2662 aedificia
1325 2635 1571 2666 recenseamus,

116 2676 226 2713 pauca
241 2668 283 2702 de
298 2669 363 2704 hac
375 2672 466 2706 orbis
481 2678 578 2718 parte
593 2673 743 2718 praefari
758 2672 927 2707 convenit.

210 2713 267 2746 Ex
281 2711 451 2752 Adriatico
473 2719 594 2764 pelago
615 2730 775 2764 aquarum
798 2730 878 2764 pars
891 2718 1004 2752 influit
1018 2722 1112 2752 recta
1128 2717 1162 2751 in
1178 2717 1401 2751 continentem
1413 2740 1423 2756 ‚
1449 2725 1470 2747 a
1487 2713 1572 2766 reli-

115 2768 184 2802 quo
209 2758 289 2793 mari
309 2761 510 2805 abscedens,
532 2765 704 2810 sinumque
719 2765 846 2799 Ionium
862 2765 990 2807 efficit,
1014 2768 1142 2798 terram
1159 2763 1261 2807 longo
1278 2768 1386 2796 meatu
1414 2760 1462 2793 ita
1481 2771 1571 2794 scm-

117 2803 221 2848 dens,
243 2808 281 2839 ut
302 2816 323 2840 a
346 2806 466 2843 dextra
484 2809 646 2855 Epirotas
667 2815 771 2856 atque
796 2811 880 2848 alias
903 2809 1077 2854 nationes,
1100 2821 1123 2845 a
1145 2809 1243 2844 laeva
1263 2807 1427 2843 Calabros
1451 2805 1569 2841 alluat.
