1800 3126
300 145 397 192 464
745 150 802 194 IN
834 150 976 193 HIST.
1008 150 1260 194 ARGANAM

299 256 423 293 fectus
456 268 478 293 a
505 255 715 294 Iustiniano
747 263 815 293 est.
870 250 991 294 Extat
1022 257 1063 292 iu
1090 259 1273 295 Vaticana
1300 258 1532 298 bibliotheca
1559 261 1716 299 Ioannis

297 313 404 348 illius
443 309 674 362 νομοκοῖνων
707 313 751 347 in
789 312 1069 362 quinquaginta
1106 313 1238 350 titulos
1269 313 1505 353 distributus.
1562 317 1641 354 Sed
1670 330 1716 354 ea

295 368 499 403 Iustiniani
526 366 780 403 immoderata
801 367 957 403 licentia
986 367 1316 417 quemadmodum
1343 372 1384 406 in
1413 370 1620 408 occidentis
1650 385 1716 408 ec—

297 423 432 459 clesias
461 424 622 458 minime
649 423 839 471 pervasit,
868 423 922 458 ita
949 423 991 457 in
1019 423 1164 459 oriente
1193 423 1496 473 patriarcharum
1522 427 1586 464 vel
1614 428 1719 464 osci·

295 479 436 524 tantia,
467 479 530 513 vel
559 476 782 513 adulatione
808 477 1019 514 invaluisse
1047 477 1212 516 videtur.

404 534 448 568 P.
482 532 572 578 153,
606 531 671 571 15.
727 531 895 568 Alienae
922 545 1067 569 mana-5*
1094 531 1334 570 mentiendae
1354 535 1530 584 peritae]
1569 537 1718 573 Horum

295 587 487 623 infinitam
526 599 595 623 suo
638 594 811 638 tempore
849 588 968 624 fuisse
1006 588 1320 636 multitudinem,
1367 590 1599 627 lastinianus
1633 591 1717 641 ipse

296 643 495 679 confirmat
525 654 569 678 ea
600 642 686 692 lege
716 655 834 693 quam
863 649 994 679 contra
1024 643 1182 680 eosdem
1209 645 1311 680 tulit.
1366 645 1516 681 Novell.
1541 647 1608 686 73.

404 699 448 732 P.
479 696 568 744 155,
602 699 638 736 1.
698 697 768 734 Ille
797 705 954 748 accepta
979 701 1153 747 pecunia
1180 713 1269 735 mox
1297 699 1418 749 Iegem
1444 698 1599 747 scribit,
1628 701 1715 750 etc.]

294 752 546 788 centenariae
576 754 886 803 praescriptionis
916 755 1087 791 ecclesiis
1116 767 1138 791 a
1165 755 1378 791 Iustiniano
1408 766 1620 801 concessae,
1651 768 1718 792 oc·-

294 809 490 844 casionem
519 806 583 843 hic
612 807 733 845 vides.
791 811 995 845 Praeterea
1016 823 1093 846 non
1121 816 1272 846 tantum
1295 810 1479 846 ecclesiae
1506 811 1718 857 Romanae,

295 869 339 898 ut
369 875 421 898 ex
450 863 606 899 novella
635 866 659 902 9
690 863 850 914 quidam
879 865 1064 913 colligunt
1092 867 1435 915 praescriptionem
1463 871 1619 901 centum
1647 877 1720 901 au-

297 930 438 954 norum
475 919 750 968 amplificatam
779 920 923 965 fuisse3
963 918 1033 956 sed
1069 919 1170 957 hanc
1197 921 1327 970 legem
1359 922 1402 957 in
1431 921 1611 957 universo
1638 921 1720 957 Ro-

297 985 413 1009 mano
442 974 605 1023 imperio
635 973 795 1025 perinde
825 976 1005 1011 valuisse.

407 1030 451 1064 P.
480 1028 571 1075 155,
601 1031 639 1068 9.
700 1029 857 1078 Quibus
885 1043 928 1066 ex
956 1036 1071 1066 tanta
1101 1036 1320 1079 temporum
1347 1027 1566 1077 distantia,
1603 1035 1722 1079 atque

297 1089 407 1119 nocte
439 1097 567 1119 reram
596 1085 692 1120 olim
725 1092 953 1134 gestat-am,
989 1084 1103 1121 nulla
1132 1083 1304 1132 defensio
1333 1083 1571 1135 suppeteret]
1611 1084 1720 1121 Adeo
1750 1093 1752 1097 “

297 1137 591 1174 incommodum
623 1146 738 1190 atque
778 1138 989 1183 absurdum
1019 1138 1094 1176 hoc
1130 1140 1258 1176 visum
1287 1146 1365 1187 est,
1403 1147 1446 1176 ut
1479 1140 1542 1176 vel
1570 1138 1643 1176 hac
1672 1139 1720 1175 de

299 1206 413 1229 causa
442 1197 702 1230 centenariam
732 1196 1075 1245 praescriptionem
1102 1196 1336 1232 Iustinianus
1365 1208 1542 1232 revocare
1567 1202 1720 1232 coactus

154 1249 184 1283 P
209 1249 272 1285 171
299 1250 361 1294 sit,
391 1255 506 1299 atque
535 1252 691 1286 omnino
716 1251 865 1297 tollere,
893 1257 937 1287 ut
964 1249 1085 1287 habes
1114 1251 1155 1286 iu
1184 1249 1307 1287 edicto
1333 1252 1479 1300 quinto,
1510 1251 1572 1286 cui
1599 1250 1722 1286 falsus

295 1311 353 1340 est
382 1305 517 1340 titulus
547 1303 594 1340 de
621 1306 813 1354 litigiosis
840 1305 1049 1355 praefixus.
1103 1300 1260 1356 Ἐπειδη
1283 1303 1337 1351 δὲ,
1364 1307 1510 1366 inquit,
1542 1301 1606 1344 διοῖ
1635 1316 1722 1343 τοσ-

295 1356 413 1398 ου’του
443 1356 704 1410 διαστήματος
731 1363 802 1399 τοῦ
830 1361 975 1407 almog-
1011 1361 1157 1411 μᾶλλον
1188 1357 1288 1411 η’περ
1320 1362 1391 1400 τοῦ
1426 1355 1591 1411 χρόνον,
1631 1357 1722 1399 ου’τε

292 1413 322 1465 ἦ
352 1409 581 1481 οἷκεραιότης
617 1417 697 1454 τῶν
736 1411 996 1463 ἀποδείξεων,
1037 1412 1126 1454 οὔτε
1159 1413 1188 1465 ἦ
1222 1417 1347 1462 πίστις
1386 1429 1465 1454 των
1502 1413 1721 1466 πεπραγμέ·

293 1484 395 1516 νων,
429 1465 521 1508 ου’δὲ
549 1469 578 1522 ἦ
605 1469 738 1520 ηλικία
768 1467 892 1521 ἰσχύει
922 1472 1123 1522 βοηθῆσαι
1151 1474 1232 1517 τοῖς
1259 1482 1436 1521 μαρτυσι.
1491 1471 1635 1506 Mirum
1663 1476 1722 1506 est

292 1537 315 1561 a
352 1526 540 1575 Procopio
582 1524 630 1561 de
675 1528 919 1562 revocatione
958 1524 1073 1562 huius
1121 1527 1361 1562 centenariae
1409 1526 1721 1575 praescriptionis

291 1579 392 1615 nihil
428 1579 518 1616 dici.
574 1581 750 1618 Fortasse
779 1580 820 1617 id
849 1582 1086 1618 Iustinianus
1117 1582 1263 1617 curavit
1300 1586 1388 1630 post
1416 1593 1563 1616 annum
1593 1581 1722 1629 impe-

293 1637 340 1670 rii
370 1635 585 1672 secuudum
614 1643 729 1686 atque
757 1638 1024 1686 trigesimum,
1064 1635 1223 1686 quando
1259 1634 1356 1672 haec
1383 1637 1595 1686 Procopius
1623 1636 1721 1672 scri-

292 1690 423 1726 bebat.

400 1746 445 1780 P.
478 1743 568 1792 156,
597 1746 637 1783 2.
695 1745 740 1781 Si
769 1744 930 1795 quando
960 1747 1061 1782 enim
1088 1744 1303 1782 Pasclzatis.»
1330 1743 1604 1795 celebritatem]
1636 1746 1722 1781 Non

291 1799 478 1836 Hebraeis
507 1799 645 1847 modo,
683 1799 754 1837 sed
781 1802 874 1850 ipsis
906 1802 1024 1837 etiam
1053 1799 1280 1838 Christianis
1309 1807 1524 1838 vertentem
1549 1798 1722 1836 Pascha-

293 1856 344 1891 tis
375 1854 478 1891 diem
507 1856 698 1891 invertere
725 1858 937 1893 Iustiniano
976 1857 1136 1906 placuit.
1191 1858 1290 1893 Nam
1325 1869 1424 1893 anno
1455 1857 1538 1892 eius
1567 1855 1722 1905 imperii.

294 1909 611 1960 undevigesimo,
650 1918 693 1947 ut
730 1918 858 1948 narrat
889 1910 1180 1980 Theophanes,
1217 1924 1239 1947 a
1271 1923 1348 1962 quo
1376 1912 1538 1948 Ioannes
1567 1910 1722 1948 Siculus

295 1967 462 2016 accepit,
507 1965 654 2016 ἐγένετο
683 1964 902 2017 διαστροφη
914 1966 1019 2031 περὶ
1056 1969 1128 2006 τοῦ
1157 1962 1270 2018 ἁγίου
1299 1978 1448 2016 πασχα,
1488 1965 1555 2005 καὶ
1591 1965 1729 2015 §nolu-2

296 2032 368 2059 σαν
408 2021 449 2059 οἱ
483 2021 601 2070 δῆμοι
637 2036 710 2071 την
746 2018 1040 2073 οἷποκρεώσιμον
1069 2021 1163 2072 μηνὶ
1194 2021 1446 2074 Φεβρουαρίῳ
1474 2034 1643 2075 τεταρτῃ
1699 2018 1722 2059 ὅ

296 2073 339 2114 δὲ
374 2074 556 2126 βασιλευς
594 2075 826 2126 προσέταξεν
863 2075 995 2128 ἑτέραν
1032 2072 1229 2127 ἑβδομαδα
1265 2078 1471 2127 πραθῆναι
1499 2059 1618 2142 κρέα,
1653 2073 1722 2113 καὶ

295 2145 439 2177 παντες
467 2131 508 2169 οἷ
532 2134 780 2198 κρεωπῶλαι
791 2131 963 2179 ἔσφαξαν
997 2131 1064 2170 καὶ
1092 2129 1340 2182 προέθηκαν,
1379 2130 1446 2169 καὶ
1475 2126 1605 2176 ουδεις
1630 2126 1724 2181 ἠ’γό·

152 2191 183 2226 A
207 2192 271 2227 111
295 2187 419 2235 ραζεν,
449 2183 536 2224 οὕτε
563 2183 689 2235 ἤσθιε.
744 2183 786 2224 τὸ
810 2184 852 2224 δὲ
882 2184 1011 2250 πάσχα
1034 2185 1191 2237 γέγονεν
1214 2184 1265 2233 ὥς
1290 2184 1310 2226 ὁ
1337 2183 1516 2250 βασιλευς
1538 2183 1721 2232 ἐκέλευσε,

291 2239 358 2279 καὶ
399 2238 543 2291 ευρὲθη
583 2238 606 2278 ὅ
646 2237 735 2286 λαὸς
774 2237 974 2290 νηστεύων
1013 2239 1210 2292 ἑβδομάδα
1248 2237 1442 2292 περιττήν.
1499 2241 1626 2277 Facta
1666 2245 1722 2276 est

292 2296 449 2344 eversio,
479 2301 521 2330 ut
549 2296 662 2331 vertit
689 2297 936 2343 Anastasius,
965 2296 1011 2332 de
1038 2303 1174 2332 sancto
1204 2296 1388 2344 Pasclza,
1417 2302 1453 2332 et
1480 2309 1506 2332 a
1533 2294 1722 2332 carnibus
1754 2304 1757 2310 '

292 2351 417 2400 coepit
453 2350 599 2399 vulgas
629 2350 821 2387 abstinere
854 2365 980 2388 mense
1007 2352 1247 2398 Februario,
1283 2350 1346 2388 dle
1382 2357 1541 2401 quarta.
1596 2350 1724 2400 Impe-

292 2413 404 2442 rator
446 2412 576 2441 autem
621 2408 819 2456 praecepit
858 2407 943 2443 alia
981 2405 1222 2444 hebdomade
1260 2419 1416 2443 carnem
1463 2407 1638 2456 apponi,
1685 2411 1721 2442 et

293 2461 469 2497 omnium
505 2461 689 2496 carnium
727 2461 946 2499 venditores
983 2461 1156 2499 occidere
1191 2469 1226 2498 et
1267 2474 1498 2512 apposuere,
1543 2467 1578 2497 et
1611 2473 1720 2498 nemo

292 2515 461 2564 emebat,
492 2522 564 2551 aat
592 2514 738 2554 edebat.
795 2519 920 2553 Porro
951 2517 1112 2554 Pascha
1128 2517 1295 2567 factam
1324 2523 1398 2566 est,
1437 2522 1481 2553 ut
1509 2513 1730 2566 imperator

294 2572 434 2617 iussit,
466 2577 501 2606 et
529 2571 707 2607 inventas
735 2578 791 2607 est
812 2572 991 2622 popula-s·
1021 2574 1203 2609 ieiunans
1229 2570 1478 2609 hebdomada
1505 2570 1722 2621 superflua.

293 2627 359 2662 Ex
386 2624 461 2662 hoc
489 2626 574 2663 loco
603 2627 750 2676 corrige
777 2626 1040 2677 Nicephorum
1065 2627 1215 2671 Callisti
1243 2625 1272 2664 l'.
1303 2627 1354 2666 17
1383 2640 1418 2664 c.
1439 2629 1493 2667 32
1521 2627 1588 2678 qui
1614 2624 1721 2662 idem

293 2693 499 2732 perperam
527 2689 669 2719 narrat.

402 2738 447 2774 P.
469 2735 561 2785 156,
583 2738 622 2776 9.
677 2737 852 2786 Liberio,
881 2735 928 2775 de
947 2750 1024 2789 qao
1046 2737 1176 2788 paulo
1204 2742 1296 2775 ante
1323 2733 1598 2786 memoratum]
1628 2735 1720 2772 Erat
