1800 3126
185 2148 278 2184 A58

309 162 404 210 406
755 163 815 206 IN
847 160 989 205 HIST.
1021 160 1272 206 ARGANAM

307 268 572 324 αναιρεθῆναι
595 285 750 318 αυτους,
780 265 944 319 μάλιστα
970 282 1062 315 τους
1087 263 1291 321 οἷρχηγους,
1319 269 1386 310 καὶ
1412 266 1612 317 ἆτακτους.
1676 269 1728 307 Ut

306 329 601 365 Samaritarum
639 337 863 376 synagogae
891 323 1179 362 clauderentur.
1238 325 1322 374 Ipsi
1349 339 1436 363 vero
1465 339 1492 363 a
1525 325 1726 376 republica

301 382 476 434 gerenda
510 382 839 419 submoverentur.
898 380 954 416 Ne
989 377 1048 415 ad
1072 393 1165 416 suos
1192 378 1472 430 haereditates,
1509 382 1571 419 vel
1607 383 1727 417 etiam

306 437 536 475 donationis
570 438 724 473 nomine
759 436 1076 474 transmitterent.
1142 435 1194 471 Ut
1229 433 1393 485 denique
1427 438 1603 485 ipsorum
1633 436 1727 486 pri-

303 507 431 530 mores
458 501 494 528 et
520 490 699 528 seditiosi
726 489 1000 528 occiderentur.
1055 490 1191 527 Tertia
1218 491 1452 527 Iustinianus
1489 492 1727 541 superiorem

305 550 499 586 revocavit
529 547 655 596 Sergii
683 547 891 584 Caesareae
920 545 1107 596 praesulis
1143 552 1294 595 rogatu.
1350 547 1451 582 Nam
1483 547 1638 583 novella
1673 544 1727 586 45

306 616 407 655 quae
438 602 485 639 de
514 601 667 639 Iudaeis
696 614 820 652 aeque
849 614 892 638 ac
921 602 1120 639 Samaritis
1151 607 1230 649 est,
1258 599 1337 637 huc
1362 613 1441 637 nou
1469 602 1645 650 pertinet.

413 659 459 694 P.
487 656 538 697 75
552 685 562 704 ‚
593 656 632 698 5.
702 656 1020 694 Christianorum
1058 657 1214 692 nomine
1249 669 1341 692 cum
1377 669 1450 692 suo
1475 655 1724 707 permutato]

303 713 475 750 Iustinus
512 713 640 750 iunior
668 712 823 749 novella
859 711 907 748 de
946 712 1162 749 samaritis.
1217 711 1464 759 Evaserant,
1499 712 1645 762 inquit,
1683 712 1728 748 in

303 775 458 804 tantam
495 768 678 804 nonnulli
714 780 846 804 eorum
884 769 1110 815 vesaniam,
1154 772 1199 803 ut
1233 767 1296 804 vel
1331 766 1507 803 salutari
1533 765 1727 816 baptismo

303 822 477 873 dignati,
506 821 632 859 denuo
663 821 722 859 ad
746 821 793 859 id
818 823 919 859 mali
947 821 1050 859 unde
1078 821 1348 871 discesserant,
1376 819 1574 865 redierint,
1603 827 1640 857 et
1666 834 1730 858 ea-

302 877 390 915 dem
419 892 509 915 cum
539 879 808 915 Samaritanis
834 878 975 915 lzabere
1000 879 1043 914 in
1067 879 1205 928 pretio,
1238 875 1368 914 eodem
1396 890 1484 914 cum
1513 877 1612 927 ipsis
1641 877 1730 943 agi-

302 935 386 970 tari
401 934 546 983 furore
571 932 870 984 dignoscantur.
927 931 1144 970 Chronicon
1167 931 1364 970 Alexand.
1399 929 1509 978 Τινὲς
1537 930 1576 979 ἐξ
1601 926 1732 970 αυτῶν

303 988 549 1039 φοβηθέντες
586 991 818 1040 προσῆλθον
857 988 896 1036 ἐξ
933 984 1104 1040 ἀνάγκης
1139 990 1195 1053 τῷ
1227 989 1539 1041 Χριστιανισμῷ,
1577 985 1645 1025 καὶ
1673 987 1732 1026 δε-

303 1046 475 1110 χθέντες
491 1043 807 1094 ἐβαπτίσθησαν,
843 1059 910 1082 και
940 1058 1011 1090 εως
1047 1046 1117 1093 τῆς
1145 1029 1316 1094 σήμερον
1345 1042 1731 1106 ἐπαμφοτερίζουσιν.

303 1098 371 1138 καὶ
409 1094 475 1138 ἐπ’
506 1095 697 1164 αυστηρία
732 1096 803 1149 μὲν
836 1093 1031 1148 ἆρχὸντων
1062 1094 1224 1148 σχήματι
1254 1096 1519 1152 διεψευσμένῳ
1547 1092 1732 1144 ὑπούλως
1775 1124 1777 1127 -

299 1153 368 1193 καὶ
396 1149 621 1219 κακούργως
651 1168 704 1199 ως
732 1150 998 1213 Χριστιανους
1020 1150 1183 1200 ἓαυτους
1211 1152 1511 1204 ἐμφανίζουσιν,
1547 1150 1645 1192 ἐπὶ
1639 1166 1732 1202 χαυ-

301 1205 434 1259 νότητι
470 1206 512 1248 δὲ
549 1204 749 1276 οἷρχόντων
779 1203 1079 1259 φιλοχρηματων
1108 1211 1346 1275 Σαμαρεῖται
1372 1206 1439 1246 καὶ
1477 1219 1732 1273 μισοχριστια-

300 1263 377 1313 νοὶ,
406 1263 473 1302 καὶ
504 1278 558 1310 ως
585 1260 638 1313 μὴ
667 1260 825 1315 γνόντες
854 1260 1155 1329 Χριστιανισμιὶν
1183 1260 1284 1302 οὕτω
1313 1258 1612 1302 διαπλαττονται
1639 1276 1732 1308 τους

301 1316 492 1369 ἄρχοντας
522 1318 730 1364 πείθοντες
757 1319 1047 1370 Σαμαρειτίζειν
1076 1314 1141 1357 διὰ
1168 1320 1248 1357 τῶν
1274 1314 1496 1370 χρημάτων.
1555 1314 1733 1366 Quidam

301 1387 345 1410 ex
372 1374 458 1410 illis
484 1373 562 1410 sibi
588 1380 818 1422 metuentes,
847 1380 1004 1437 urgente
1031 1374 1271 1422 necessitate,
1299 1387 1339 1410 se
1375 1371 1433 1409 ad
1462 1371 1734 1410 Christianam

301 1429 527 1478 religionem
566 1429 834 1478 contulerunt,
884 1430 957 1479 qui
995 1429 1137 1478 recepti
1177 1442 1290 1464 sacro
1321 1429 1441 1477 sonte
1476 1429 1592 1464 tincti
1627 1434 1734 1475 sunt,

300 1483 492 1534 hodieque
521 1491 729 1534 utramque
756 1485 985 1534 religionem
1012 1490 1286 1520 consectantur
1313 1486 1356 1521 in
1383 1484 1547 1534 speciem
1575 1481 1733 1533 quidem

295 1547 458 1590 propter
490 1541 731 1576 severitatem
761 1537 994 1589 praesidum
1023 1553 1064 1575 ee
1091 1537 1254 1575 subdole
1283 1545 1320 1575 et
1349 1537 1499 1589 perfide
1531 1537 1733 1575 Christia-

300 1608 372 1631 nos
412 1596 682 1632 mentiuntur:
721 1596 833 1631 nacti
867 1608 956 1631 vero
993 1595 1260 1645 magistratus
1295 1607 1461 1642 avaros,
1498 1600 1533 1630 et
1561 1595 1604 1630 in
1635 1593 1734 1630 reli-

297 1651 416 1700 gione
443 1652 646 1697 remissos,
678 1650 905 1687 Samaritae
932 1656 1038 1697 sunt,
1063 1650 1306 1700 pessimeque
1335 1647 1499 1686 oderunt
1530 1648 1735 1686 Christia-

301 1718 385 1752 nos,
414 1706 550 1755 itaque
577 1707 727 1751 vivunt,
759 1718 808 1741 ac
836 1706 873 1740 si
902 1704 1105 1742 Clzristum
1133 1706 1333 1752 nescirent,
1363 1711 1408 1741 ut
1429 1705 1734 1754 provinciarum

296 1767 577 1810 procuratores
602 1761 776 1809 pecunia
812 1766 1089 1810 corrumpunt,
1122 1767 1168 1796 ut
1196 1761 1411 1797 Samaritis
1431 1760 1615 1808 faveant.
1669 1760 1735 1796 Ex

300 1813 383 1861 his,
413 1821 456 1851 ut
490 1815 659 1864 Cyrillus
686 1813 1028 1865 Scythopolitanus
1067 1815 1141 1862 ait,
1181 1815 1256 1852 fuit
1283 1815 1469 1852 Arsenius
1502 1813 1620 1851 homo
1650 1815 1734 1851 sin-

302 1870 446 1919 gularis
491 1869 595 1920 apud
632 1871 891 1907 Iustinianum
928 1876 966 1907 et
1001 1868 1254 1908 Theodoram
1293 1870 1528 1918 autoritatis,
1568 1869 1617 1906 de
1654 1881 1734 1920 quo

300 1926 512 1975 Procopius
541 1925 642 1961 infra
669 1938 710 1975 p.
738 1925 831 1964 120.

411 1982 457 2017 Ρ.
481 1980 545 2027 75,
578 1981 644 2020 10.
700 1981 886 2030 Agrestes
907 1981 1065 2030 agmine
1081 1981 1204 2029 facto
1232 1981 1275 2016 in
1298 1978 1504 2017 Caesarem
1532 1980 1735 2028 arripiunt

303 2035 434 2085 arma]
468 2037 637 2072 Huiusce
666 2035 949 2072 Samaritarum
977 2035 1200 2072 rebellionis
1230 2047 1365 2072 omnes
1393 2035 1473 2070 fere
1500 2035 1733 2084 posteriores

302 2089 478 2128 historici
518 2092 794 2127 meminerunt.
851 2089 1115 2141 Theophanes
1156 2088 1341 2126 accidisse
1386 2091 1440 2126 ait
1477 2101 1577 2126 anno
1613 2091 1732 2126 Iusti-

302 2148 410 2182 niani
448 2145 637 2191 secundo,
675 2158 811 2182 mense
847 2147 972 2182 Iunio.
1029 2144 1172 2182 Chron.
1202 2142 1416 2181 Alexandr.
1456 2157 1556 2181 auno
1596 2151 1734 2195 quarto

303 2199 518 2250 Lampadio
549 2207 586 2236 et
616 2202 748 2237 Oreste
777 2201 925 2237 consul.
980 2202 1074 2237 Uter
1102 2202 1242 2247 verius,
1271 2198 1380 2236 haud
1406 2199 1522 2236 facile
1549 2198 1733 2236 dixerim.

309 2253 442 2309 Τούτῳ
471 2256 527 2307 τῷ
557 2253 628 2294 ε’τει
653 2257 906 2306 Σαμαρειτῶν
935 2253 1242 2302 στασιασαντων,
1271 2254 1338 2294 καὶ
1364 2249 1616 2306 ποιησάντων
1642 2253 1734 2294 ἔαυ-

303 2313 384 2357 τοῖς
417 2294 584 2360 βασιλέα
621 2324 688 2348 και
727 2310 928 2373 Καίσαρα,
977 2309 1163 2376 ἐπέμφθη
1201 2309 1418 2362 Εἰρηναῖος
1459 2308 1481 2349 ὁ
1513 2310 1734 2356 Πεντοδίας

303 2361 593 2416 Στρατηλοὲτης,
629 2363 694 2404 nni.
721 2361 945 2404 ἐθανατωσε
972 2361 1154 2412 nomo-19.
1209 2366 1300 2402 Hoc
1329 2377 1432 2402 anno
1462 2365 1732 2401 Samaritani-s·

303 2418 668 2467 tumultuantibus,
707 2420 860 2470 sibique
894 2434 1021 2471 regem
1050 2428 1087 2457 et
1119 2420 1176 2458 Ca
1150 2434 1325 2458 aesarem
1363 2419 1608 2468 creantibus,
1651 2419 1733 2457 Ire-

304 2489 428 2512 naeus
458 2473 678 2511 Pentadiae
707 2474 789 2512 dux
817 2478 1006 2512 exercitus
1034 2477 1181 2513 missus
1210 2483 1293 2526 est,
1333 2476 1405 2525 qui
1431 2475 1580 2511 multos
1607 2475 1732 2511 inter-

293 2530 408 2581 ficit.
465 2530 595 2567 Aliam
631 2530 747 2566 refert
782 2531 1062 2568 Samaritarum
1105 2530 1337 2568 seditionem
1378 2528 1643 2582 Theophanes
1680 2529 1732 2566 ad

309 2598 456 2622 anuum
482 2586 686 2622 Iustiniani
721 2586 957 2635 vigesimum
993 2598 1162 2634 nonum3
1205 2599 1323 2637 quem
1359 2586 1492 2623 locum
1528 2587 1583 2622 ita
1617 2586 1733 2623 vertit

308 2642 534 2678 Anastasius
562 2638 898 2678 Bibliothecarius.
960 2642 1158 2692 Vigesimo
1194 2655 1297 2679 nono
1329 2642 1486 2691 imperii
1513 2641 1734 2678 Iustiniani

307 2710 411 2733 anno
454 2695 683 2733 seditionem
725 2698 964 2734 concitavere
1003 2695 1144 2735 Iudaei
1183 2703 1218 2734 et
1256 2697 1478 2734 Samaritae
1517 2695 1732 2733 Caesareae

309 2753 571 2803 Palaestinae,
603 2758 638 2790 et
653 2752 768 2802 facti
797 2753 917 2802 quasi
945 2754 987 2790 in
1017 2751 1152 2791 ordine
1180 2754 1574 2792 Prasinovenetorum
1601 2753 1730 2788 irrue-
