1800 3126
561 168 762 214 NOTAE
795 166 1088 212 ALEMANNI.
1320 149 1322 151 ’
1461 163 1560 212 409

105 283 150 326 ἐν
179 281 317 333 σφίσιν
351 276 486 329 αὐτοῖς
523 279 565 321 οἱ
593 277 827 346 Χριστιανοὶ
857 274 1138 331 διαμάχονται,
1177 269 1282 332 ᾗπὲρ
1314 292 1382 328 μοι
1420 275 1463 317 ἓν
1492 274 1563 318 λό-

105 355 189 396 γοις
215 342 298 384 τοῖς
324 335 424 388 υπὲρ
452 334 606 377 τούτων
634 332 888 391 γεγραψεται.
948 335 1056 373 Nam
1085 333 1162 372 alii
1200 334 1400 384 Ulpianae
1429 334 1472 370 in
1500 334 1564 371 Il-

107 397 231 447 lyrico
263 394 452 432 Caesam
484 396 602 431 iussu
631 393 920 440 subsederunt,-
950 405 1085 442 nempe
1114 392 1286 428 excitata
1315 390 1419 427 inibi
1448 404 1475 426 a
1503 391 1566 427 ci·-

103 451 224 492 vibus
250 450 446 488 seditione
473 451 520 488 ob
550 465 618 488 eas
647 451 918 502 quaestiones,
961 448 1108 500 quibus
1137 450 1239 485 inter
1266 462 1307 484 se
1339 447 1567 486 Christiani

105 507 324 556 dissident5
363 507 412 544 de
453 507 600 559 quibus
638 513 861 558 opportuno
899 505 984 542 loco
1025 504 1212 542 dicturus
1240 518 1345 542 sum.
1404 504 1566 541 Scilicet

52 587 61 597 ·
102 567 186 604 iam
213 571 301 602 tum
327 565 476 602 librum
503 559 742 606 Ἁνεκδότων
770 562 1019 600 moliebatur.
1078 561 1178 601 Vide
1206 559 1279 599 has
1308 567 1423 598 notas
1460 560 1567 598 infra

104 621 156 660 ad
181 635 248 716 pi³
249 622 344 662 115

215 679 350 725 Ρ.76,
376 677 416 719 5,
474 678 574 715 Post
597 676 697 714 haec
723 683 858 727 turpes
882 689 1101 726 puerorum
1131 689 1287 712 amores
1309 675 1393 725 lege
1420 672 1565 725 vetuit]

102 735 215 773 Duae
244 733 320 772 hac
351 733 398 771 de
430 748 470 772 re
500 735 796 772 constitutiones
826 739 977 770 extant.
999 736 1051 773 77
1074 739 1111 769 et
1133 731 1208 773 141
1243 745 1412 784 quarum
1441 732 1567 770 altera

104 805 198 829 cum
225 805 298 843 per
325 792 445 828 aliem
487 793 733 829 occasionem
763 792 906 840 scripta
935 787 1141 836 videatur,
1181 789 1302 825 altera
1338 802 1432 826 vero
1474 786 1567 825 data

103 850 155 887 sit
184 861 287 886 anno
321 846 475 886 decimo
505 855 642 886 octavo
675 854 765 899 post
795 847 1044 884 consulatum
1073 846 1232 893 Basilii,
1274 843 1382 882 haud
1414 843 1566 892 dubito,

103 906 202 957 quin
229 906 358 956 prima
386 903 649 954 interciderit,
688 917 809 956 quam
838 904 912 941 sub
941 905 1102 940 initium
1138 904 1298 953 imperii
1326 902 1471 939 factam
1500 900 1568 938 hic

101 963 318 1013 Procopius
361 960 606 1008 subindicat,
652 973 697 998 ac
736 958 1006 1012 Theophanes
1051 959 1200 996 editam
1245 971 1347 996 anno
1391 957 1566 996 secundo

101 1024 236 1070 aperte
267 1017 382 1066 dicit,
423 1025 461 1056 et
497 1018 747 1056 occasionem
775 1016 963 1054 ferendae
991 1018 1092 1068 legis
1123 1018 1178 1053 ita
1214 1023 1360 1052 narrat.
1425 1011 1563 1067 Τούτῳ

99 1077 159 1129 τῷ
195 1073 269 1115 ἔτει
300 1070 462 1123 Ἡσαΐας
500 1074 714 1121 ἐπίσκοπος
750 1071 908 1122 Ῥόδου,
950 1073 1018 1113 καὶ
1032 1046 1310 1124 O’Aie'gavdoog
1350 1070 1566 1118 ἐπίσκοπος

100 1115 356 1178 Διοσπόλεως
392 1135 464 1183 τῆς
494 1129 655 1186 Θρᾴκης
683 1131 974 1200 καθῃρέθησαν
1005 1146 1060 1177 ως
1088 1127 1348 1179 παιδερασται
1376 1126 1566 1181 ευρεθέν-

99 1203 178 1237 τες,
206 1203 274 1228 και
303 1171 611 1254 ἐτιμωρήθησαν
640 1189 782 1235 δεινως
809 1185 890 1227 υπὸ
916 1203 986 1228 του
1021 1185 1213 1255 βασιλέως
1242 1183 1566 1236 καυλοτομηθέν-

99 1259 163 1291 τες
195 1243 264 1284 καὶ
291 1240 593 1297 πομπεύσαντες
628 1260 698 1284 του
737 1242 914 1296 κήρυκος
950 1245 1136 1296 βοῶντος.
1192 1239 1424 1282 Ἐπίσκοποι
1454 1239 1568 1288 ὄντες

99 1297 144 1342 τὸ
171 1301 304 1352 τίμιον
333 1304 462 1352 σχῆμα
491 1317 544 1353 μη
577 1300 830 1369 ἐνυβρίζοιτε.
888 1299 956 1340 καὶ
986 1300 1143 1348 ἐξέθετο
1168 1315 1187 1339 ο
1213 1296 1399 1350 βασιλευς
1419 1294 1568 1350 νόμους

102 1354 307 1423 σφοδρους
334 1373 432 1397 κατα
461 1373 543 1397 των
574 1353 901 1422 οἷσελγαινόντων,
931 1356 1000 1396 καὶ
1028 1355 1168 1396 πολλοὶ
1199 1356 1238 1404 ἐξ
1269 1351 1402 1394 αυτών
1431 1354 1570 1406 ἐτιμω-

100 1410 303 1466 ρήθησαν.
359 1415 454 1452 Hoc
491 1428 598 1452 anno
633 1415 781 1451 Esaias
820 1416 1032 1465 episcopus
1067 1411 1230 1462 Rhodi,
1272 1419 1307 1449 et
1335 1409 1569 1449 Alexander

101 1471 310 1522 episcopus
337 1472 580 1522 Diospoleos
609 1472 654 1508 in
686 1470 870 1509 Thracia
898 1472 1128 1508 exautorati
1157 1476 1264 1517 sunt,
1297 1476 1432 1520 utpote
1460 1482 1570 1505 mas-

100 1527 287 1565 culorum
318 1535 570 1579 corruptores
594 1526 838 1578 deprehensi,
867 1534 903 1564 et
932 1527 983 1565 ab
1013 1529 1251 1577 imperatore
1279 1539 1407 1562 severe
1429 1526 1571 1576 puniti

100 1590 218 1635 sunt,
247 1597 345 1622 nam
373 1586 536 1622 exsectis
563 1586 726 1622 veretris
747 1598 823 1634 per
851 1584 989 1622 urbem
1018 1583 1154 1632 ducti,
1185 1596 1382 1633 praecone
1403 1583 1571 1633 procla-

100 1648 259 1689 mante3
301 1641 545 1693 quicumque
583 1643 678 1678 estis
718 1642 894 1692 episcopi
940 1639 1196 1678 reverendam
1235 1639 1479 1690 dignitatem
1521 1653 1571 1676 ne

100 1695 377 1738 dehonestetis.
447 1699 585 1749 Quare
622 1697 844 1749 Augustus
885 1699 929 1735 in
974 1697 1218 1735 libidinosos
1257 1710 1415 1733 severas
1461 1696 1567 1746 leges

101 1752 243 1801 edidit,
271 1755 472 1805 multique
500 1755 702 1805 supplicio
722 1754 860 1806 affecti
880 1762 988 1792 sunt.
1046 1755 1213 1792 Severas
1244 1754 1425 1790 nominat
1455 1753 1564 1803 leges

101 1823 201 1863 quas
229 1809 296 1847 hic
323 1812 539 1862 Procopius
567 1811 708 1859 refert,
740 1824 785 1848 ac
814 1810 1047 1859 detestatur,
1088 1812 1312 1863 quibusque
1340 1811 1474 1847 nescio
1513 1823 1564 1846 an

99 1868 422 1918 religiosissimus
458 1870 674 1919 imperator
704 1869 982 1905 Constantinus
1016 1879 1185 1918 magnus
1225 1867 1376 1903 bonum
1414 1866 1565 1902 factum

100 1923 395 1975 adscripsisset3
435 1926 668 1976 praesertim
709 1937 800 1961 cum
838 1927 880 1961 in
919 1926 1125 1975 episcopos
1162 1931 1247 1961 tam
1275 1922 1461 1959 indecore
1491 1923 1565 1960 ob-

100 1988 362 2019 servarentur.
419 1983 522 2019 Nam
549 1982 617 2018 ille
648 1982 710 2032 (ut
738 1979 1018 2020 Theodoretus
1048 1987 1180 2018 narrat
1207 1980 1237 2016 1.
1270 1980 1293 2019 1
1325 1992 1359 2015 c.
1384 1977 1454 2029 11)
1480 1993 1566 2029 pa-

100 2036 333 2075 ludamento
374 2052 414 2075 se
459 2038 707 2075 obtecturum
750 2038 971 2075 affirmabat
1018 2051 1106 2075 eum
1149 2038 1407 2088 episcopum,
1450 2049 1567 2086 quem

99 2095 258 2132 alienae
295 2095 414 2132 uxori
439 2102 630 2146 stuprum
659 2095 890 2146 inserentem
909 2095 1024 2145 sorte
1054 2092 1240 2143 vidisset,
1281 2107 1329 2129 ne
1356 2092 1570 2143 facinoris

101 2158 309 2202 aspectus,
338 2165 401 2188 eos
431 2153 502 2203 qui
530 2150 577 2189 id
604 2153 740 2203 ipsum
770 2159 985 2202 cernerent,
1017 2151 1107 2188 ulla
1136 2165 1181 2188 ex
1203 2157 1326 2201 parte
1355 2148 1542 2187 laederet.

211 2209 258 2246 P·
281 2210 348 2256 76,
377 2210 418 2248 7-
478 2209 607 2246 Nullo
630 2222 805 2260 prorsus
834 2207 972 2245 decoro
997 2210 1038 2245 in
1066 2222 1129 2245 eos
1147 2209 1276 2257 facta
1305 2205 1570 2243 animadver-

99 2263 227 2316 sione]
256 2264 428 2312 Scilicet,
459 2271 503 2302 ut
532 2267 666 2303 statim
695 2264 842 2312 subdit,
873 2263 1069 2316 pudendis
1099 2265 1282 2311 tmncati,
1313 2263 1472 2314 publice
1502 2263 1568 2299 lu-

102 2319 227 2359 dibrio
257 2328 380 2370 erent,
411 2323 528 2359 sicuti
554 2321 676 2360 modo
707 2335 760 2359 ex
778 2320 1030 2373 Theophane
1052 2321 1244 2359 diximus.
1302 2319 1427 2357 Addit
1448 2321 1568 2357 Ioan-

99 2390 172 2416 nes
201 2378 359 2416 Siculus
387 2385 426 2415 et
453 2379 691 2430 Anonymus
719 2380 762 2415 in
793 2376 999 2427 chronico,
1038 2382 1122 2425 τοῖς
1152 2375 1194 2417 δὲ
1230 2374 1434 2429 καλάμους
1465 2371 1569 2424 ὀξεῖς

102 2433 160 2482 εἷς
186 2449 280 2482 τους
308 2430 460 2487 πόρους
487 2438 570 2476 τῶν
599 2436 767 2476 αἰδοίων
801 2434 1018 2487 διεπέρασε.
1067 2435 1180 2472 Aliis
1209 2448 1298 2472 vero
1329 2440 1473 2470 acutos
1502 2446 1574 2469 ca-

100 2490 231 2528 lamos
259 2493 304 2528 in
327 2499 486 2528 meatus
509 2493 760 2543 genitalium
788 2493 968 2542 ingessit.
1027 2490 1141 2537 Quod
1169 2494 1303 2530 nescio
1339 2491 1427 2542 quis
1458 2487 1574 2525 dete-

102 2553 248 2595 status,
275 2546 320 2584 id
350 2561 420 2586 cur
446 2549 614 2597 fuceret,
643 2549 693 2586 ab
723 2549 943 2586 Iustiniana
972 2550 1190 2600 quaesivit,
1224 2549 1259 2588 εἰ
1289 2545 1331 2587 δὲ
1363 2540 1574 2596 ἱεροσυλή-

102 2615 239 2652 '‘⁶⁶⁸⁹ae
270 2600 344 2644 οὐκ
373 2619 426 2644 αν
452 2603 528 2658 τὴν
556 2610 668 2658 χεῖρα
696 2602 851 2645 τούτων
877 2601 1096 2657 οἷπέτεμονς
1127 2619 1180 2642 an
1212 2618 1305 2651 non,
1330 2603 1460 2654 mquit
1488 2602 1570 2648 ille,

102 2660 140 2695 si
175 2660 436 2712 sacrilegium
474 2664 788 2712 commisissent,
829 2675 976 2700 manus
1015 2662 1104 2699 illis
1143 2658 1421 2712 amputandae
1450 2658 1574 2708 suis-

101 2714 214 2753 sent?
243 2717 431 2756 zonaras.

213 2773 260 2808 P·
288 2774 364 2821 77,
392 2777 433 2814 7.
491 2775 700 2811 Senatores
727 2788 818 2812 vero
849 2781 896 2811 ut
933 2773 986 2811 ab
1019 2772 1164 2810 iisdem
1193 2771 1361 2821 emungi
1383 2770 1571 2818 fortunis

98 2829 330 2879 potuerint,
373 2831 457 2867 iam
487 2828 602 2882 dico]
643 2832 756 2869 Licet
786 2830 835 2868 de
873 2830 1084 2882 suppilatis
1123 2835 1354 2867 senatorum
1383 2826 1498 2864 bouis
1529 2828 1569 2862 in
