1754 3132
107 677 708 752 CLAUDIUS
812 675 1702 750 MALTRETUSv264

611 818 644 859 E
684 817 968 860 SOCIETATE
1004 818 1117 860 IESU

331 917 691 969 LECTORI
762 919 1077 970 OPTIMO
1151 919 1200 969 S.
1267 920 1328 968 D.

107 1150 182 1222 A
187 1182 452 1223 NEKAOTA
479 1180 550 1222 iam
585 1183 700 1223 semel
738 1198 833 1225 anno
870 1186 991 1228 1623.
1032 1181 1202 1240 Lugduni
1237 1187 1408 1236 separate
1447 1177 1557 1226 edita,

107 1247 266 1303 adiungo
305 1248 461 1288 cacteris
488 1249 695 1291 Paocoru
735 1251 987 1292 Caesariensis
1018 1250 1212 1306 Operibus,
1271 1249 1378 1299 Quae
1418 1246 1562 1301 quidem

109 1315 158 1356 ita
181 1323 350 1356 recenset
377 1315 609 1371 Nicephorus
640 1317 780 1359 Callisti
804 1320 848 1360 F.
870 1326 906 1359 ut
935 1318 1053 1359 locum
1082 1319 1251 1359 Arcanae
1276 1315 1360 1356 huic
1379 1313 1563 1354 Historiae

107 1393 323 1439 postremum
337 1381 479 1424 tribuat.
539 1384 624 1440 Ego
640 1399 731 1425 vero
753 1385 936 1426 dedissem
957 1387 1108 1442 primum
1121 1419 1130 1434 ,
1164 1385 1195 1425 si
1214 1391 1351 1424 mutare
1372 1381 1420 1421 ob
1450 1381 1562 1421 Inter-

107 1448 217 1505 pretis
245 1449 408 1490 meritum
441 1450 611 1492 licuisset.
669 1451 767 1493 Novi
801 1462 951 1508 quantus
985 1453 1041 1494 vir
1076 1451 1182 1493 fuerit
1205 1451 1422 1492 Nmouvs
1457 1448 1566 1489 Au:-

107 1532 297 1559 mnmms:
327 1517 528 1572 amplector
548 1518 701 1560 nitorem
716 1519 817 1575 styli:
853 1520 991 1570 Notas,
1022 1535 1110 1575 quas
1130 1518 1323 1559 historicas
1353 1515 1565 1572 appellavit,

108 1584 282 1640 singulari
315 1585 444 1640 plenas
488 1586 691 1626 eruditione
730 1587 934 1630 deosculor.
994 1588 1197 1629 Addiderat
1236 1585 1445 1632 censorias,
1486 1582 1566 1623 sive

110 1650 245 1692 Graeci
280 1659 399 1693 textus
432 1652 744 1709 recognitionem,
791 1654 828 1695 in
854 1654 1048 1696 lectionum
1078 1653 1310 1702 diversitate,
1357 1660 1394 1693 et
1427 1665 1566 1698 eorum,

109 1732 203 1774 quae
230 1717 499 1777 Typographus
527 1729 767 1776 peccaverat,
800 1722 1027 1763 correctione
1049 1721 1208 1763 maxime
1237 1720 1404 1776 positam.
1460 1718 1565 1760 Eius-

109 1785 207 1827 modi
242 1794 344 1827 notas
366 1786 494 1835 omisi,
535 1795 659 1842 utpote
687 1788 759 1830 iam
792 1789 955 1831 inutiles:
992 1805 1072 1830 cum
1099 1797 1134 1831 et
1171 1788 1350 1829 lectiones
1378 1784 1502 1827 varias
1531 1783 1568 1824 in

109 1853 278 1910 margine
316 1853 574 1908 disposuerim,
637 1863 672 1896 et
709 1856 862 1896 mendas
903 1856 1073 1896 editionis
1118 1853 1373 1911 Lugdunensis
1411 1851 1571 1894 vitarim.

109 1920 293 1962 Nonnulla
322 1929 443 1961 tamen
473 1921 610 1977 collegi
638 1937 819 1972 seorsum,
855 1924 1034 1978 retulique
1067 1922 1104 1962 in
1134 1922 1408 1962 emendationes
1441 1934 1568 1961 meas:

110 1988 172 2030 ubi
192 1987 301 2028 etiam
319 1987 650 2043 interpretationem
676 1990 790 2044 ipsam
813 1990 971 2031 correxi.
1029 1990 1125 2030 Nam
1145 1989 1218 2030 hoc
1242 1988 1277 2029 in
1304 1988 1398 2029 libro
1425 1996 1482 2028 ter
1510 1993 1572 2027 aut

111 2062 238 2111 quater
259 2054 474 2110 Procopius,
509 2055 577 2097 nisi
611 2056 741 2106 fallor,
777 2057 875 2097 aliud
896 2058 1064 2107 Graece,
1096 2056 1194 2097 aliud
1213 2054 1344 2097 Latine
1374 2054 1471 2096 dicit.
1527 2053 1571 2094 Id

111 2122 207 2179 quod
241 2121 350 2163 valde
382 2122 572 2164 humanum
601 2131 667 2165 est.
726 2124 800 2167 Vix
833 2123 928 2165 enim
960 2132 1079 2180 potest
1111 2124 1213 2173 fieri,
1246 2131 1282 2164 ut
1317 2136 1398 2163 cum
1429 2120 1571 2163 Author

111 2188 288 2245 quispiam
316 2190 432 2232 evasit
458 2194 672 2247 δίγλωσσος
703 2205 747 2231 ac
773 2191 898 2247 lingua
928 2191 1062 2246 duplici
1092 2190 1268 2246 loquitur,
1307 2197 1459 2245 utraque
1475 2201 1568 2228 sem·

111 2271 181 2312 per
213 2263 373 2305 constet,
413 2272 482 2299 nec
514 2258 659 2300 diversa
697 2258 876 2300 interdum
916 2257 1089 2314 proferat.
1148 2257 1397 2308 Quamobrem
1433 2254 1570 2296 cautius

112 2339 192 2365 cum
213 2323 258 2364 iis
286 2338 404 2380 agere
425 2325 550 2376 soleo,
581 2326 663 2382 qui,
700 2335 735 2367 ut
766 2327 816 2367 ita
839 2326 975 2375 dicam,
1007 2340 1074 2367 ore
1104 2334 1183 2367 sunt
1210 2325 1360 2382 gemino
1398 2321 1567 2380 praediti,

114 2391 382 2447 diligenterque
410 2394 577 2443 attendo,
617 2409 699 2434 num
729 2407 799 2434 uno
834 2408 961 2434 verum
990 2393 1238 2450 pronuntient,
1280 2393 1396 2433 altero
1426 2391 1566 2431 falsum.

114 2458 179 2500 Sic
205 2459 369 2499 attendas
396 2460 507 2501 velim
535 2461 582 2501 ad
613 2476 677 2510 ea,
714 2475 808 2516 quae
838 2460 919 2516 ipse
948 2461 986 2502 in
1014 2460 1178 2502 Latinum
1207 2460 1310 2502 verti.
1368 2460 1444 2501 Iam
1478 2470 1569 2498 vero

115 2526 216 2576 sine,
269 2527 467 2577 Lac-ron,
511 2529 635 2583 paucis
672 2542 952 2570 commemorem
988 2528 1206 2570 beneficium
1244 2528 1288 2570 R.
1331 2525 1372 2569 P.
1411 2523 1564 2566 Possini.

114 2593 225 2634 Eram
243 2594 434 2635 admodum
455 2596 669 2637 adolescens
681 2630 692 2646 ,
723 2603 758 2636 et
777 2611 797 2636 a
817 2595 969 2636 consilio
989 2594 1242 2650 suscipiendae
1261 2589 1566 2649 interpretationis

115 2659 284 2715 Procopii
321 2661 535 2718 longissime
568 2663 734 2712 aberam;
776 2663 918 2718 quando
955 2661 1048 2703 inter
1086 2661 1198 2718 ipsius
1231 2677 1354 2702 manus
1392 2659 1566 2700 Codicem

116 2725 190 2766 vidi
218 2726 322 2778 huius
348 2729 529 2772 Historiae
555 2730 638 2772 MS.
669 2744 774 2786 quem
804 2729 919 2770 habet
947 2729 1168 2784 amplissima
1192 2727 1420 2768 Bibliotheca
1447 2727 1566 2787 Innu-

118 2809 335 2836 snussnm
363 2796 651 2839 (liner-:nunu
672 2798 805 2839 Pmm
832 2798 1066 2838 Ssemsuu.
1125 2796 1182 2837 Ex
1211 2808 1258 2834 eo
1287 2794 1348 2834 ille
1375 2793 1411 2835 in
1442 2808 1565 2835 exem·
