1754 3132
588 127 856 173 HISTORIA
888 127 1102 172 ARCANA
1136 129 1185 175 7.
1563 131 1626 176 51

151 262 220 291 ναι
244 238 508 296 ὑπώπτευον,
545 243 615 284 καὶ
645 241 742 286 οὐδὲ
768 238 895 294 τόπος
914 259 976 293 τις
993 241 1143 299 ὀχυρὸς
1163 240 1259 286 οὐδὲ
1278 240 1422 298 καιρὸς
1445 241 1630 299 ἓχέγγυός

149 329 228 358 τινι
246 313 288 363 ἒς
307 311 382 367 τὴν
404 311 612 367 σωτηρίαν
631 310 768 363 ἔδοξεν
788 309 904 365 εἶναι,
939 310 1024 355 ἐπεὶ
1041 311 1118 355 κᾶν
1135 317 1224 361 τοῖς
1239 314 1322 354 τῶν
1343 311 1462 368 ἱερῶν
1481 328 1627 365 τιμιω-

147 379 288 431 τάτοις
304 379 380 434 κάν
400 387 490 430 ταῖς
510 377 757 437 πανηγύρεσι
776 378 884 440 λόγῳ
907 380 1041 424 οὐδενὶ
1060 380 1371 438 διεφθείροντο,
1408 380 1544 429 πίστις
1580 398 1624 423 τε

149 449 320 503 οὐδεμία
358 446 463 503 πρός
504 465 548 491 τε
587 453 669 491 τῶν
709 450 841 506 φίλων
882 451 950 492 καὶ
978 453 1062 493 τῶν
1094 452 1293 505 ξυγγενῶν
1319 447 1378 491 ἔτι
1409 446 1624 492 ἐλέλειπτο.

114 519 292 566 ὅπολλοὶ
310 517 389 574 γὰρ
407 519 474 560 καὶ
492 521 543 574 τῇ
565 522 646 560 τῶν
665 514 924 561 οἶκειοτᾶτων
947 518 1146 575 ἐπιβουλῇ
1170 517 1388 573 ἔθνησκον.
1461 514 1628 572 ζήτησις

145 586 287 643 μέντοι
309 585 481 640 οὐδεμία
498 589 582 629 τῶν
599 584 890 643 πεπραγμένων
913 587 1083 642 ἐγίνετο,
1119 586 1226 629 ἀλλὰ
1243 586 1296 628 τὰ
1317 583 1437 640 πάθη
1463 585 1627 640 ἀπροσ-

147 653 302 711 δόκητα
330 659 456 698 πᾶσιν
483 653 622 697 ἔπιπτε
651 657 719 698 καὶ
748 661 836 704 τοῖς
855 651 1112 699 πεπτωκόσιν
1132 654 1264 704 οὐδεὶς
1282 653 1425 710 ἤμυνε.
1495 652 1626 708 νόμου

147 723 196 767 δέ
222 741 330 774 τινος
361 722 387 778 ἢ
420 724 676 778 συμβολαίου
710 721 884 778 δύναμίς
914 741 976 774 τις
1010 725 1052 767 ἐν
1084 727 1144 783 τῷ
1178 724 1336 782 βεβαίῳ
1365 727 1442 777 τῆς
1472 720 1628 774 τάξεως

146 791 280 836 οὐκέτι
322 791 550 845 ἐλέλειπτο,
599 791 696 835 ἀλλ’
727 793 791 835 ἐπὶ
825 793 874 835 τὸ
903 789 1137 850 βιαιότερον
1167 790 1334 835 ἅπαντα
1363 791 1624 847 τετραμμένα
1648 801 1690 846 C,

91 874 137 910 10
148 859 457 918 ξυνεταράχθη,
507 862 716 918 τυραννίδι
745 878 790 904 τε
817 856 867 916 ἦν
898 862 1083 904 πολιτεία
1114 860 1295 918 ἐμφερὴς
1329 857 1536 914 μάλιστα,
1577 860 1626 903 οὗ

145 927 393 988 καθεστώσῃ
419 929 558 985 μέντοι
579 947 645 985 γε,
684 929 791 972 ἀλλὰ
810 930 918 973 καθ’
940 927 1117 985 ἑκάστην
1137 946 1182 972 τε
1205 928 1456 985 ἀμειβομένῃ
1477 931 1545 971 καὶ
1565 929 1628 972 ἀεὶ

145 997 364 1055 ἅρχομένῃ.
433 1003 516 1041 τῶν
542 1015 587 1041 τε
614 996 826 1055 ἀρχόντων
854 999 899 1041 αἱ
927 1002 1088 1055 γνῶμαι
1119 996 1256 1054 ὥσπερ
1283 998 1628 1053 ἐκπεπληγμέναις

144 1065 340 1126 ἔῴκεσαν,
378 1064 468 1116 ἑνὸς
499 1067 652 1123 ἀνδρὸς
681 1065 804 1126 φόβῳ
838 1066 1142 1122 δεδουλωμέναι
1173 1066 1221 1109 τὸ
1256 1064 1478 1123 φρόνημα,
1515 1068 1558 1109 οἵ
1583 1083 1627 1109 τε

144 1133 373 1187 δικάζοντες
403 1135 478 1185 τὰς
510 1133 612 1193 ὑπὲρ
642 1140 727 1179 τῶν
757 1135 1075 1191 ἀντιλεγομένων
1101 1133 1337 1189 ποιούμενοι
1359 1132 1527 1192 γνώμας
1550 1135 1629 1184 τὰς

87 1215 133 1251 15
145 1202 316 1260 ψήφους
345 1205 561 1256 ἐδίδοσαν,
596 1203 670 1258 οὐχ
699 1199 802 1261 ᾗπερ
836 1204 978 1254 αὐτοῖς
999 1202 1128 1247 ἐδόκει
1152 1201 1290 1246 δίκαιά
1312 1220 1355 1245 τε
1379 1205 1446 1246 καὶ
1471 1201 1628 1258 νόμιμα

145 1270 245 1315 εἶναι
254 1304 269 1325 ‚
303 1271 401 1314 ἀλλ’
427 1271 563 1329 ὥσπερ
584 1276 668 1316 τῶν
689 1273 997 1330 διαφερομένων
1018 1271 1178 1330 ἑκάστῳ
1199 1271 1252 1314 τὰ
1277 1272 1320 1313 ἔκ
1343 1276 1426 1314 τῶν
1447 1289 1628 1315 στασιω-

142 1345 226 1384 τῶν
245 1342 424 1395 δυσμενῆ
445 1357 487 1383 τε
509 1342 576 1384 καὶ
601 1344 701 1398 φίλα
722 1339 936 1397 ἐτύγχανεν
957 1340 1073 1386 ὄντα.
1117 1342 1291 1397 δικαστῇ
1314 1339 1392 1397 γὰρ
1418 1340 1630 1397 ὠλιγωρη-

143 1406 231 1452 κᾶτι
247 1413 321 1463 τῆς
334 1410 492 1452 ἐκείνων
507 1407 773 1466 προρρήσεως
793 1407 1015 1464 θάνατοςῆ
1033 1409 1155 1463 ζημία
1171 1408 1364 1464 ἐκέκριτο.
1401 1411 1468 1451 καὶ
1482 1411 1629 1452 πολλοὶ

140 1477 217 1531 μέν
244 1479 450 1519 δανεισταὶ
471 1478 523 1520 τὰ
543 1485 803 1534 γραμματεῖα
822 1485 910 1527 τοῖς
930 1475 1141 1535 ὠφληκόσι
1163 1477 1235 1532 ξῦν
1252 1478 1327 1536 βίᾳ
1348 1481 1485 1533 πολλῇ
1506 1477 1628 1520 οὐδὲν

85 1549 217 1592 20τοῦ
252 1543 493 1602 ὀφλήματος
522 1547 803 1601 κεκομισμένοι
835 1546 1062 1598 ἀπέδοντο,
1092 1546 1236 1588 πολλοὶ
1259 1546 1304 1587 δὲ
1327 1544 1418 1588 οὔτι
1442 1544 1622 1589 ἑκούσιοι
1646 1561 1679 1595 1)

142 1614 386 1671 ἐλευθέρους
411 1614 508 1664 τοὺς
537 1615 696 1665 οἰκέτας
733 1614 911 1672 ἀφῆκαν.
983 1615 1087 1672 φασὶ
1118 1614 1164 1656 δὲ
1191 1615 1259 1656 καὶ
1290 1612 1488 1670 γυναῖκάς
1510 1632 1629 1664 τινας

140 1683 275 1727 πολλὰ
297 1677 354 1726 ὧν
375 1681 449 1726 οὐκ
468 1681 689 1738 ἐβούλοντο
708 1691 796 1734 τοῖς
815 1683 954 1728 αὐτῶν
972 1681 1137 1733 δούλοις
1156 1681 1487 1740 ἀναγκασθῆναι.
1542 1684 1598 1740 ’ἥδ
1603 1703 1626 1740 η

232 1822 269 1862 4.
302 1824 486 1871 ξυγγενῶν
518 1827 560 1862 Α.
609 1827 794 1873 συγγενῶν
826 1827 869 1861 Ρ.
1008 1827 1046 1863 7.
1078 1825 1255 1872 ἔπιπτεν]
1284 1824 1483 1863 ἐπέπιπτεν
1506 1826 1628 1861 Reisk.

233 1875 269 1908 8.
294 1885 350 1913 τις
372 1872 464 1907 delet
487 1873 608 1909 Reisk.
732 1875 789 1909 13.
814 1871 998 1919 ἐῴκεσαν]
1021 1872 1198 1917 ἐῴκεισαν
1223 1874 1331 1909 Alem.
1456 1873 1541 1906 ibid.
1568 1875 1629 1907 ὀε-

234 1917 489 1963 δουλωμέναι]
524 1919 797 1964 δεδουλωμένοι
827 1923 868 1956 Α.
1012 1920 1069 1956 16.
1107 1922 1322 1956 στασιωτῶν
1357 1918 1434 1952 Ms.
1462 1919 1556 1952 Med.
1584 1920 1626 1955 P.

230 1966 466 2008 στρατιωτῶν
495 1966 538 2001 Α.
678 1968 733 2002 17.
764 1963 834 2011 γὰρ
868 1965 1005 2002 addidit
1044 1966 1168 2006 Reisk.
1307 1967 1366 2003 21.
1395 1976 1502 2007 τινας
1533 1963 1630 2011 πρὸς

230 2008 353 2047 πολλοὶ
376 2011 498 2047 ΚείιΚ.
545 2023 651 2055 τινας
672 2012 806 2049 πολλαὶ
829 2012 902 2050 ΑΡ.

136 2135 227 2183 plis,
256 2136 416 2183 interque
447 2136 691 2179 celebritates,
723 2148 765 2171 ac
789 2135 969 2182 religionis
993 2137 1086 2172 nulla
1109 2138 1190 2183 lege
1213 2137 1470 2183 iugularentur.
1518 2136 1627 2172 Nulla

137 2183 196 2217 vel
219 2182 312 2228 apud
337 2183 483 2224 amicos,
514 2183 571 2218 vel
595 2184 808 2228 propinquos
831 2183 898 2217 iam
921 2183 1060 2227 reliqua
1091 2184 1204 2227 fides,
1238 2196 1312 2219 cum
1338 2189 1374 2218 et
1397 2183 1542 2217 maxime
1567 2195 1629 2216 ne-

137 2229 366 2264 cessariorum
392 2228 528 2263 insidiis
553 2229 709 2275 plerique
733 2229 930 2263 interirent.
985 2230 1094 2265 Nulla
1118 2230 1362 2265 maleficiorum
1387 2230 1455 2264 fuit
1479 2229 1629 2275 inquisi-

137 2274 212 2316 tio,
237 2275 297 2309 sed
322 2274 508 2321 inopinatis
533 2275 660 2320 quique
685 2276 939 2310 calamitatibus
964 2276 1126 2320 oppressi
1151 2282 1242 2318 sunt,
1268 2280 1304 2310 et
1328 2276 1505 2322 oppressis
1529 2288 1628 2310 nemo

139 2330 217 2354 esse
239 2321 367 2355 auxilio
393 2320 517 2366 potuit.
564 2321 691 2356 Nullus
715 2322 826 2366 legum
851 2326 888 2355 et
909 2325 1175 2357 conventionum
1200 2323 1325 2367 vigor,
1349 2327 1513 2356 certusve
1533 2321 1629 2354 locus

139 2367 332 2411 superfuit,
356 2366 420 2401 sed
439 2367 665 2412 perturbate,
691 2379 823 2413 perque
846 2367 915 2402 vim
941 2367 1055 2402 omnia
1079 2369 1368 2403 decernebantur.
1417 2367 1629 2412 Respublica

139 2411 419 2456 degeneraverat
440 2413 478 2446 in
501 2413 670 2458 quoddam
695 2424 804 2458 genus
832 2413 1029 2458 tyrannidis
1061 2414 1294 2449 inconstantis
1319 2414 1455 2460 quidem
1482 2425 1523 2446 ac
1549 2424 1629 2446 ver-

140 2457 275 2501 satilis,
303 2458 367 2492 sed
397 2470 487 2493 novo
516 2470 651 2504 semper
684 2459 856 2505 principio
889 2461 1130 2504 erumpentis.·
1163 2461 1344 2504 Principes
1371 2459 1525 2506 perculsi
1554 2458 1631 2492 ani-

140 2503 228 2546 mis,
259 2509 296 2539 et
318 2505 420 2539 unius
442 2505 589 2539 hominis
610 2509 749 2539 terrore
771 2505 838 2539 visi
863 2509 942 2539 sunt
965 2505 1000 2540 in
1024 2507 1229 2540 servitutem
1254 2506 1383 2542 adacti.
1431 2505 1567 2539 Iudices
1593 2505 1630 2537 in

141 2549 326 2584 sententiis
349 2550 393 2584 de
417 2551 523 2585 rebus
548 2550 783 2586 controversis
807 2551 1077 2596 pronunciandis
1101 2564 1168 2587 non
1194 2552 1238 2587 ad
1258 2553 1372 2596 legum
1390 2550 1628 2597 praescripta;

142 2593 206 2628 sed
237 2599 276 2630 ut
307 2596 449 2630 factiosi
484 2606 569 2641 erga
601 2597 815 2642 litigatorum
849 2608 1019 2643 quemque
1050 2598 1107 2633 vel
1137 2599 1228 2633 bono
1260 2603 1379 2632 esseut
1404 2597 1537 2636 animo,
1573 2596 1630 2628 vei

141 2639 255 2682 maio,
293 2642 453 2676 ferebant
483 2642 660 2677 calculum.
709 2643 800 2677 Nam
831 2643 929 2678 iussa
960 2646 1173 2679 Venetorum
1203 2655 1372 2690 spernere
1406 2647 1484 2676 erat
1519 2640 1630 2674 iudici

141 2685 308 2730 capitale.
352 2687 410 2722 Ita
441 2689 599 2734 plerique
631 2688 823 2724 creditores
848 2690 1014 2734 compulsi
1047 2694 1129 2725 sunt
1151 2691 1388 2735 syngrapham
1413 2687 1631 2721 debitoribus

141 2731 315 2774 reddere,
344 2733 498 2768 fraudati
531 2735 691 2779 pecunia.
737 2735 919 2770 Libertate
950 2736 1010 2770 alii
1042 2737 1173 2770 donare
1205 2746 1350 2776 servos,
1382 2731 1629 2777 mancipiorum

145 2777 399 2824 cupiditatibus
420 2791 546 2826 parere
568 2781 752 2825 mulieres,
786 2781 845 2817 vel
875 2787 1113 2828 repugnantes
1137 2786 1281 2817 coactae
1305 2784 1396 2818 sunt-
1442 2779 1514 2814 Iam
1547 2789 1631 2814 vero
