1858 3126
310 156 402 201 120
887 162 1152 205 PROCOPII

304 276 392 321 λαις
408 271 623 329 ἐπράσσετο
643 278 728 321 ταῖς
750 273 791 313 ἓν
813 275 1015 329 Βυζαντίῳ
1035 274 1188 329 ἀρχαῖς.
1254 274 1476 329 πανταχόθι
1501 277 1633 330 με’ντοι
1663 283 1734 332 τῆς

185 344 212 377 Ρ
237 347 279 382 61
298 337 502 392 Ῥωμαίων
530 345 602 394 γῆς
630 337 650 380 ὃ
687 340 962 388 Ἰουστινιανὸς
996 341 1112 381 ἐποίει
1146 339 1252 382 τάδε.
1327 344 1420 393 τοὺς
1443 343 1734 400 πονηροτάτους

301 410 381 448 τῶν
408 407 633 462 ἀνθρώπιον
663 405 949 458 ἀπολεξάμενος
986 406 1239 463 διεφθάρθαι
1268 408 1474 452 ἀπεδίδοτο
1504 411 1575 460 τὰς
1607 413 1732 467 ἀρχὰς

303 476 415 529 σφίσι
433 472 650 529 χρημάτων
671 471 864 527 μεγάλων.
932 473 1109 529 σώφρονι
1126 475 1202 529 γὰρ
1227 475 1375 529 ἀνδρὶῆ
1392 478 1578 527 ξυνέσεως
1600 476 1732 520 ὅπωσ-

300 546 410 582 τιοῦν
435 539 696 595 μεταλαχόντι
727 540 854 580 ἔννοια
881 541 1042 592 οὐδεμία
1063 542 1208 595 ἐγένετο
1220 540 1412 596 χρήματα
1443 547 1566 586 uiscera
1595 548 1764 600 προ’ί·ε-5

301 611 425 656 σθαι,
464 609 531 663 ἐφ’
562 602 593 663 ᾧ
620 607 668 659 δὴ
698 606 791 655 τοὺς
821 607 935 648 οὐδὲν
964 608 1199 662 ἠδικηκότας
1224 610 1411 662 ληίζηται.
1478 609 1594 652 τοῦτό
1622 628 1663 653 τε
1685 612 1730 653 τὸ

295 676 462 729 χρυσίον
478 674 578 728 πρὸς
598 678 675 714 τῶν
691 674 996 726 ξυμβαλλόντων
1015 676 1292 727 κεκολιιισιιιένος
1311 677 1350 724 ἐς
1370 677 1440 730 τὴν
1459 678 1637 726 ἐξουσίαν
1660 679 1735 720 αὖ·-

300 741 394 789 τούς
417 742 613 793 ἓνεβίβαζε
641 745 712 783 τοῦ
743 741 835 789 τοὺς
859 741 1077 794 κατηκόους
1106 741 1234 783 πάντα
1264 742 1511 797 ἐργάζεσθαι.
1579 745 1655 800 ἀφ)
1681 739 1735 786 ὧν

301 806 462 860 ἔμελλον
485 808 557 858 τὰς
571 805 710 863 χώρας
726 808 858 856 αὐτοῖς
879 807 1107 864 ἀνθρώποις
1126 810 1360 860 ἀπολοῦντες
1379 809 1538 859 ἁπάσας
1555 810 1736 853 πλούσιοι

299 874 346 915 τὸ
365 875 500 915 λοιπὸν
519 875 683 915 ἔσεσθαι
708 875 831 916 αὐτοί.
900 876 936 916 οἳ
961 876 1004 917 δὲ
1025 877 1096 924 τὰς
1122 881 1199 917 τῶν
1219 876 1367 918 πόλεων
1387 878 1505 930 τιμὰς
1524 879 1585 918 ἐπὶ
1606 876 1735 931 τόκοις
1749 883 1792 916 10

302 939 443 996 ἆδροῖς
463 959 564 983 τισιν
586 942 664 982 ἀπὸ
684 946 755 994 τῆς
774 943 966 996 τραπέζης
989 943 1276 995 δεδανεισμένοι
1303 946 1368 984 καὶ
1386 948 1442 1001 τῷ
1461 945 1737 1001 ἀποδεδομένῳ

303 1008 678 1063 ἀπαριθμήσαντες,
714 1010 846 1062 ἐπειδὴ
876 1011 1047 1063 ἐγένοντο
1080 1011 1119 1050 ἕν
1150 1016 1237 1059 ταῖς
1269 1009 1428 1061 πόλεσι,
1457 1015 1588 1053 πᾶσαν
1614 1016 1739 1053 κακοῦ

247 1087 277 1121 Β
304 1077 410 1116 ἰδέαν
427 1077 466 1123 ἐς
482 1076 574 1124 τοὺς
594 1075 835 1130 ἀρχομένους
854 1076 912 1116 ἀεὶ
936 1075 1214 1130 ἐνδεικνύμενοι
1233 1078 1303 1118 οὐκ
1322 1078 1443 1119 ἄλλου
1460 1094 1530 1120 του
1548 1081 1588 1120 ἒν
1603 1081 1738 1133 ἐπιμε-

303 1144 386 1199 λειά
407 1144 649 1183 καθίσταντο
677 1159 700 1194 η
730 1142 837 1190 ὅπως
866 1150 947 1191 τοῖς
969 1142 1163 1198 χρήσταις
1180 1145 1230 1185 τὰ
1251 1142 1534 1199 ὡμολογημένα
1546 1147 1739 1189 τελέσειαν

303 1210 369 1252 καὶ.
391 1210 502 1250 αὐτοὶ.
521 1209 565 1251 τὸ
586 1209 724 1248 λοιπὸν
743 1209 782 1248 ἓν
803 1216 885 1258 τοῖς
914 1208 1225 1259 πλουσιωτάτοις
1250 1210 1475 1260 τετάξονται
1486 1243 1499 1262 ,
1532 1213 1603 1254 οὐκ
1628 1212 1738 1265 ἕχον-υ
1751 1217 1794 1252 15

302 1291 370 1323 τος
394 1276 528 1323 αὐτοῖς
555 1274 732 1316 κίνδυνόν
765 1292 851 1315 τινα
881 1275 906 1328 ἢ
934 1275 1052 1331 ὕβριν
1074 1281 1144 1318 τοῦ
1166 1277 1279 1332 ἔργον
1291 1308 1305 1328 ,
1342 1278 1529 1335 φέροντος
1555 1279 1653 1321 δέ-τι
1675 1280 1741 1320 καὶ

302 1341 421 1395 δόξης
439 1346 604 1394 μᾶλλον,
633 1341 713 1398 ὅσῳ
735 1343 799 1382 καὶ
818 1344 974 1392 πλείους
993 1348 1071 1384 τῶν
1089 1346 1202 1399 σφίσι
1221 1344 1591 1400 παραπεπτωκότων
1613 1346 1742 1387 οὐδενὶ

191 1421 216 1452 Α
236 1422 280 1456 93
304 1408 406 1465 λόγῳ
429 1411 724 1458 ἀποκτείναντες
744 1410 951 1462 ληίζεσθαι
972 1410 1120 1463 ἴσχυον.
1187 1411 1232 1452 τὸ
1262 1412 1338 1467 γὰρ
1359 1417 1428 1453 τοῦ
1449 1413 1599 1468 φονέως
1617 1430 1657 1457 τε
1676 1414 1742 1455 καὶ

302 1480 449 1531 λῃστοῦ
473 1475 598 1528 ὄνομα
619 1478 658 1524 ἒς
678 1476 722 1516 τὸ
745 1480 817 1516 τοῦ
837 1479 1077 1532 δραστηρίου
1099 1478 1233 1526 αὐτοῖς
1252 1479 1539 1534 ἀποκεκρίσθαι
1561 1480 1742 1532 ξυνέβαι-

301 1560 377 1584 νεν.
446 1542 565 1591 ὅσους
589 1544 722 1595 μέντοι
751 1547 830 1585 τῶν
857 1542 1024 1596 ἐχόντων
1046 1545 1172 1599 ἀρχὰς
1193 1545 1341 1601 ᾔσθετο
1364 1544 1522 1602 πλούτῳ
1545 1545 1741 1599 ἀκμάζον-
1752 1553 1798 1588 20

301 1627 396 1660 τας,
431 1609 596 1658 τούτους
631 1610 672 1650 δὲ
702 1608 874 1662 σκήψεσι
905 1610 1150 1664 σαγηνεύσας
1180 1611 1302 1660 εὐθὺς
1327 1611 1483 1654 ἅπαντα
1517 1612 1743 1667 συλλήβδην

303 1678 495 1732 ἀφῃρεῖτο
524 1676 574 1718 τὰ
598 1675 804 1731 χρήματα.
871 1677 972 1730 μετὰ
1000 1678 1042 1718 δὲ
1069 1677 1190 1730 νόμον
1219 1678 1313 1727 τοὺς
1341 1679 1414 1728 τὰς
1445 1679 1572 1734 ἀρχὰς
1594 1679 1743 1736 ἔγραψε

251 1763 284 1798 1)
306 1742 513 1797 μετιόντας
542 1742 707 1796 ὀμνύναι
734 1738 760 1797 ἦ
784 1744 864 1796 μὴν
894 1744 1102 1799 καθαροὺς
1123 1744 1199 1786 ἀπὸ
1226 1743 1356 1799 πάσης
1373 1749 1522 1800 κλοπῆς
1540 1751 1648 1803 σφᾶς
1670 1748 1745 1787 αὖ·-

394 1838 429 1872 3.
455 1839 543 1870 Ante
561 1834 796 1878 διεφθάρθαι
818 1836 952 1871 videtur
976 1836 1098 1880 aliquid
1122 1837 1295 1871 excidisse.
1318 1838 1441 1874 Rmsx.
1573 1840 1606 1875 8.
1623 1837 1746 1874 πάντα

395 1882 501 1916 Alem.
528 1881 566 1914 Ρ.
612 1882 758 1919 πάντας
775 1883 816 1915 Α.
973 1883 995 1918 9
1027 1879 1155 1920 αὐτοῖς
1175 1879 1389 1925 ἀνθρώποις
1412 1883 1513 1919 Alem.
1536 1885 1576 1920 P.
1622 1883 1748 1918 αὐτῶν

397 1923 592 1969 ἅνθρωποι
617 1925 652 1958 οἱ
671 1927 712 1960 Α.
862 1926 918 1962 14.
941 1922 964 1969 ἢ
991 1922 1090 1964 ὅπως
1111 1927 1218 1960 Alem.
1238 1928 1277 1961 P.
1322 1924 1346 1971 ἢ
1372 1939 1437 1962 om.
1460 1930 1501 1964 A.
1637 1930 1689 1964 16.
1712 1942 1748 1964 τι

397 1972 503 2005 Alem.
549 1982 608 2004 τοι
631 1971 701 2003 AP.
899 1973 953 2005 17.
982 1968 1106 2005 οὐδενὶ
1137 1970 1230 2018 λόγῳ
1261 1972 1365 2007 Alem.
1395 1973 1434 2008 P.
1489 1972 1585 2020 λόγῳ
1613 1985 1677 2008 om.
1703 1976 1747 2008 A.

398 2019 455 2050 21.
481 2013 635 2054 τούτους
657 2013 709 2058 δὲ]
733 2013 889 2057 τούτους
912 2013 957 2059 δή
982 2016 1097 2050 Reisk.

308 2093 376 2127 Per
396 2092 496 2124 urbes
521 2103 603 2125 vero
638 2092 766 2135 imperii
782 2092 923 2126 Romani
943 2092 1144 2126 Iustinianus
1162 2093 1394 2137 perditissimis
1409 2093 1594 2140 quibusque
1609 2095 1749 2131 homini-

307 2138 371 2170 bus
388 2147 547 2180 perquam
563 2137 692 2170 maximi
709 2139 936 2182 praefecturas
954 2138 1089 2179 locavit,
1113 2139 1154 2170 ab
1173 2139 1235 2171 illis
1252 2140 1367 2183 utique
1382 2140 1627 2174 deformandas,
1674 2141 1749 2174 Nec

311 2181 396 2214 enim
416 2182 466 2213 vir
483 2182 655 2226 quisquam
670 2183 871 2224 moderatus,
895 2182 952 2216 vel
967 2182 1023 2227 qui
1041 2183 1202 2217 tantulum
1218 2188 1362 2227 saperet,
1386 2195 1450 2228 quo
1467 2185 1614 2219 insontes
1629 2186 1750 2230 expul-

311 2237 381 2260 sum
397 2226 462 2258 iret
478 2226 619 2259 fortunis
630 2254 639 2269 ‚
658 2237 735 2259 suas
751 2227 812 2259 sibi
828 2233 979 2271 putasset
995 2228 1230 2271 prodigendas.
1278 2229 1345 2263 Ubi
1361 2229 1532 2272 pecuniam
1549 2229 1750 2264 lastinianus

311 2270 499 2313 accepisset
529 2271 572 2304 ab
597 2270 656 2313 iis,
681 2271 874 2314 quibuscum
901 2272 1144 2316 pacisceretur,
1175 2273 1237 2307 iam
1264 2273 1327 2306 illis
1351 2274 1573 2308 concidendos
1595 2275 1750 2319 populos,

339 2315 566 2358 rovinciasque
592 2316 827 2359 permittebat,
861 2328 903 2350 ex
928 2327 1063 2360 quarum
1087 2317 1259 2351 eversione
1281 2318 1401 2352 divites
1419 2318 1483 2363 ipsi
1501 2319 1603 2352 futuri
1619 2323 1743 2355 essent.

312 2326 360 2394 {li
383 2370 502 2401 magno
526 2361 662 2393 foenore
684 2361 832 2404 acceptis
855 2365 967 2394 mutuo
984 2363 1263 2406 praefecturarum
1287 2363 1419 2407 pretiis,
1442 2375 1483 2396 ac
1503 2363 1545 2396 de
1560 2374 1672 2396 mensa
1687 2375 1750 2408 pu-

313 2404 402 2438 blica
422 2404 560 2436 Caesari
578 2405 766 2446 numeratis,
791 2416 863 2438 cum
878 2406 912 2438 in
930 2407 1109 2450 provinciis
1125 2412 1238 2447 erant,
1261 2407 1468 2451 iniquissimis
1486 2407 1589 2441 modis
1605 2409 1751 2452 accipie-

314 2448 396 2481 bant
410 2449 559 2482 subditos
572 2475 582 2492 ,
607 2454 645 2482 ut
659 2450 801 2483 servatis
817 2451 902 2483 omni
917 2451 1026 2484 studio
1043 2452 1246 2485 foeneratori
1261 2452 1399 2492 tabulis,
1418 2451 1462 2484 ad
1477 2463 1559 2496 opes
1577 2453 1639 2498 ipsi
1657 2463 1752 2496 mag-

315 2504 376 2526 nas
400 2494 574 2532 venirent3
598 2495 794 2537 praesertim
816 2506 889 2529 cum
915 2495 957 2528 ob
982 2507 1052 2529 eam
1076 2507 1143 2529 rem
1159 2508 1200 2529 ne
1216 2497 1291 2540 lege
1307 2496 1563 2540 repetundarum
1578 2498 1631 2531 vel
1644 2509 1751 2542 poena

315 2542 530 2582 tenerentur,
555 2537 604 2570 eis
620 2538 797 2572 timendum
815 2551 878 2572 non
894 2541 984 2573 soret
995 2567 1005 2582 ,
1028 2540 1106 2583 quin
1122 2541 1227 2575 maior
1245 2552 1306 2584 pro
1322 2540 1524 2574 immanitate
1545 2542 1694 2576 caedium
1711 2553 1752 2576 ac

317 2583 506 2626 rapinarum
529 2582 633 2626 gloria
655 2583 838 2626 speranda3
864 2585 1127 2628 quandoquidem
1155 2596 1268 2619 eorum
1286 2585 1446 2619 scelerum
1462 2586 1592 2622 nomina
1609 2587 1674 2621 iam
1687 2587 1752 2620 inis

317 2627 500 2660 industriae
525 2630 745 2662 verterentur.
802 2628 926 2661 Verum
954 2629 1152 2662 Iustinianus
1175 2635 1350 2674 postquam
1373 2630 1487 2664 horum
1510 2642 1674 2676 quemque
1694 2631 1753 2675 qni

317 2672 532 2714 magistratus
547 2671 720 2711 haberent,
740 2672 884 2705 evasisse
899 2673 1178 2716 opulentissimum
1193 2674 1417 2716 observasset,
1436 2675 1606 2709 calumniis
1620 2677 1752 2711 irretito

318 2727 431 2750 omnes
448 2716 575 2749 omnino
592 2717 749 2760 pecunias
763 2716 850 2750 illico
867 2717 1024 2751 detraxit.
1073 2719 1198 2761 Legem
1222 2719 1419 2764 scripserat,
1443 2725 1481 2753 ut
1498 2720 1555 2764 qui
1577 2721 1754 2764 magistra-

319 2765 374 2795 tus
397 2761 654 2807 provinciasque
668 2766 842 2808 peterent,
864 2766 1070 2798 sacramento
1090 2763 1325 2809 profiterentur
1349 2764 1446 2800 nullis
1467 2776 1506 2800 se
1527 2774 1671 2811 unquam
1695 2775 1754 2800 ra·-
