1800 3126
318 143 418 190 462
765 146 825 190 IN
855 145 998 189 HIST.
1031 145 1286 192 ARGANAM

317 248 492 316 πάροδον
502 250 615 320 μέχων
628 248 733 303 παρὰ
751 254 806 305 τῷ
823 252 976 303 βασιλεῖ
989 251 1055 292 καὶ
1078 249 1262 307 Θεοδωρα
1278 256 1328 321 τῇ
1348 254 1550 309 βασιλίσσῃ
1577 255 1740 308 maone&-

317 303 436 354 δάξας
463 323 536 358 την
564 304 694 346 αυτῶν
731 292 929 358 εὐσέβειαν
958 308 1013 354 εἰς
1042 303 1163 359 ὄργην
1192 306 1289 347 κατιὶ
1319 313 1397 348 τῶν
1425 309 1466 349 ἐν
1496 312 1737 366 Παλαιστίνη

317 365 563 413 Χριστιανῶν
583 359 812 413 ὀρθοδόξων
831 365 978 401 πιστῶν
995 366 1183 413 κεκίνηκε.
1206 363 1399 401 Arseniu-s·
1417 364 1580 414 quidam
1600 350 1738 417 digni-

315 425 396 455 tate
424 419 597 454 illustris²
613 417 786 466 fiio-ilem
812 419 938 454 neseio
962 431 1045 468 qua
1072 431 1116 454 ex
1143 431 1265 455 causa
1286 417 1442 456 aditum
1457 420 1602 458 habuit
1626 419 1740 471 apud

315 475 585 524 imperatorem
605 479 640 508 et
662 471 901 509 Theodoram
914 473 1158 524 Augustam,
1180 472 1423 524 quodfalsis
1439 476 1738 514 narrationibus

315 536 451 565 contra
469 528 731 575 Christianos,
762 530 831 578 qui
849 530 890 565 in
911 530 1146 565 Palaestina
1165 529 1323 579 degunt,
1351 531 1577 569 concitavit.
1631 531 1737 568 Sub-

316 583 372 620 dit
399 585 632 633 Procopius,
670 584 860 620 sentiebat
896 585 963 620 ille
994 597 1081 620 cum
1105 585 1326 631 Samen-itis,
1369 597 1504 622 verum
1529 593 1736 623 netantae

315 641 510 689 potentiae
538 641 728 675 iacturam
757 639 920 686 faceret,
953 638 1259 676 Christianorum
1287 639 1360 676 sibi
1395 640 1568 677 consulto
1591 653 1735 678 nomeu

316 694 541 730 adsciverat.
598 696 766 744 Nempe,
795 702 839 730 ut
864 693 970 731 idem
1000 696 1167 745 Cyrillus
1194 701 1334 742 narrat,
1365 708 1454 731 cum
1481 701 1633 733 sauctus
1660 697 1734 734 Sa-

314 749 382 786 bas
404 751 779 799 Constantinopolim
797 752 1037 799 pervenisset
1056 749 1361 788 Christianorum
1381 751 1622 788 Palaestinae
1642 763 1735 788 cau-

315 818 400 841 sam
429 812 592 851 acturus,
622 819 643 841 a
673 818 748 855 quo
779 806 852 842 sibi
882 807 998 842 etiam
1027 813 1142 857 atque
1172 807 1290 842 etiam
1315 806 1488 853 timebat,
1517 806 1566 843 ob
1593 819 1735 856 paren-

314 862 364 897 tis
390 867 427 896 et
448 861 575 897 fratris
596 862 637 896 in
659 859 895 898 Christianos
915 863 1159 898 Palaestinae
1180 862 1393 908 saevitiam,
1418 860 1599 912 quodque
1621 861 1735 898 ambo

315 915 625 952 crudelissimum
664 929 708 952 ea
747 915 795 952 de
834 929 948 953 causa
984 918 1218 967 supplicium
1247 915 1466 963 dedissent3
1507 915 1736 967 Scythopoli

315 973 421 1007 enim
448 984 467 1006 a
489 970 715 1008 Christianis
739 971 918 1008 incendio
941 973 1182 1019 interierunt,
1215 970 1320 1022 quod
1346 971 1453 1008 idem
1471 971 1591 1008 Sabas
1610 972 1735 1008 multo

314 1034 402 1063 ante
430 1026 690 1076 praedixerat.
747 1024 939 1077 Σιλβανός
967 1043 1019 1073 ως
1047 1027 1111 1066 ἐπι
1133 1024 1300 1095 εἰρήνης
1325 1025 1367 1066 ἐν
1383 1024 1635 1066 Σκυθοπόλει
1662 1027 1736 1065 εἰσ-

312 1079 443 1120 ελθων
483 1097 601 1133 χωρις
637 1078 846 1127 κελεύσεως
878 1083 1080 1132 βασιλικῆς
1119 1080 1305 1134 ἆρπαγεὶς
1339 1079 1417 1122 ὑπὸ
1451 1084 1530 1120 τῶν
1557 1084 1750 1134 Χριστια-.

308 1151 393 1175 νων
423 1137 478 1182 εἰς
505 1135 548 1176 τὸ
577 1136 695 1187 μέσον
734 1133 887 1188 ἐκαύθη
915 1140 985 1189 τῆς
1019 1133 1417 1184 πόλεως.811νεωιιε
1444 1138 1600 1174 Arsenii
1625 1143 1736 1188 pater

307 1191 403 1239 fuit,
432 1199 475 1228 ut
503 1193 671 1242 Cyrillus
700 1191 861 1228 ibidem.

417 1248 594 1296 P.150‚
629 1247 690 1286 14.
749 1248 874 1284 Nullo
897 1248 1098 1297 principes
1125 1246 1339 1315 affecerunt
1363 1245 1625 1294 incommodo,
1653 1247 1736 1283 nisi

307 1300 418 1353 quod
452 1305 565 1353 regia
594 1302 853 1352 prohibuere]
890 1302 1013 1339 Addit
1041 1303 1228 1353 Cyrillus,
1264 1298 1458 1369 Ἀρσὲνιος
1486 1297 1644 1353 οἷφανῆς
1671 1301 1735 1342 ἐπὶ

306 1354 454 1409 χρόνον
491 1358 626 1410 γέγονε
674 1373 745 1397 του
789 1357 975 1409 βασιλέως
1010 1354 1285 1398 Ἰουστινιανοῦ
1322 1353 1583 1410 ἀναιρεθῆναι
1620 1353 1735 1398 αὐτὸν

305 1410 573 1460 κελεύσαντος.
628 1413 825 1451 Amnius
859 1427 899 1450 se
927 1411 985 1450 ad
1011 1420 1161 1464 tempus·
1189 1413 1380 1461 occuluit,
1421 1411 1528 1463 quod
1554 1426 1642 1450 eum
1671 1414 1736 1449 in-

305 1470 430 1518 terfici
458 1470 618 1506 iusserit
645 1471 871 1518 imperator.
931 1468 977 1505 Id
1005 1469 1166 1506 fortasse
1200 1482 1270 1519 per
1297 1469 1487 1518 speciem3
1518 1481 1636 1519 quare
1663 1481 1734 1519 per

161 1527 194 1560 A
218 1527 281 1562 109
305 1526 597 1562 simulationem
626 1531 664 1561 et
692 1527 776 1575 ipse
799 1523 1107 1562 Christianorum
1129 1524 1324 1575 mysteriis
1346 1530 1432 1560 tum
1459 1530 1517 1560 est
1545 1525 1734 1561 initiatus.

414 1582 460 1617 P.
489 1581 576 1628 151,
607 1583 645 1620 3.
713 1579 954 1617 ,Theodoram
980 1579 1154 1630 offindit,
1184 1593 1287 1629 quae
1310 1581 1522 1616 contrariis
1553 1579 1735 1616 Caesaris

304 1633 473 1682 studiis,
512 1643 558 1671 ut
587 1635 699 1685 infra
727 1634 884 1682 dicam,
922 1649 968 1671 ea
998 1638 1040 1671 in
1075 1649 1116 1672 re
1151 1636 1229 1671 niti
1258 1635 1347 1670 visa
1374 1635 1451 1684 est]
1499 1633 1546 1670 Id
1584 1641 1660 1682 est,
1693 1636 1736 1671 in

306 1703 421 1726 causa
450 1689 778 1727 Chalcedonensis
808 1691 982 1736 couciliir,
1011 1703 1103 1726 nam
1127 1690 1361 1726 Iustinianus
1391 1689 1608 1739 συνοδίτης,
1638 1703 1735 1726 con-

305 1747 463 1782 ciliaris
495 1753 597 1782 erat:
628 1753 783 1794 contra,
814 1745 1025 1783 Theodora
1054 1744 1262 1781 damnabat
1291 1757 1378 1780 eam
1405 1743 1618 1794 synodum,
1648 1757 1735 1782 am-

302 1802 545 1851 plectebatur
571 1802 771 1848 Severum,
802 1799 1044 1851 Acephalos,
1075 1798 1383 1850 Mmmphysstas,
1412 1797 1733 1850 Theopaschitas,

304 1863 344 1892 et
382 1858 477 1894 alios
517 1858 598 1893 eius
641 1858 827 1906 temporis
867 1858 1102 1893 Haereticos.
1158 1854 1255 1893 Vide
1282 1857 1423 1904 Evagr.
1458 1855 1486 1891 l.
1509 1854 1549 1894 4.
1604 1857 1734 1893 Victor

302 1912 436 1948 Tunn.
468 1911 518 1948 ad
547 1913 792 1948 consulatum
819 1913 976 1958 Basilii,
1011 1919 1049 1948 et
1076 1909 1125 1948 ad
1155 1911 1342 1948 consulat.
1370 1910 1492 1946 Decii.
1558 1909 1735 1948 Theodo-

302 1981 370 2003 rae
397 1968 610 2018 Augustae
629 1969 764 2016 factio
799 1981 922 2004 unum
951 1965 998 2003 de
1025 1967 1225 2004 Trinitate
1246 1979 1416 2016 passum
1444 1978 1620 2002 asserens·
1654 1979 1734 2004 non

159 2023 193 2057 V
212 2023 278 2059 379
301 2022 520 2059 secundum
559 2022 677 2073 quid,
720 2021 790 2059 sed
816 2023 1014 2070 absolute,
1054 2020 1347 2071 suscipiendum
1379 2021 1532 2056 cuncti-9
1555 2022 1735 2070 generali

301 2079 384 2128 lege
411 2079 599 2128 imponit,
634 2086 671 2114 et
704 2093 730 2114 a
759 2079 911 2114 clericis
941 2085 1061 2128 atque
1089 2076 1291 2113 monachis
1317 2074 1621 2125 subscriptiones
1646 2078 1734 2113 vio-

300 2134 420 2169 lenter
449 2135 586 2182 exegit.
642 2134 807 2170 Sanctus
838 2133 980 2179 Sabas,
1019 2139 1063 2168 ut
1092 2132 1258 2183 Cyrillus
1293 2131 1427 2178 refert,
1468 2143 1575 2168 orare
1605 2132 1734 2169 noluit

299 2201 369 2238 pro
410 2189 566 2235 sobole,
609 2200 728 2238 quam
765 2188 839 2224 sibi
867 2186 1077 2224 Theodora
1114 2185 1273 2224 concedi
1302 2199 1324 2222 a
1352 2184 1424 2222 deo
1451 2186 1627 2236 petebat,
1665 2186 1733 2226 ἵνα

297 2240 356 2312 μὴ
387 2243 428 2282 οι
454 2243 536 2282 υἱοὶ
566 2239 688 2293 αὐτῆς
720 2258 800 2281 των
822 2238 1003 2294 Σευήρου
1031 2238 1237 2292 θηλασωσι
1265 2237 1488 2305 δογματων,
1525 2241 1591 2281 καὶ
1618 2243 1732 2295 χείρω

297 2294 552 2337 ’Λνασπασίου
580 2296 774 2349 ταράξωσι
802 2295 875 2348 τήν
904 2297 1124 2348 ἐκκλησίαν.
1183 2298 1262 2345 Ne,
1295 2297 1495 2347 inquiens,
1520 2298 1604 2334 eius
1632 2311 1733 2360 quo..

300 2367 376 2406 que
395 2353 483 2402 jilii
511 2355 640 2390 Severi
668 2352 861 2403 dogmata
886 2359 1113 2403 gustarent,
1143 2358 1178 2388 et
1206 2365 1324 2402 quam
1352 2351 1598 2389 Anastasius
1621 2354 1733 2403 peri-

295 2409 471 2446 culosius
493 2409 694 2444 ecclesiam
707 2408 996 2458 perturbarent.
1054 2410 1179 2454 Quare
1203 2409 1262 2444 bis
1287 2406 1530 2445 anathemate
1554 2409 1732 2458 perculsa

298 2471 369 2511 est,
400 2464 522 2501 semel
552 2464 598 2500 ab
627 2466 817 2514 Agapeto,
847 2471 891 2500 ut
918 2464 1026 2500 idem
1053 2466 1185 2502 Victor
1213 2462 1379 2499 affirmat
1408 2460 1459 2498 ad
1486 2463 1731 2500 consulatum

295 2521 457 2567 Iustini3
493 2520 635 2556 iterum
674 2533 695 2555 a
730 2520 885 2568 vigilio.
943 2520 1109 2556 Sanctus
1146 2519 1354 2568 Gregorius
1390 2517 1418 2554 l.
1454 2519 1480 2558 9
1521 2519 1631 2568 epist.
1662 2521 1729 2560 36.

298 2574 567 2613 recordandae
595 2576 802 2611 memoriae
834 2575 1017 2624 Vigilius
1046 2587 1162 2624 papa
1200 2575 1242 2610 in
1279 2572 1371 2609 urbe
1398 2573 1510 2622 regia
1537 2574 1731 2609 constitu.

298 2638 366 2667 tus
394 2638 531 2667 contra
563 2629 808 2667 Theodoram
837 2636 933 2666 tanc
959 2630 1211 2680 Augustam,
1246 2634 1281 2664 et
1307 2627 1532 2678 Aeeplzaloe
1559 2626 1731 2664 damna-

299 2687 422 2722 tionis
442 2686 722 2736 promulgavit
749 2686 989 2722 sententiam.
1048 2683 1160 2730 Quod
1196 2682 1261 2720 hic
1297 2682 1345 2719 de
1376 2683 1538 2720 concilio
1566 2681 1730 2720 Chalce-

301 2740 486 2790 donensi,
533 2748 571 2778 et
608 2741 657 2778 de
695 2741 895 2778 contrariis
941 2740 1176 2778 factionibus
1213 2738 1408 2776 dicturum
1444 2751 1486 2776 se
1523 2739 1729 2789 pollicetur
