1858 3126
283 162 346 208 64
867 165 1131 209 PROCOPH

281 273 574 330 περιβαλέσθαι
604 273 629 329 ἡ
661 272 856 332 Θεοδώρα
888 276 1014 324 εὐθὺς
1037 275 1189 330 ἴσχυσε.
1260 273 1423 320 πάντων
1447 278 1525 334 γὰρ
1550 275 1717 333 ἥδιστον

276 347 336 400 τῷ
366 340 576 400 ἀνθρώπῳ
605 344 809 399 ἐφαίνετο,
849 343 870 385 ὃ
892 344 942 398 δὴ
963 345 1193 397 ξυμβαίνειν
1209 351 1293 393 τοῖς
1313 343 1490 394 ἐκτόπως
1510 346 1628 402 ἐρῶσι
1647 362 1718 401 φι-

277 414 359 461 λεῖ,
393 408 565 465 χάριτάς
594 427 636 452 τε
668 408 803 459 πάσας
830 412 896 452 καὶ
920 410 1111 466 χρήματα
1141 409 1275 453 πάντα
1293 416 1344 468 τῇ
1365 412 1542 468 ἐρωμένῃ
1556 413 1718 468 χαρίζε-

278 482 395 519 σθαι.
468 474 614 532 ἐγίνετό
647 494 689 518 τε
723 476 748 530 ἢ
781 478 1013 520 πολυτέλεια
1044 482 1117 520 τοῦ
1147 478 1295 532 ἔρωτος
1326 481 1445 521 τοῦδε
1465 477 1717 533 ὑπέκκαυμα.

279 544 351 594 ξὺν
372 543 477 601 αὐτῇ
495 545 628 586 τοίνυν
649 548 786 601 πολλῷ
808 544 864 586 ἔτι
884 549 1041 598 μᾶλλον
1059 546 1128 587 τὸν
1149 548 1278 598 δῆμον
1305 545 1530 602 διέφθειρεν
1555 546 1628 589 οὐκ
1653 547 1750 589 {vv-5

278 615 422 653 ταῖθα
455 609 602 664 μόνον,
640 611 733 652 ἀλλ’
769 611 847 654 ἀνὰ
879 616 1014 654 πᾶσαν
1046 613 1118 666 τὴν
1147 611 1354 666 Ῥωμαίων
1383 611 1524 669 ἀρχήν.
1595 611 1720 670 ἄμφω

277 678 355 733 γὰρ
378 679 527 734 μοίρας
547 682 618 732 τῆς
636 678 817 720 Βενὲτων
838 681 881 721 ἐκ
903 684 1079 721 παλαιοῦ
1101 679 1213 728 ὄντες
1230 681 1271 721 ἐν
1293 684 1422 736 πολλῇ
1443 681 1603 740 ἐξουσίᾳ
1623 678 1722 723 τού-

279 762 365 793 τοις
399 746 448 799 δὴ
482 752 567 793 τοῖς
596 744 840 795 στασιώταις
865 746 917 788 τὰ
948 749 988 795 ἐς
1015 747 1087 800 τὴν
1108 748 1307 788 πολιτείαν
1325 746 1466 789 ἔθεντο
1487 744 1720 802 πράγματα.

229 820 258 853 Β
277 810 413 870 χρόνῳ
438 813 482 854 δὲ
505 817 643 869 πολλῷ
666 812 835 869 ὕστερον
854 814 899 855 τὸ
923 819 1107 856 πλεῖστον
1125 818 1198 856 τοῦ
1219 818 1344 856 κακοῦ
1367 812 1604 870 ἐλελωφήκει
1623 812 1722 870 τρό-

282 897 346 937 πῳ
367 882 523 937 τοιῷδε.
590 880 860 938 Ἰουστινιανῷ
878 883 917 922 ἐν
934 880 1102 936 ἡμέραις
1122 885 1290 930 πολλαῖς
1309 885 1477 935 νοσῆσαι
1493 881 1651 935 ξυνέβη,
1679 881 1720 922 ἐν
1734 886 1776 919 10

281 948 327 988 δὲ
342 951 393 1003 τῇ
413 945 520 1004 νόσῳ
540 945 670 1004 ταύτῃ
692 949 730 997 ἐς
751 946 871 990 τόσον
892 947 1076 990 κινδύνου
1095 948 1260 1004 ἀφίκετο
1283 948 1384 998 ὥστε
1404 950 1469 991 καὶ
1490 947 1634 1002 ἐλέχθη
1661 946 1722 990 ὅτι

283 1015 334 1068 δι)
359 1013 564 1057 ἀποθάνοι
579 1029 588 1037 ·
627 1016 663 1056 οἱ
683 1015 819 1068 μέντοι
842 1021 1064 1058 στασιῶται
1087 1021 1218 1058 ταῦτα
1241 1015 1339 1071 ἅπερ
1358 1014 1514 1071 ἐρρήθη
1535 1013 1724 1071 ’ἡμάρτα-

282 1099 376 1134 νον,
409 1083 480 1124 καί
505 1099 592 1123 τινα
619 1080 813 1124 ιΥπάτιον
838 1083 911 1124 οὐκ
941 1084 1079 1138 ἀφανῆ
1105 1082 1234 1139 ἄνδρα
1259 1083 1314 1124 δι’
1335 1081 1489 1138 ἡμέρας
1509 1083 1550 1124 ἐν
1573 1087 1630 1139 τῷ
1651 1086 1724 1135 τῆς

283 1150 442 1204 Σοφίας
464 1150 556 1205 ἱερῷ
578 1148 855 1202 διεχρήσαντο.
893 1150 1193 1205 ἐξειργασμένου
1214 1151 1257 1191 δὲ
1276 1154 1348 1192 τοῦ
1365 1153 1586 1199 κακοῦντος
1607 1149 1723 1204 ἔργου

283 1216 441 1271 ταραχὴ
468 1217 508 1265 ἐς
528 1217 700 1269 βασιλέα
719 1213 845 1270 ἦλθε,
882 1221 964 1259 τῶν
987 1234 1028 1259 τε,
1051 1217 1160 1273 ἀμφ’
1181 1217 1304 1259 αὐτὸν
1328 1217 1518 1269 ἕκαστος,
1548 1217 1632 1258 ἐπεὶ
1652 1220 1723 1269 τῆς
1736 1222 1777 1256 15

278 1283 566 1325 Ἰουστινιανοῦ
591 1283 790 1332 ἀπουσίας
814 1282 1003 1335 ἐλάβετο,
1042 1284 1116 1338 τὴν
1135 1288 1215 1326 τῶν
1243 1283 1529 1338 πεπραγμένων
1555 1283 1726 1325 ἀτοπίαν

282 1351 345 1391 ἐπὶ
363 1351 465 1405 με’γα
486 1351 611 1405 αἴρειν
634 1351 675 1392 ἐν
696 1354 854 1407 σπουδῇ
876 1353 1060 1403 ἐποιεῖτο,
1098 1351 1326 1405 καταλέγων
1347 1352 1388 1401 ἐξ
1406 1350 1533 1406 ἀρχῆς
1548 1349 1724 1403 ἅπαντα,

283 1416 361 1460 ὅσα
383 1418 434 1471 δὴ
457 1418 646 1472 γενέσθαι
667 1417 867 1472 τετύχηκε.
938 1417 1030 1461 τότε
1053 1419 1104 1473 δὴ
1131 1417 1151 1461 ὃ
1173 1418 1365 1471 βασιλεὺς
1392 1422 1450 1475 τῷ
1478 1422 1552 1472 τῆς
1575 1415 1727 1466 πόλεως

281 1483 444 1543 ἐπάρχῳ
478 1485 683 1527 ἐπέστελλε
714 1491 796 1528 τῶν
825 1487 1110 1541 πεπραγμένων
1141 1483 1332 1527 ἁπάντων
1349 1489 1555 1527 ποιεῖσθαι
1572 1484 1646 1533 τὰς
1664 1485 1726 1526 τί·

229 1562 259 1595 C
283 1569 377 1601 σεις.
447 1548 498 1605 ἦν
521 1554 565 1594 δὲ
588 1547 708 1602 οὗτος
731 1551 751 1595 ὃ
775 1553 877 1607 ἀνὴρ
905 1552 1106 1602 Θεόδοτος
1128 1552 1280 1605 ὄνομα,
1317 1550 1437 1608 ὅνπερ
1459 1549 1724 1594 κολοκύνθιον
1736 1560 1781 1593 20

279 1622 484 1675 ἐπίκλησιν
517 1619 698 1663 ἐκάλουν.
771 1622 838 1662 καὶ
868 1619 889 1662 ὅ
926 1619 1232 1673 διερευνώμενος
1259 1618 1420 1661 ἅπαντα
1451 1618 1627 1668 πολλοὺς
1653 1619 1727 1672 μὲν

277 1693 361 1731 τῶν
381 1685 615 1744 κακούργων
638 1687 737 1730 ἑλεῖν
759 1705 800 1730 τε
826 1690 893 1730 καὶ
918 1686 1224 1744 διαχρήσασθαι
1252 1684 1363 1745 νόμῳ
1384 1687 1546 1741 ἴσχυσε,
1584 1687 1728 1728 πολλοὶ

369 1805 404 1840 4.
438 1805 651 1843 πολυτέλεια
683 1808 788 1842 Aiem.
813 1807 854 1840 P.
900 1808 1064 1842 πολιτεία
1094 1808 1134 1840 Α.
1274 1803 1328 1841 14.
1361 1805 1586 1848 κακοῦντος]
1610 1806 1730 1840 κακοῦ

369 1851 551 1887 τοσούτου
576 1853 632 1885 vel
655 1854 768 1896 potius
792 1853 907 1887 κακοῦ
930 1854 991 1888 καὶ
1015 1851 1180 1887 ἀνοσίου.
1204 1852 1327 1886 Rmsx.
1445 1852 1498 1885 19.
1525 1849 1729 1894 ἐπέστελλε]

372 1895 530 1932 ἐπέτελλε
561 1897 664 1930 Alem.
696 1898 771 1940 hic,
813 1902 852 1932 ut
884 1899 983 1943 alibi,
1021 1900 1161 1932 frustra.
1342 1897 1400 1932 21.
1428 1893 1576 1932 ἅπαντα
1612 1895 1730 1932 Reisk.

370 1941 538 1984 ἅπαντας
560 1943 631 1977 ΑΡ.

280 2045 341 2080 tim
362 2044 569 2079 Theodorae
591 2045 676 2090 (qua
698 2046 825 2079 nullum
848 2044 1032 2079 Iustiniano
1056 2043 1212 2078 delicium
1235 2045 1310 2076 erat
1332 2040 1488 2085 suavius)
1511 2039 1555 2076 ad
1577 2051 1730 2086 magnam

281 2090 534 2130 auctoritatem,
558 2094 593 2124 et
616 2102 698 2135 opes
722 2102 802 2125 sane
825 2091 981 2134 ingentes
1005 2089 1061 2123 via
1084 2089 1215 2122 facilis:
1239 2089 1289 2121 ita
1310 2092 1348 2121 ut
1370 2087 1428 2120 ille
1451 2087 1570 2131 (quod
1594 2086 1729 2130 perdite

280 2135 471 2169 amantibus
498 2146 560 2168 usu
585 2137 708 2179 venit)
742 2136 895 2169 omnibus
927 2135 1120 2179 indulgeret
1150 2133 1278 2167 amicae
1301 2132 1412 2173 votis,
1447 2131 1644 2175 divitiisque
1667 2141 1729 2175 po-

278 2181 435 2220 tiundi33
468 2192 535 2223 qua
571 2192 683 2214 rerum
716 2181 892 2214 affluentia
916 2181 1021 2214 amori
1045 2180 1257 2213 addebantur
1279 2178 1384 2211 faces.
1430 2177 1509 2210 Hac
1530 2177 1624 2210 socia
1647 2186 1729 2220 per-

280 2225 402 2259 dendis
427 2225 559 2269 populis
582 2236 661 2259 usus
686 2232 737 2260 est
763 2227 963 2260 Iustinianus
986 2236 1051 2258 non
1075 2225 1171 2258 modo
1195 2222 1376 2268 Byzantii,
1401 2221 1462 2256 sed
1485 2221 1612 2266 ubique
1635 2221 1730 2254 loco-

280 2282 352 2304 rum
376 2270 518 2303 Romani
543 2271 702 2315 Imperii,
728 2270 926 2315 praesertim
952 2282 1027 2303 cum
1050 2270 1115 2304 iam
1137 2272 1238 2302 antea
1262 2268 1412 2301 Venetae
1437 2270 1583 2310 uterque
1604 2265 1729 2318 factiq-

279 2315 333 2349 nis
369 2321 480 2356 esset,
514 2322 616 2359 atque
644 2317 677 2349 in
713 2318 829 2350 horum
854 2316 1016 2350 hominum
1042 2314 1276 2348 seditiosorum
1307 2316 1511 2358 potestatem
1543 2321 1612 2345 rem
1639 2310 1731 2344 ubh-

279 2372 352 2394 cam
376 2361 477 2404 piane
501 2361 743 2402 coniecissent;
787 2361 866 2395 licet
890 2362 953 2394 hoc
979 2361 1096 2394 [nalum
1119 2359 1272 2393 residere
1297 2361 1373 2403 post
1395 2356 1452 2390 diu
1475 2355 1614 2408 nourrii-ii
1649 2367 1729 2389 coe-

279 2406 373 2450 perit
396 2406 460 2438 hoc
485 2410 620 2439 eventu.
670 2406 791 2441 Morbo
816 2406 1024 2440 Iustinianus
1048 2406 1236 2449 urgebatur
1260 2402 1421 2436 diuturno
1452 2404 1488 2435 et
1522 2400 1729 2445 permulceo,

279 2461 345 2494 quo
374 2451 556 2484 extinctum
581 2451 643 2484 iam
667 2451 759 2485 illum
783 2453 872 2486 sama
907 2451 1052 2485 volabat.
1098 2449 1236 2484 Interim
1268 2459 1288 2482 a
1317 2445 1489 2481 seditiosis
1522 2457 1563 2479 ea.
1597 2445 1729 2479 facino-

279 2506 356 2528 rose
380 2495 692 2536 committebantur,
718 2509 806 2541 quae
830 2498 895 2530 iam
920 2494 1192 2535 commemoravi,
1218 2496 1253 2527 et
1277 2492 1312 2526 in
1334 2491 1486 2536 Sophiae
1507 2489 1633 2535 templo
1651 2490 1728 2534 Hy-

281 2540 393 2585 patius
417 2540 469 2574 vir
491 2539 623 2574 minime
647 2542 811 2575 obscurus
833 2541 984 2575 interdiu
1007 2542 1240 2575 obtruncatur.
1289 2537 1366 2578 Quo
1397 2537 1490 2570 facto
1513 2535 1643 2569 scelere
1667 2546 1728 2568 ex-

288 2587 416 2619 citatae
449 2586 571 2619 turbae
601 2590 636 2619 et
660 2587 703 2619 ad
726 2587 967 2631 Imperatorem
989 2586 1142 2620 delatae:
1173 2595 1248 2618 nam
1270 2582 1413 2627 quisque
1435 2580 1643 2633 occasionenl
1667 2579 1729 2613 ab·

285 2629 392 2664 sentis
418 2629 575 2664 Caesaris
603 2638 721 2664 nactus
746 2633 910 2665 factorum
932 2631 967 2664 in
997 2642 1034 2664 se
1069 2635 1105 2666 et
1127 2630 1162 2664 in
1194 2629 1279 2663 alios
1301 2626 1507 2671 flagitiorum
1530 2628 1728 2659 atrocitates

287 2675 431 2715 efferre,
461 2687 482 2710 a.
513 2676 628 2720 capite
660 2688 889 2720 quaecumque
921 2681 1058 2722 patrata
1091 2678 1204 2710 essent
1237 2682 1427 2708 recensere.
1475 2671 1564 2705 Tum
1598 2669 1642 2724 de
1676 2669 1727 2702 his

287 2721 441 2754 omnibus
474 2720 704 2762 vindicandis,
739 2722 916 2755 Praefecto
952 2721 1044 2755 urbis
1068 2720 1252 2755 Theodoro
1277 2717 1496 2752 Cucurbitino
1520 2715 1640 2750 scribit
1662 2715 1729 2749 lm-

285 2771 439 2811 perator.
485 2766 548 2802 Ille
571 2766 770 2802 facinorosis
795 2766 981 2802 hominibus
1003 2765 1201 2812 perquisitis
1225 2763 1402 2811 captisque
1433 2762 1622 2806 nonnullis,
1658 2759 1730 2805 egit
