1858 3126
344 152 440 198 302
928 157 1190 200 PROCOPII

341 261 628 314 ἀντιτάξασθαι
647 266 803 315 ἱκανοὺς
819 264 948 317 ὄντας,
973 266 1023 321 ἤν
1046 285 1083 310 τι
1104 271 1175 321 τῆς
1190 267 1446 326 Χερρονήσου
1463 269 1762 327 ἃποπειριῖνται.

341 330 445 373 οὕτω
470 333 513 373 δὲ
539 337 663 374 ταῦτα
684 335 723 374 ἐν
745 337 799 388 τῷ
824 336 973 391 βεβαίῳ
1001 340 1071 387 τῆς
1088 335 1306 391 ἀσφαλείας
1331 337 1672 392 καταστησάμενος
1695 341 1761 380 καὶ

340 405 423 448 τοῖς
441 398 550 441 ἔνδον
571 400 683 440 οὐδέν
701 416 738 441 τι
758 394 880 453 ἧσσον
900 400 1139 456 ὀχυρώματα
1154 404 1443 457 προσεποίησεν.
1509 403 1607 447 ὥστε
1629 407 1663 447 εἰ
1679 411 1761 455 τοῖς

340 473 507 521 μακροῖς
526 467 688 519 τείχεσιν
714 466 888 519 (ἀπέστω
912 469 953 509 δέ
974 473 1043 510 τοῦ
1065 467 1202 523 λόγου)
1222 473 1363 511 παθεῖν
1379 489 1417 513 τι
1434 473 1618 525 ξυμβαίη,
1649 471 1761 514 οὗδέν

287 540 318 574 C
340 549 378 574 τι
401 527 522 585 ἧσσον
535 532 866 589 Χερρονησιώτας
890 536 930 576 ἐν
958 535 1134 592 ἀσφαλεῖ
1154 534 1263 577 εἶναι.
1328 535 1439 580 πόλιν
1461 555 1502 580 τε
1525 538 1601 594 γὰρ
1612 539 1793 595 {dmm-5

339 599 503 640 δισιάδα
531 599 695 654 ἐρύματι
717 601 949 659 ἐχυρωτάτῳ
972 602 1259 658 περιεβάλλετο,
1286 601 1498 656 ἀτείχιστον
1516 605 1559 646 ἐκ
1579 609 1650 646 τοῦ
1677 607 1762 646 ἐπι-

340 670 520 707 πλεῖστον
540 667 590 707 τὰ
612 665 784 723 πρότερα
803 664 936 720 οὖσαν,
972 672 1036 710 καὶ
1055 672 1219 725 Κίβεριν
1237 669 1363 720 πόλιν,
1399 671 1462 712 ἐπ’
1486 669 1659 726 ἐδάφους
1682 689 1761 713 κει-

338 733 471 786 μένην,
499 732 656 789 τειχήρη
679 737 934 789 πεποιημένος
954 735 1182 794 ξυνῴκισεν·
1212 736 1311 778 ἔνθα
1330 737 1381 790 δὴ
1407 739 1470 778 καὶ
1488 741 1677 791 βαλανεῖα
1695 739 1762 779 καὶ

337 802 505 849 ξενῶνας
523 799 805 856 ᾠκοδομήσατο
814 834 827 854 ,
861 805 964 844 οἰκία
986 803 1030 845 τε
1050 807 1271 858 παμπληθῆ
1291 805 1355 845 καὶ
1375 803 1449 845 ὅσα
1471 803 1572 846 ἄλλα
1593 805 1764 860 πέφυκεν

337 867 507 921 ἐπιφανῆ
529 869 798 910 ἐνδείκνυσθαι
820 868 944 912 πόλιν.
1014 870 1114 911 ἀλλὰ
1139 875 1205 911 καὶ
1224 870 1295 924 τὴν
1314 871 1555 912 Καλλίπολιν
1569 871 1761 925 καλουμὲ-
1775 878 1816 912 10

335 950 406 985 νην
429 933 671 986 βεβαιότατα
699 937 934 989 ἐτειχίσατο,
964 938 1089 979 ἐλπίδι
1107 942 1185 979 τῶν
1204 941 1369 994 μακρῶν
1388 942 1524 991 τειχῶν
1549 937 1763 990 ἀτείχιστον

335 998 665 1055 ἀπολελειμμένην
686 1009 768 1052 τοῖς
789 1002 967 1059 πρόσθεν
994 1003 1233 1060 ἀνθρώποις.
1298 999 1346 1046 οὗ
1372 1004 1422 1058 δὴ
1448 1006 1514 1046 καὶ
1534 1003 1700 1054 σιτῶνάς
1722 1021 1763 1046 τε

337 1068 404 1107 καὶ
427 1069 590 1116 οἰνῶνας
610 1070 789 1121 ἐδείματο
816 1070 971 1127 δαπάνῃ
990 1075 1040 1127 τῇ
1057 1070 1165 1128 πάσῃ
1187 1075 1266 1114 τῶν
1282 1072 1344 1114 ἐπὶ
1364 1069 1620 1128 Χερρονήσου
1641 1087 1764 1128 στρα-
1792 1112 1795 1116 «

334 1137 483 1175 τιωτῶν
502 1134 643 1184 ἱκανῶς
659 1134 832 1188 ἔχοντας.

460 1221 572 1264 ’Ἐστι
595 1224 640 1264 δέ
658 1241 716 1272 τις
727 1222 898 1276 Ἀβύδου
920 1224 1156 1280 καταντικρὺ
1177 1222 1288 1274 πόλις
1307 1224 1452 1281 ἀρχαία
1461 1256 1475 1278 ,
1500 1225 1654 1279 Σηστός
1675 1224 1764 1267 ι’)’νο-
1776 1230 1819 1266 15

333 1306 392 1342 μα
401 1320 414 1339 ,
450 1291 515 1330 καὶ
537 1290 636 1343 αὐτὴ
659 1291 709 1332 τὰ
735 1290 907 1347 πρότερα
926 1292 1131 1347 παρέργως
1153 1292 1331 1346 κειμένη,
1368 1290 1556 1348 ὀχύρωμα
1583 1309 1624 1334 τε
1654 1291 1766 1334 οὐδὲν

277 1364 310 1399 D
336 1355 493 1409 ἔχουσα.
561 1355 685 1413 λόφος
706 1359 749 1399 δὲ
775 1358 875 1413 αὐτῇ
893 1375 953 1407 τις
976 1362 1149 1414 ἰσχυρῶς
1171 1357 1369 1412 ἀπότομος
1393 1359 1669 1412 ἐπανέστηκεν·
1699 1361 1767 1400 ἵνα

334 1423 385 1477 δὴ
406 1421 598 1479 φρούριον
616 1425 796 1478 ἐδείματο
817 1424 1071 1481 ἀπρόσβατον
1091 1426 1204 1476 ὅλως,
1234 1424 1330 1467 ἑλεῖν
1349 1443 1403 1477 τε,
1431 1425 1472 1467 εἶ’
1486 1443 1544 1474 τις
1561 1426 1766 1480 ἐγχειροίη,

332 1489 550 1543 ἀμήχανον.
617 1494 776 1545 Σηστοῦ
808 1493 850 1533 δὲ
881 1493 926 1534 οὗ
948 1492 1107 1547 μακρὰν
1136 1492 1288 1534 ἄποθεν
1309 1492 1382 1546 τὴν
1404 1492 1636 1534 Ἐλαιοῦντα
1666 1495 1767 1545 ξυμ-

331 1559 457 1609 βαίνει
481 1556 589 1598 εἶναι.
657 1559 780 1615 πέτρα
797 1576 837 1600 τε
865 1564 936 1612 τῆς
956 1557 1169 1612 θαλάσσης
1187 1559 1455 1615 ἀπορραγεῖσα
1477 1560 1652 1600 ἐνταῦθα
1676 1559 1820 1600 ‹2115220

327 1640 412 1676 χει,
450 1623 575 1679 ἄκραν
597 1624 849 1679 οὐρανομήκη
875 1627 1086 1682 ἐξαίρουσα
1109 1625 1265 1681 τειχήρη
1290 1624 1422 1681 φύσιν.
1488 1623 1678 1682 φρούριον
1698 1620 1767 1667 οὖν
1823 1636 1827 1640 ’

333 1692 398 1731 καὶ
415 1692 506 1746 τῇδε
525 1689 545 1732 ὃ
563 1692 750 1743 βασιλεὺς
772 1687 885 1742 οὗτος
903 1694 1099 1745 ἐδείματο,
1118 1690 1357 1748 δυσπάριτόν
1377 1709 1418 1734 τε
1440 1693 1506 1733 καὶ
1522 1698 1604 1742 τοῖς
1625 1709 1767 1748 προσι-

334 1761 422 1797 οῦσι
442 1761 641 1806 παντελῶς
654 1758 823 1811 ἄμαχον.
858 1759 960 1800 ἀλλὰ
980 1761 1047 1800 καὶ
1062 1759 1106 1800 τὸ
1121 1761 1161 1800 ἐν
1173 1759 1312 1816 Θεσκῷ
1326 1757 1518 1815 φρούριον
1537 1759 1599 1800 ἐπὶ
1611 1757 1766 1814 θάτερα

332 1827 404 1866 τοῦ
420 1828 578 1880 μακροῦ
598 1826 751 1879 τείχους
769 1824 981 1882 ἱδρύσατο,
1015 1824 1211 1885 περιβόλῳ
1228 1825 1516 1883 κρατυνάμενος
1540 1827 1668 1884 ἐχυρῷ
1684 1824 1767 1880 μά·-

332 2013 434 2048 muris
456 2014 603 2058 locavit,
624 2015 776 2050 barbaris
794 2015 942 2051 omnibus
957 2015 1106 2051 arcendis
1123 2027 1239 2062 pares,
1260 2016 1289 2051 si
1304 2027 1370 2060 qua
1384 2016 1584 2051 Cherronesi
1599 2027 1673 2070 pars
1689 2019 1767 2052 ten-

333 2063 475 2092 taretur.
522 2060 586 2093 His
608 2060 655 2094 ita
679 2061 817 2094 firmatis
842 2066 942 2106 atque
964 2062 997 2094 in
1013 2066 1085 2094 tuto
1109 2061 1243 2105 positis,
1266 2061 1365 2094 nihilo
1381 2061 1498 2095 minori
1514 2073 1591 2095 cura
1605 2062 1766 2096 interiora

333 2104 540 2146 communiit3
567 2108 604 2137 ut
619 2105 648 2138 si
664 2105 741 2150 quid
757 2105 881 2138 sinistri
905 2106 1006 2145 (absit
1020 2105 1123 2139 verbo
1141 2106 1258 2139 malum
1273 2107 1383 2149 omen)
1402 2106 1508 2150 longis
1523 2105 1622 2140 muris
1637 2107 1767 2141 accide-

331 2148 399 2188 rit,
429 2148 515 2181 haud
540 2149 645 2182 minus
669 2150 776 2183 securi
801 2150 869 2184 sint
885 2150 1176 2186 Cherronesiotae.
1229 2150 1355 2184 Urbem
1378 2150 1462 2184 enim
1481 2151 1766 2196 Aphrodisiadem,

331 2191 475 2236 undique
489 2194 561 2226 sere
578 2193 715 2236 nudam,
739 2195 907 2228 moenibus
922 2195 1115 2228 firmissimis
1139 2195 1251 2230 cinxit.
1298 2195 1380 2228 Urbi
1395 2195 1529 2237 Ciberi,
1551 2206 1637 2240 quae
1651 2206 1768 2230 eversa

333 2236 477 2278 iacebat,
501 2248 611 2271 muros
628 2243 730 2282 atque
743 2239 868 2272 incolas
883 2240 983 2280 dedit,
1006 2240 1118 2284 ibique
1132 2240 1278 2282 balneas,
1300 2239 1517 2281 xenodochio,
1539 2240 1638 2274 aedes
1652 2251 1769 2285 quam-

331 2282 513 2326 plurimas,
537 2282 692 2327 quidquid
719 2283 846 2317 demum
870 2284 1079 2328 splendorem
1104 2284 1250 2317 civitatis
1273 2285 1417 2328 probare
1440 2285 1544 2326 solet,
1565 2285 1769 2320 aedificavit.

331 2326 399 2359 Sed
426 2331 459 2359 et
484 2328 610 2360 moenia
626 2328 826 2362 validissima
846 2329 1058 2363 circumdedit
1074 2329 1246 2373 Callipoli,
1269 2341 1365 2373 quam
1381 2334 1512 2363 veteres
1527 2329 1586 2362 tali
1601 2329 1766 2374 praesidio

331 2382 447 2404 carere
463 2372 631 2417 siverunt,
656 2373 764 2417 longis
780 2374 879 2407 muris
896 2374 1022 2410 confisi.
1067 2374 1106 2407 ln
1122 2374 1236 2407 eadem
1261 2374 1344 2407 urbe
1360 2374 1478 2407 horrea
1494 2373 1660 2419 cellasque
1673 2374 1770 2408 vina-

330 2416 409 2494 rias}¹
436 2417 601 2459 extruxit,
636 2429 720 2462 quae
744 2418 902 2452 militibus
914 2445 925 2462 ‚
961 2422 1122 2464 quotquot
1154 2423 1293 2462 agerent
1316 2418 1350 2452 in
1379 2418 1610 2460 Cherroneso,
1642 2418 1770 2453 alendis

331 2471 370 2494 su
413 2465 537 2494 cerent.

421 2527 551 2561 Contra
564 2528 718 2571 Abydum
742 2532 795 2563 est
810 2530 946 2571 Sestus,
967 2529 1047 2563 urbs
1069 2529 1225 2573 antiqua,
1249 2532 1285 2563 et
1306 2529 1380 2573 ipsa
1394 2528 1486 2573 prius
1500 2529 1654 2573 neglecta
1667 2532 1768 2574 atque

331 2571 518 2605 immunita:
541 2572 593 2605 cui
613 2573 704 2606 collis
720 2573 864 2607 imminet
878 2575 1050 2607 admodum
1066 2585 1236 2618 praeceps.
1281 2573 1459 2607 Castellum
1476 2574 1529 2608 hic
1547 2573 1659 2619 posuit
1673 2574 1767 2608 inoc-

331 2628 480 2660 cessum,
505 2621 542 2650 et
564 2617 722 2651 invadere
745 2618 933 2651 volentibus
958 2618 1224 2662 inexpugnabile.
1271 2618 1370 2652 Sesto
1396 2618 1486 2652 haud
1512 2619 1645 2652 multum
1669 2619 1766 2652 abest

329 2660 476 2705 Elaeus,
500 2661 557 2695 ubi
583 2673 683 2706 rupes
708 2663 790 2696 mari
813 2664 929 2696 avulsa
946 2663 1087 2703 eminet,
1109 2663 1141 2695 in
1165 2662 1290 2696 caelum
1306 2663 1463 2697 verticem
1484 2663 1626 2704 tollens,
1645 2667 1765 2696 natura

328 2707 497 2741 munitum.
542 2707 592 2740 lbi
605 2718 739 2751 quoque
754 2708 926 2741 castellum
941 2708 1019 2752 imp.
1035 2711 1149 2740 noster
1165 2708 1319 2748 condidit,
1343 2708 1434 2742 aditu
1450 2708 1683 2750 difficillimum,
1705 2717 1761 2739 su-

330 2761 458 2796 praque
484 2751 573 2786 vires
598 2752 806 2787 subeuntium
831 2753 986 2799 positum.
1033 2752 1085 2786 Ad
1109 2752 1196 2787 latus
1211 2752 1349 2787 alterum
1362 2753 1453 2797 longi
1468 2753 1570 2796 muri,
1593 2751 1762 2786 castellum
