1800 3126
573 138 762 182 NOTAE
795 138 1087 182 ALEMANNI.
1463 138 1563 185 385

109 259 244 301 φουσι,
272 258 352 300 quo
378 247 598 299 perfectum
625 247 923 300 stabilitumque
952 247 1191 286 connubium
1215 247 1430 300 explicant.
1485 249 1562 285 Al·-

108 313 259 352 ternm,
305 303 567 356 quodvsupra
607 307 727 342 etiam
764 305 1001 353 monebam,
1039 305 1133 351 viris
1170 305 1412 356 gravissimis
1449 304 1562 342 frau-

108 360 200 399 dem
230 360 372 398 fecisse
410 362 522 398 illam
557 362 699 399 Iustini
735 374 780 398 ac
816 362 1023 399 Iustiniani
1057 362 1264 399 nominum
1302 359 1563 412 compendio-

106 430 213 464 sam,
257 417 323 454 vel
361 416 594 456 mendosam
633 419 886 469 scriptionem
923 418 1197 465 librariorum:
1240 430 1336 455 nam
1366 424 1448 455 erat
1476 418 1563 456 for-

105 474 220 512 tussis
259 472 366 525 apud
405 482 582 523 autores,
625 487 723 526 quos
753 473 955 512 cedrenus
991 475 1240 526 compilavit,
1282 474 1561 513 lastinianum
1582 479 1613 514 P
1638 479 1706 517 116

106 529 204 582 (non
232 529 456 583 Iustinum)
485 530 779 568 matrimoniali
806 543 953 568 corona
980 530 1226 568 Theodoram
1253 544 1414 568 uxorem
1443 545 1565 568 suam

105 592 143 624 et
169 584 262 623 dein
274 586 512 638 Augustam
539 601 714 632 ornas-ee,
745 588 829 624 iam
857 593 1019 624 mortua
1034 587 1281 638 Euphemia3
1312 586 1420 639 quod
1438 589 1565 639 aptis-

104 643 204 682 sime
235 645 419 681 convenit
448 656 539 681 cum
570 642 644 681 hac
672 644 856 694 Procopii
885 642 1069 692 historia,
1102 645 1171 695 qui
1200 642 1466 695 Euphemiam
1492 646 1564 682 Iu-

104 700 274 738 miniano
311 701 367 738 ait
405 713 645 751 repugnasse
682 701 726 737 in
762 700 1038 747 matrimonio,
1081 698 1190 752 quod
1229 714 1320 738 cum
1347 699 1566 739 Theodora

103 755 329 793 moliretur:
370 755 492 808 idque
529 756 692 794 demum
729 756 847 793 illum
875 756 1113 804 confecisse,
1155 756 1226 794 ubi
1253 763 1418 794 naturae
1448 759 1566 795 cessit

103 810 344 863 Euphemia.
399 815 484 850 Ne
497 813 594 865 quid
625 826 717 851 vero
748 811 1066 861 dissimulemus,
1106 811 1377 883 Theophanes
1407 812 1459 851 ad
1490 827 1565 850 an-

104 880 204 905 num
230 870 372 906 Iustini
401 876 584 918 sextum,
615 871 670 907 sic
698 867 838 917 habet3
877 868 1017 919 ἕστεψε
1045 867 1088 909 δὲ
1117 868 1185 909 καὶ
1217 866 1291 920 τὴν
1321 868 1466 910 ἑαυτοῦ
1491 885 1566 922 yv-

103 928 224 964 ναῖκα
254 916 464 978 Θεοδῶραν
493 921 730 978 Αὖγούσταν
768 922 850 977 α’μα
884 928 940 980 τῷ
968 927 1199 977 βασιλεῦσαι
1239 921 1373 966 αυτόν.
1437 925 1564 963 Coro-

103 982 219 1019 navit
256 988 392 1018 autem
418 981 656 1034 Augustam
697 996 857 1020 uxorem
885 995 1006 1019 suam
1044 980 1288 1020 Theodoram
1316 982 1565 1033 simulatque

103 1038 207 1088 cepit
236 1037 460 1089 imperium.
517 1041 640 1087 Hinc,
684 1045 728 1076 ut
759 1038 893 1087 vides,
932 1052 1045 1076 suam
1075 1037 1276 1077 Cedrenus
1303 1039 1401 1090 ipsis
1431 1039 1564 1076 verbis

103 1091 356 1145 rhapsodiam
396 1093 590 1147 decerpsit
628 1108 673 1132 ac
709 1094 961 1146 depravavit:
1003 1108 1099 1132 nam
1135 1094 1384 1146 Euphemiae
1423 1096 1565 1133 mortis

102 1150 214 1187 nulla
241 1152 390 1189 mentio
420 1158 500 1200 est,
539 1153 690 1190 scilicet
718 1150 770 1188 ad
798 1150 906 1189 hunc
934 1165 1082 1189 annum
1110 1158 1293 1200 sextum,
1332 1150 1376 1188 id
1406 1165 1458 1188 ex
1488 1164 1562 1189 suo

100 1206 172 1243 ille
215 1205 390 1244 addidit:
434 1214 473 1245 et
511 1207 620 1260 quod
661 1209 829 1245 minime
875 1207 1035 1257 debuit,
1078 1214 1257 1245 extrema
1298 1208 1566 1258 praetermisit

100 1261 361 1314 Theophanis
385 1264 525 1312 verba,
557 1261 638 1316 ἅμα
666 1267 720 1318 τῷ
749 1266 980 1316 βασιλεῦσαι
1010 1259 1149 1313 αὐτὸν,
1186 1264 1435 1315 simulatque
1462 1265 1567 1314 cepit

101 1319 315 1370 imperium
323 1334 340 1366 ;
383 1321 524 1371 quibus
564 1319 693 1358 nodus
730 1319 848 1357 huius
886 1319 1128 1358 difficultatis
1170 1321 1405 1371 explicatur.
1461 1322 1567 1360 Nam

100 1388 155 1412 ex
190 1375 241 1413 iis
277 1376 396 1427 plane
434 1377 693 1427 intelligimus
722 1375 1016 1428 Theophanem
1054 1391 1100 1414 eo
1137 1377 1224 1415 loco
1254 1390 1335 1414 11011
1365 1389 1481 1427 agere
1511 1375 1564 1414 de

99 1433 240 1469 Iustini
280 1445 419 1487 uxore.
478 1434 552 1479 Qui
588 1434 695 1470 euim
730 1435 858 1484 potuit
886 1432 1142 1471 Theodoram
1171 1435 1344 1471 Iustinus
1374 1446 1563 1471 coronare

101 1489 340 1540 simulatque
371 1490 474 1540 cepit
501 1490 738 1540 imperium,
783 1502 873 1527 cum
911 1497 1048 1527 sextus
1085 1490 1155 1526 ille
1186 1496 1290 1527 esset
1318 1503 1445 1527 annus
1477 1491 1563 1527 eius

99 1543 290 1596 imperii?
332 1546 386 1582 At
413 1546 651 1597 simulatque
683 1547 787 1597 cepit
815 1547 1049 1597 imperium,
1088 1544 1358 1596 Euphemiam
1385 1548 1561 1583 Iustinus

101 1603 326 1650 coronavit,
361 1608 406 1639 ut
441 1603 513 1640 sub
551 1604 638 1654 ipso
675 1604 807 1640 statim
843 1603 981 1639 limine
1019 1604 1113 1640 anui
1149 1603 1268 1654 primi
1306 1609 1437 1639 narrat
1473 1604 1560 1653 ipse

100 1655 394 1709 Theophanes;
433 1654 605 1710 σύμβιον
644 1656 687 1698 δὲ
727 1658 826 1710 ἔχων
855 1655 1019 1710 ὀνόματι
1047 1660 1277 1698 Λουπικίαν
1306 1658 1447 1709 ἕστεψε
1473 1654 1563 1698 Av'-

98 1711 292 1767 γούσταν,
320 1710 374 1765 ἣν
402 1714 444 1755 οἱ
470 1716 590 1766 δῆμοι
618 1711 805 1755 ἐκάλεσαν
834 1711 1057 1766 Εὕφημίαν
1086 1715 1143 1762 εἰς
1170 1712 1214 1755 τὸ
1241 1713 1384 1765 στέψαι
1414 1710 1553 1766 αὐτήν.
1579 1724 1611 1758 Α
1632 1724 1678 1759 37

104 1770 325 1822 Coniugem
354 1784 444 1808 vero
472 1770 624 1808 habens
650 1772 808 1808 nomine
834 1772 1056 1822 Lupiciam
1085 1772 1296 1809 coronavit
1313 1771 1562 1822 Augustam,

101 1840 268 1878 eamque
308 1827 488 1878 populus
538 1825 638 1864 dum
684 1835 963 1876 coronaretur,
1010 1827 1280 1878 Euphemiam
1326 1828 1563 1878 appellavit.

99 1884 228 1930 Quare
259 1895 349 1920 cum
376 1890 458 1920 tota
486 1884 556 1920 illa
584 1896 675 1934 pars
709 1882 895 1921 historiae
925 1881 1186 1934 Theophanis
1223 1884 1363 1920 luxata
1392 1885 1464 1931 sit,
1505 1885 1561 1920 ita

99 1937 207 1977 hunc
235 1940 370 1977 locum
397 1946 494 1991 puto
522 1939 823 1977 restituendum.
870 1937 1044 1989 ’Έστεψε
1074 1938 1117 1979 δὲ
1145 1938 1214 1978 καὶ
1242 1936 1317 1990 τὴν
1348 1939 1446 1989 (nou
1473 1938 1563 1979 ἑαυ-

97 1998 195 2046 τοῦ,
235 1994 323 2046 sed)
354 1993 637 2036 Ἰουστινιανοῦ
669 2000 839 2048 γυναῖκα
869 1992 1084 2047 Θεοόώραν
1112 1991 1353 2048 Αὕγούσταν
1390 1992 1472 2046 ἅμα
1503 2011 1559 2035 τω

98 2053 330 2105 βασιλεῦσαι
371 2047 508 2092 αυτόν.
589 2052 804 2090 Coronam
844 2052 1079 2103 Augustam
1129 2065 1291 2088 uxorem
1335 2051 1560 2089 Iustiniani

107 2107 354 2147 Theodoram
387 2109 637 2159 simulatque
673 2110 775 2159 cepit
812 2109 882 2145 ille
919 2107 1013 2159 (hoc
1045 2116 1103 2146 est
1131 2107 1390 2158 Iustinianus)
1431 2109 1559 2159 impe—

100 2165 219 2203 rium.
276 2164 359 2203 Sed
386 2163 485 2202 haec
509 2179 532 2203 a
554 2164 800 2217 Theophane
829 2178 901 2215 per
930 2166 1254 2216 anticipationem
1282 2171 1438 2201 narrata
1467 2171 1560 2202 sunt

101 2219 156 2259 ad
190 2234 339 2260 annum
376 2229 558 2271 sextum,
605 2235 706 2274 quae
750 2235 854 2260 anno
894 2222 1036 2259 Iustini
1071 2234 1178 2260 nono
1221 2222 1431 2272 contigisse
1475 2222 1559 2258 cla-

99 2290 190 2316 rum
219 2285 290 2315 est.

211 2334 688 2383 P.66‚10.1ustinu⁸
716 2348 874 2372 summa
902 2341 1097 2372 senectute
1125 2335 1352 2385 confectus]
1393 2335 1560 2372 Simeon

101 2389 387 2458 Metaphrastes
415 2392 459 2430 in
480 2392 521 2430 S.
553 2392 680 2430 Sabae
709 2393 803 2428 vita.
849 2390 873 2431 ὅ
900 2389 1084 2443 βασιλευς
1109 2387 1319 2438 Ἰουστῖνος
1349 2387 1560 2443 βαθύτατα

102 2442 185 2511 ἤδη
213 2442 472 2517 γηράσκων,
486 2445 613 2497 ἄλλως
642 2463 682 2488 τε
713 2445 755 2487 δὲ
783 2446 851 2487 καὶ
883 2445 990 2499 νόσῳ
1018 2446 1098 2487 τινὶ
1126 2451 1199 2488 τοῦ
1229 2443 1409 2499 σώματος
1438 2448 1560 2498 βαρυ-

104 2496 291 2552 νὸμενος,
328 2503 397 2544 καὶ
423 2520 513 2573 ουχ
525 2502 660 2552 ἱκανὸς
690 2500 747 2544 ὧν
776 2503 831 2544 ἔτι.
859 2501 959 2554 πρὸς
985 2501 1060 2555 τήν
1089 2519 1170 2544 των
1197 2507 1348 2544 κοινῶν
1380 2502 1559 2552 ἐξαρκεῖν

103 2559 358 2625 προστασίαν,
385 2575 458 2612 την
487 2557 614 2614 ἀρχὴν
643 2557 880 2601 ἀποτίθεται
907 2556 1183 2602 Ἰουστινιανὸν
1213 2556 1307 2600 ἄνθ’
1338 2558 1463 2598 αυτοῦ
1492 2554 1560 2597 τὸν

105 2608 347 2664 ἀδελφιδοῦν
374 2613 650 2686 αὐτοκράτορα
670 2613 915 2664 καταστήσας
935 2617 1157 2668 πατρίκιον,
1186 2615 1253 2656 καὶ
1274 2612 1428 2655 ὕπατον
1448 2611 1558 2661 ὄντα,

104 2668 174 2709 καὶ
214 2669 444 2724 στρατηγὸν,
481 2673 549 2713 καὶ
587 2676 782 2726 κραταιῶς
815 2670 895 2725 ἤδη
934 2675 1015 2713 τῶν
1043 2675 1118 2713 τοῦ
1143 2674 1287 2713 κοινοῦ
1314 2665 1558 2723 πραγμάτων

103 2723 398 2790 ἐπειλημμένον.
455 2729 636 2768 Iustinus·
654 2733 871 2781 imperator
883 2737 1077 2780 provecta
1106 2742 1198 2766 cum
1227 2734 1324 2765 esset
1352 2732 1559 2775 senectute,

106 2787 144 2819 et
171 2784 348 2832 corporis
382 2785 516 2824 morbo
541 2794 767 2838 gravatus,
810 2799 935 2837 neque
964 2786 1139 2838 amplius
1178 2782 1237 2822 ad
1270 2781 1560 2834 rempublicam

165 2842 350 2888 Procopius
379 2845 446 2878 111.
1234 2838 1286 2878 25
