<?xml version="1.0" encoding="UTF-8"?>
<!DOCTYPE html PUBLIC "-//W3C//DTD XHTML 1.0 Transitional//EN"
    "http://www.w3.org/TR/xhtml1/DTD/xhtml1-transitional.dtd">
<html xmlns="http://www.w3.org/1999/xhtml" xml:lang="en" lang="en">
 <head>
  <title>
</title>
<meta http-equiv="Content-Type" content="text/html;charset=utf-8" />
  <meta name='ocr-system' content='tesseract 3.04.00' />
  <meta name='ocr-capabilities' content='ocr_page ocr_carea ocr_par ocr_line ocrx_word'/>
</head>
<body>
  <div class='ocr_page' id='page_1' title='image "./corpusscriptorum45niebuoft_0038.png"; bbox 0 0 1754 3132; ppageno 0'>
   <div class='ocr_carea' id='block_1_1' title="bbox 251 172 1342 233">
    <p class='ocr_par' dir='ltr' id='par_1_1' title="bbox 251 172 1342 233">
     <span class='ocr_line' id='line_1_1' title="bbox 251 172 1342 233; baseline 0.004 -18"><span class='ocrx_word' id='word_1_1' title='bbox 251 187 382 215; x_wconf 82' lang='lat' dir='ltr'><strong>xxxu</strong></span> <span class='ocrx_word' id='word_1_2' title='bbox 679 172 930 217; x_wconf 84' lang='lat' dir='ltr'><strong>MALTRETI</strong></span> <span class='ocrx_word' id='word_1_3' title='bbox 977 174 1268 219; x_wconf 84' lang='lat' dir='ltr'><strong>PRAEFATIO.</strong></span> <span class='ocrx_word' id='word_1_4' title='bbox 1310 212 1342 233; x_wconf 50' lang='grc' dir='ltr'>υ</span> 
     </span>
    </p>
   </div>
   <div class='ocr_carea' id='block_1_2' title="bbox 245 281 1700 1994">
    <p class='ocr_par' dir='ltr' id='par_1_2' title="bbox 245 281 1700 1994">
     <span class='ocr_line' id='line_1_2' title="bbox 251 281 1694 343; baseline 0.004 -20"><span class='ocrx_word' id='word_1_5' title='bbox 251 281 363 340; x_wconf 81' lang='lat' dir='ltr'><strong>stigia</strong></span> <span class='ocrx_word' id='word_1_6' title='bbox 390 282 547 339; x_wconf 87' lang='lat' dir='ltr'><strong>prodere</strong></span> <span class='ocrx_word' id='word_1_7' title='bbox 576 292 782 340; x_wconf 85' lang='lat' dir='ltr'><strong>coeperunt.</strong></span> <span class='ocrx_word' id='word_1_8' title='bbox 839 285 971 326; x_wconf 87' lang='lat' dir='ltr'><strong>Postea</strong></span> <span class='ocrx_word' id='word_1_9' title='bbox 1001 285 1110 341; x_wconf 88' lang='lat' dir='ltr'><strong>duplo</strong></span> <span class='ocrx_word' id='word_1_10' title='bbox 1151 286 1346 342; x_wconf 83' lang='lat' dir='ltr'><strong>ampliores</strong></span> <span class='ocrx_word' id='word_1_11' title='bbox 1374 285 1546 343; x_wconf 86' lang='lat' dir='ltr'><strong>prodiere</strong></span> <span class='ocrx_word' id='word_1_12' title='bbox 1576 287 1694 330; x_wconf 82' lang='lat' dir='ltr'><strong>studio</strong></span> 
     </span>
     <span class='ocr_line' id='line_1_3' title="bbox 251 351 1692 410; baseline 0.002 -20"><span class='ocrx_word' id='word_1_13' title='bbox 251 358 359 406; x_wconf 91' lang='lat' dir='ltr'><strong>atque</strong></span> <span class='ocrx_word' id='word_1_14' title='bbox 386 365 500 406; x_wconf 88' lang='lat' dir='ltr'><strong>opera</strong></span> <span class='ocrx_word' id='word_1_15' title='bbox 533 351 683 392; x_wconf 83' lang='lat' dir='ltr'><strong>Davidis</strong></span> <span class='ocrx_word' id='word_1_16' title='bbox 711 351 934 392; x_wconf 85' lang='lat' dir='ltr'><strong>Hoeschelii.</strong></span> <span class='ocrx_word' id='word_1_17' title='bbox 991 353 1066 392; x_wconf 91' lang='lat' dir='ltr'><strong>Iam</strong></span> <span class='ocrx_word' id='word_1_18' title='bbox 1106 353 1247 394; x_wconf 91' lang='lat' dir='ltr'><strong>demum</strong></span> <span class='ocrx_word' id='word_1_19' title='bbox 1274 353 1487 394; x_wconf 80' lang='lat' dir='ltr'>exhibemus</span> <span class='ocrx_word' id='word_1_20' title='bbox 1517 353 1692 410; x_wconf 75' lang='lat' dir='ltr'><strong>integros,</strong></span> 
     </span>
     <span class='ocr_line' id='line_1_4' title="bbox 248 416 1693 474; baseline 0.003 -18"><span class='ocrx_word' id='word_1_21' title='bbox 248 425 502 472; x_wconf 77' lang='lat' dir='ltr'><strong>praeterquam</strong></span> <span class='ocrx_word' id='word_1_22' title='bbox 531 417 668 457; x_wconf 89' lang='lat' dir='ltr'><strong>duobus</strong></span> <span class='ocrx_word' id='word_1_23' title='bbox 697 417 732 457; x_wconf 92' lang='lat' dir='ltr'><strong>in</strong></span> <span class='ocrx_word' id='word_1_24' title='bbox 761 416 870 466; x_wconf 87' lang='lat' dir='ltr'><strong>loeis,</strong></span> <span class='ocrx_word' id='word_1_25' title='bbox 911 417 972 459; x_wconf 90' lang='lat' dir='ltr'><strong>ubi</strong></span> <span class='ocrx_word' id='word_1_26' title='bbox 1000 419 1188 459; x_wconf 80' lang='lat' dir='ltr'><strong>admodum</strong></span> <span class='ocrx_word' id='word_1_27' title='bbox 1217 433 1333 474; x_wconf 86' lang='lat' dir='ltr'><strong>pauca</strong></span> <span class='ocrx_word' id='word_1_28' title='bbox 1357 419 1515 461; x_wconf 86' lang='lat' dir='ltr'><strong>librariis</strong></span> <span class='ocrx_word' id='word_1_29' title='bbox 1547 420 1693 460; x_wconf 89' lang='lat' dir='ltr'><strong>excide-</strong></span> 
     </span>
     <span class='ocr_line' id='line_1_5' title="bbox 249 482 1692 540; baseline 0 -16"><span class='ocrx_word' id='word_1_30' title='bbox 249 492 342 526; x_wconf 85' lang='lat' dir='ltr'><strong>runt.</strong></span> <span class='ocrx_word' id='word_1_31' title='bbox 399 484 508 525; x_wconf 86' lang='lat' dir='ltr'><strong>Huius</strong></span> <span class='ocrx_word' id='word_1_32' title='bbox 535 483 703 523; x_wconf 78' lang='lat' dir='ltr'><strong>beneficii</strong></span> <span class='ocrx_word' id='word_1_33' title='bbox 732 482 883 537; x_wconf 81' lang='lat' dir='ltr'><strong>primam</strong></span> <span class='ocrx_word' id='word_1_34' title='bbox 903 483 1082 539; x_wconf 80' lang='lat' dir='ltr'><strong>originem</strong></span> <span class='ocrx_word' id='word_1_35' title='bbox 1107 485 1261 538; x_wconf 84' lang='lat' dir='ltr'><strong>positam</strong></span> <span class='ocrx_word' id='word_1_36' title='bbox 1289 485 1396 526; x_wconf 91' lang='lat' dir='ltr'><strong>audio</strong></span> <span class='ocrx_word' id='word_1_37' title='bbox 1426 485 1462 526; x_wconf 92' lang='lat' dir='ltr'><strong>in</strong></span> <span class='ocrx_word' id='word_1_38' title='bbox 1489 485 1692 540; x_wconf 88' lang='lat' dir='ltr'><strong>locupletis-</strong></span> 
     </span>
     <span class='ocr_line' id='line_1_6' title="bbox 249 548 1693 593; baseline 0.002 -4"><span class='ocrx_word' id='word_1_39' title='bbox 249 552 340 592; x_wconf 85' lang='lat' dir='ltr'><strong>sima</strong></span> <span class='ocrx_word' id='word_1_40' title='bbox 370 551 440 593; x_wconf 91' lang='lat' dir='ltr'><strong>Dn.</strong></span> <span class='ocrx_word' id='word_1_41' title='bbox 474 551 696 591; x_wconf 62' lang='lat' dir='ltr'><strong>Snevlmin</strong></span> <span class='ocrx_word' id='word_1_42' title='bbox 731 548 963 590; x_wconf 88' lang='lat' dir='ltr'><strong>Illustrissimi</strong></span> <span class='ocrx_word' id='word_1_43' title='bbox 1000 551 1179 592; x_wconf 89' lang='lat' dir='ltr'><strong>Franciae</strong></span> <span class='ocrx_word' id='word_1_44' title='bbox 1208 551 1427 592; x_wconf 89' lang='lat' dir='ltr'><strong>Cancellarii</strong></span> <span class='ocrx_word' id='word_1_45' title='bbox 1451 551 1693 592; x_wconf 79' lang='lat' dir='ltr'><strong>Bibliotheca.</strong></span> 
     </span>
     <span class='ocr_line' id='line_1_7' title="bbox 245 613 1693 672; baseline 0 -14"><span class='ocrx_word' id='word_1_46' title='bbox 245 617 300 657; x_wconf 93' lang='lat' dir='ltr'><strong>lbi</strong></span> <span class='ocrx_word' id='word_1_47' title='bbox 329 617 410 658; x_wconf 87' lang='lat' dir='ltr'><strong>MS.</strong></span> <span class='ocrx_word' id='word_1_48' title='bbox 433 623 654 663; x_wconf 80' lang='lat' dir='ltr'><strong>asservatur,</strong></span> <span class='ocrx_word' id='word_1_49' title='bbox 687 613 803 663; x_wconf 69' lang='lat' dir='ltr'><strong>cuiue,</strong></span> <span class='ocrx_word' id='word_1_50' title='bbox 835 622 870 655; x_wconf 90' lang='lat' dir='ltr'><strong>ut</strong></span> <span class='ocrx_word' id='word_1_51' title='bbox 897 614 947 655; x_wconf 88' lang='lat' dir='ltr'><strong>ita</strong></span> <span class='ocrx_word' id='word_1_52' title='bbox 970 615 1106 665; x_wconf 86' lang='lat' dir='ltr'><strong>dicam,</strong></span> <span class='ocrx_word' id='word_1_53' title='bbox 1143 631 1312 672; x_wconf 71' lang='lat' dir='ltr'><strong>propago</strong></span> <span class='ocrx_word' id='word_1_54' title='bbox 1340 625 1395 658; x_wconf 88' lang='lat' dir='ltr'><strong>est</strong></span> <span class='ocrx_word' id='word_1_55' title='bbox 1424 617 1561 666; x_wconf 88' lang='lat' dir='ltr'><strong>codex,</strong></span> <span class='ocrx_word' id='word_1_56' title='bbox 1597 616 1693 658; x_wconf 84' lang='lat' dir='ltr'><strong>undo</strong></span> 
     </span>
     <span class='ocr_line' id='line_1_8' title="bbox 247 680 1694 740; baseline -0.001 -16"><span class='ocrx_word' id='word_1_57' title='bbox 247 691 365 724; x_wconf 89' lang='lat' dir='ltr'><strong>textus</strong></span> <span class='ocrx_word' id='word_1_58' title='bbox 386 684 547 723; x_wconf 87' lang='lat' dir='ltr'><strong>Graecus</strong></span> <span class='ocrx_word' id='word_1_59' title='bbox 568 681 712 737; x_wconf 76' lang='lat' dir='ltr'><strong>Regiae</strong></span> <span class='ocrx_word' id='word_1_60' title='bbox 742 680 826 721; x_wconf 90' lang='lat' dir='ltr'><strong>huic</strong></span> <span class='ocrx_word' id='word_1_61' title='bbox 855 680 1003 722; x_wconf 88' lang='lat' dir='ltr'><strong>editioni</strong></span> <span class='ocrx_word' id='word_1_62' title='bbox 1027 682 1209 736; x_wconf 80' lang='lat' dir='ltr'><strong>suppetiit.</strong></span> <span class='ocrx_word' id='word_1_63' title='bbox 1265 683 1358 723; x_wconf 92' lang='lat' dir='ltr'><strong>Eum</strong></span> <span class='ocrx_word' id='word_1_64' title='bbox 1377 697 1450 740; x_wconf 82' lang='lat' dir='ltr'><strong>ego</strong></span> <span class='ocrx_word' id='word_1_65' title='bbox 1473 683 1637 724; x_wconf 80' lang='lat' dir='ltr'><strong>codicem</strong></span> <span class='ocrx_word' id='word_1_66' title='bbox 1657 682 1694 723; x_wconf 89' lang='lat' dir='ltr'><strong>in</strong></span> 
     </span>
     <span class='ocr_line' id='line_1_9' title="bbox 245 746 1694 804; baseline -0.002 -14"><span class='ocrx_word' id='word_1_67' title='bbox 245 749 479 790; x_wconf 83' lang='lat' dir='ltr'><strong>Lectionibus</strong></span> <span class='ocrx_word' id='word_1_68' title='bbox 505 748 616 789; x_wconf 84' lang='lat' dir='ltr'><strong>variis</strong></span> <span class='ocrx_word' id='word_1_69' title='bbox 646 748 863 787; x_wconf 84' lang='lat' dir='ltr'><strong>Tolosanum</strong></span> <span class='ocrx_word' id='word_1_70' title='bbox 893 746 970 788; x_wconf 83' lang='lat' dir='ltr'><strong>iure</strong></span> <span class='ocrx_word' id='word_1_71' title='bbox 999 748 1166 802; x_wconf 90' lang='lat' dir='ltr'><strong>appello;</strong></span> <span class='ocrx_word' id='word_1_72' title='bbox 1206 756 1403 804; x_wconf 87' lang='lat' dir='ltr'><strong>propterea</strong></span> <span class='ocrx_word' id='word_1_73' title='bbox 1439 749 1534 804; x_wconf 87' lang='lat' dir='ltr'><strong>quod</strong></span> <span class='ocrx_word' id='word_1_74' title='bbox 1564 747 1694 788; x_wconf 89' lang='lat' dir='ltr'><strong>doctis-</strong></span> 
     </span>
     <span class='ocr_line' id='line_1_10' title="bbox 247 813 1695 869; baseline -0.001 -14"><span class='ocrx_word' id='word_1_75' title='bbox 247 816 328 855; x_wconf 84' lang='lat' dir='ltr'><strong>simi</strong></span> <span class='ocrx_word' id='word_1_76' title='bbox 365 814 522 869; x_wconf 88' lang='lat' dir='ltr'><strong>Philippi</strong></span> <span class='ocrx_word' id='word_1_77' title='bbox 550 813 674 854; x_wconf 88' lang='lat' dir='ltr'><strong>Iacobi</strong></span> <span class='ocrx_word' id='word_1_78' title='bbox 707 813 889 854; x_wconf 83' lang='lat' dir='ltr'><strong>Maussaci</strong></span> <span class='ocrx_word' id='word_1_79' title='bbox 920 813 1103 853; x_wconf 83' lang='lat' dir='ltr'><strong>Tolosatis</strong></span> <span class='ocrx_word' id='word_1_80' title='bbox 1137 828 1222 854; x_wconf 83' lang='lat' dir='ltr'><strong>cura</strong></span> <span class='ocrx_word' id='word_1_81' title='bbox 1259 815 1485 869; x_wconf 40' lang='lat' dir='ltr'><strong>descriptuss</strong></span> <span class='ocrx_word' id='word_1_82' title='bbox 1508 821 1590 868; x_wconf 87' lang='lat' dir='ltr'><strong>post</strong></span> <span class='ocrx_word' id='word_1_83' title='bbox 1618 813 1695 854; x_wconf 89' lang='lat' dir='ltr'><strong>eius</strong></span> 
     </span>
     <span class='ocr_line' id='line_1_11' title="bbox 247 879 1693 934; baseline -0.001 -14"><span class='ocrx_word' id='word_1_84' title='bbox 247 880 402 928; x_wconf 88' lang='lat' dir='ltr'><strong>obitum,</strong></span> <span class='ocrx_word' id='word_1_85' title='bbox 439 894 461 919; x_wconf 89' lang='lat' dir='ltr'><strong>e</strong></span> <span class='ocrx_word' id='word_1_86' title='bbox 483 879 646 919; x_wconf 85' lang='lat' dir='ltr'><strong>manibus</strong></span> <span class='ocrx_word' id='word_1_87' title='bbox 666 880 887 934; x_wconf 83' lang='lat' dir='ltr'><strong>possessoris</strong></span> <span class='ocrx_word' id='word_1_88' title='bbox 906 879 1030 934; x_wconf 90' lang='lat' dir='ltr'><strong>optimi</strong></span> <span class='ocrx_word' id='word_1_89' title='bbox 1057 894 1100 918; x_wconf 87' lang='lat' dir='ltr'><strong>ac</strong></span> <span class='ocrx_word' id='word_1_90' title='bbox 1120 879 1370 933; x_wconf 85' lang='lat' dir='ltr'><strong>spectatissimi</strong></span> <span class='ocrx_word' id='word_1_91' title='bbox 1390 880 1459 921; x_wconf 90' lang='lat' dir='ltr'><strong>Dn.</strong></span> <span class='ocrx_word' id='word_1_92' title='bbox 1481 880 1606 922; x_wconf 89' lang='lat' dir='ltr'><strong>Vitelli</strong></span> <span class='ocrx_word' id='word_1_93' title='bbox 1625 881 1693 920; x_wconf 90' lang='lat' dir='ltr'><strong>Se-</strong></span> 
     </span>
     <span class='ocr_line' id='line_1_12' title="bbox 248 944 1692 996; baseline 0 -10"><span class='ocrx_word' id='word_1_94' title='bbox 248 947 385 987; x_wconf 87' lang='lat' dir='ltr'><strong>natoris</strong></span> <span class='ocrx_word' id='word_1_95' title='bbox 415 947 509 996; x_wconf 70' lang='lat' dir='ltr'><strong>dopo</strong></span> <span class='ocrx_word' id='word_1_96' title='bbox 546 945 683 985; x_wconf 86' lang='lat' dir='ltr'><strong>transiit</strong></span> <span class='ocrx_word' id='word_1_97' title='bbox 713 945 759 984; x_wconf 94' lang='lat' dir='ltr'><strong>ad</strong></span> <span class='ocrx_word' id='word_1_98' title='bbox 787 945 901 984; x_wconf 91' lang='lat' dir='ltr'><strong>virum</strong></span> <span class='ocrx_word' id='word_1_99' title='bbox 934 944 1178 985; x_wconf 87' lang='lat' dir='ltr'><strong>Clarissimum</strong></span> <span class='ocrx_word' id='word_1_100' title='bbox 1215 945 1437 986; x_wconf 89' lang='lat' dir='ltr'><strong>Bernardum</strong></span> <span class='ocrx_word' id='word_1_101' title='bbox 1472 945 1692 986; x_wconf 82' lang='lat' dir='ltr'><strong>Medonium.</strong></span> 
     </span>
     <span class='ocr_line' id='line_1_13' title="bbox 252 1010 1694 1067; baseline -0.001 -15"><span class='ocrx_word' id='word_1_102' title='bbox 252 1013 323 1063; x_wconf 81' lang='lat' dir='ltr'><strong>Qui</strong></span> <span class='ocrx_word' id='word_1_103' title='bbox 344 1020 379 1053; x_wconf 92' lang='lat' dir='ltr'><strong>ut</strong></span> <span class='ocrx_word' id='word_1_104' title='bbox 395 1012 570 1067; x_wconf 85' lang='lat' dir='ltr'><strong>privatum</strong></span> <span class='ocrx_word' id='word_1_105' title='bbox 589 1027 710 1052; x_wconf 90' lang='lat' dir='ltr'><strong>munus</strong></span> <span class='ocrx_word' id='word_1_106' title='bbox 730 1011 908 1065; x_wconf 84' lang='lat' dir='ltr'><strong>publicum</strong></span> <span class='ocrx_word' id='word_1_107' title='bbox 940 1011 1097 1059; x_wconf 81' lang='lat' dir='ltr'><strong>faceret,</strong></span> <span class='ocrx_word' id='word_1_108' title='bbox 1132 1010 1238 1059; x_wconf 88' lang='lat' dir='ltr'><strong>mihi,</strong></span> <span class='ocrx_word' id='word_1_109' title='bbox 1274 1010 1391 1051; x_wconf 89' lang='lat' dir='ltr'><strong>amico</strong></span> <span class='ocrx_word' id='word_1_110' title='bbox 1419 1012 1536 1052; x_wconf 88' lang='lat' dir='ltr'><strong>veteri</strong></span> <span class='ocrx_word' id='word_1_111' title='bbox 1562 1010 1694 1051; x_wconf 84' lang='lat' dir='ltr'><strong>multis-</strong></span> 
     </span>
     <span class='ocr_line' id='line_1_14' title="bbox 253 1076 1692 1132; baseline -0.001 -14"><span class='ocrx_word' id='word_1_112' title='bbox 253 1091 323 1132; x_wconf 85' lang='lat' dir='ltr'><strong>que</strong></span> <span class='ocrx_word' id='word_1_113' title='bbox 343 1077 513 1118; x_wconf 86' lang='lat' dir='ltr'><strong>obstricto</strong></span> <span class='ocrx_word' id='word_1_114' title='bbox 532 1077 721 1117; x_wconf 84' lang='lat' dir='ltr'><strong>beneficiis</strong></span> <span class='ocrx_word' id='word_1_115' title='bbox 741 1077 854 1131; x_wconf 88' lang='lat' dir='ltr'><strong>ipsum</strong></span> <span class='ocrx_word' id='word_1_116' title='bbox 867 1076 1127 1132; x_wconf 82' lang='lat' dir='ltr'><strong>benignissime</strong></span> <span class='ocrx_word' id='word_1_117' title='bbox 1147 1076 1282 1118; x_wconf 89' lang='lat' dir='ltr'><strong>obtulit.</strong></span> <span class='ocrx_word' id='word_1_118' title='bbox 1340 1078 1425 1132; x_wconf 79' lang='lat' dir='ltr'><strong>Ego</strong></span> <span class='ocrx_word' id='word_1_119' title='bbox 1445 1091 1534 1117; x_wconf 82' lang='lat' dir='ltr'><strong>vero</strong></span> <span class='ocrx_word' id='word_1_120' title='bbox 1555 1076 1692 1131; x_wconf 86' lang='lat' dir='ltr'><strong>accepi,</strong></span> 
     </span>
     <span class='ocr_line' id='line_1_15' title="bbox 252 1142 1695 1200; baseline -0.002 -15"><span class='ocrx_word' id='word_1_121' title='bbox 252 1152 289 1185; x_wconf 87' lang='lat' dir='ltr'><strong>et</strong></span> <span class='ocrx_word' id='word_1_122' title='bbox 306 1144 493 1198; x_wconf 87' lang='lat' dir='ltr'><strong>accepisse</strong></span> <span class='ocrx_word' id='word_1_123' title='bbox 513 1145 630 1185; x_wconf 89' lang='lat' dir='ltr'><strong>laetor</strong></span> <span class='ocrx_word' id='word_1_124' title='bbox 653 1159 699 1185; x_wconf 90' lang='lat' dir='ltr'><strong>eo</strong></span> <span class='ocrx_word' id='word_1_125' title='bbox 725 1145 864 1200; x_wconf 82' lang='lat' dir='ltr'><strong>magis,</strong></span> <span class='ocrx_word' id='word_1_126' title='bbox 897 1157 966 1197; x_wconf 94' lang='lat' dir='ltr'><strong>quo</strong></span> <span class='ocrx_word' id='word_1_127' title='bbox 993 1142 1119 1182; x_wconf 87' lang='lat' dir='ltr'><strong>melius</strong></span> <span class='ocrx_word' id='word_1_128' title='bbox 1146 1143 1231 1183; x_wconf 87' lang='lat' dir='ltr'><strong>novi</strong></span> <span class='ocrx_word' id='word_1_129' title='bbox 1259 1151 1501 1198; x_wconf 79' lang='lat' dir='ltr'><strong>praestantem</strong></span> <span class='ocrx_word' id='word_1_130' title='bbox 1535 1142 1612 1182; x_wconf 90' lang='lat' dir='ltr'><strong>eius</strong></span> <span class='ocrx_word' id='word_1_131' title='bbox 1630 1142 1695 1183; x_wconf 91' lang='lat' dir='ltr'><strong>hu-</strong></span> 
     </span>
     <span class='ocr_line' id='line_1_16' title="bbox 252 1207 1696 1264; baseline -0.001 -14"><span class='ocrx_word' id='word_1_132' title='bbox 252 1210 478 1258; x_wconf 84' lang='lat' dir='ltr'><strong>manitatem,</strong></span> <span class='ocrx_word' id='word_1_133' title='bbox 515 1211 731 1259; x_wconf 83' lang='lat' dir='ltr'><strong>doctrinam,</strong></span> <span class='ocrx_word' id='word_1_134' title='bbox 771 1219 877 1264; x_wconf 85' lang='lat' dir='ltr'><strong>atque</strong></span> <span class='ocrx_word' id='word_1_135' title='bbox 908 1207 1104 1264; x_wconf 76' lang='lat' dir='ltr'><strong>ingenium.</strong></span> <span class='ocrx_word' id='word_1_136' title='bbox 1162 1208 1354 1250; x_wconf 85' lang='lat' dir='ltr'><strong>Caeterum</strong></span> <span class='ocrx_word' id='word_1_137' title='bbox 1382 1222 1513 1250; x_wconf 84' lang='lat' dir='ltr'><strong>mone-o</strong></span> <span class='ocrx_word' id='word_1_138' title='bbox 1546 1223 1618 1249; x_wconf 91' lang='lat' dir='ltr'><strong>non</strong></span> <span class='ocrx_word' id='word_1_139' title='bbox 1646 1208 1696 1249; x_wconf 87' lang='lat' dir='ltr'><strong>ita</strong></span> 
     </span>
     <span class='ocr_line' id='line_1_17' title="bbox 251 1274 1696 1330; baseline -0.001 -14"><span class='ocrx_word' id='word_1_140' title='bbox 251 1291 311 1317; x_wconf 86' lang='lat' dir='ltr'><strong>me</strong></span> <span class='ocrx_word' id='word_1_141' title='bbox 343 1291 441 1316; x_wconf 90' lang='lat' dir='ltr'><strong>usum</strong></span> <span class='ocrx_word' id='word_1_142' title='bbox 470 1275 644 1316; x_wconf 88' lang='lat' dir='ltr'><strong>eiusmodi</strong></span> <span class='ocrx_word' id='word_1_143' title='bbox 673 1277 756 1316; x_wconf 82' lang='lat' dir='ltr'><strong>MS.</strong></span> <span class='ocrx_word' id='word_1_144' title='bbox 785 1284 821 1316; x_wconf 89' lang='lat' dir='ltr'><strong>ut</strong></span> <span class='ocrx_word' id='word_1_145' title='bbox 850 1289 1026 1329; x_wconf 87' lang='lat' dir='ltr'><strong>nunquam</strong></span> <span class='ocrx_word' id='word_1_146' title='bbox 1056 1274 1102 1314; x_wconf 88' lang='lat' dir='ltr'><strong>ad</strong></span> <span class='ocrx_word' id='word_1_147' title='bbox 1138 1274 1334 1315; x_wconf 83' lang='lat' dir='ltr'><strong>editionem</strong></span> <span class='ocrx_word' id='word_1_148' title='bbox 1361 1275 1607 1330; x_wconf 81' lang='lat' dir='ltr'><strong>Augustanam</strong></span> <span class='ocrx_word' id='word_1_149' title='bbox 1636 1289 1696 1315; x_wconf 78' lang='lat' dir='ltr'><strong>re·</strong></span> 
     </span>
     <span class='ocr_line' id='line_1_18' title="bbox 250 1340 1700 1397; baseline -0.001 -15"><span class='ocrx_word' id='word_1_150' title='bbox 250 1342 447 1397; x_wconf 84' lang='lat' dir='ltr'><strong>spexerim.</strong></span> <span class='ocrx_word' id='word_1_151' title='bbox 504 1343 616 1382; x_wconf 90' lang='lat' dir='ltr'><strong>Immo</strong></span> <span class='ocrx_word' id='word_1_152' title='bbox 640 1356 786 1397; x_wconf 83' lang='lat' dir='ltr'><strong>semper</strong></span> <span class='ocrx_word' id='word_1_153' title='bbox 806 1340 904 1381; x_wconf 90' lang='lat' dir='ltr'><strong>illam</strong></span> <span class='ocrx_word' id='word_1_154' title='bbox 924 1348 1007 1380; x_wconf 88' lang='lat' dir='ltr'><strong>ante</strong></span> <span class='ocrx_word' id='word_1_155' title='bbox 1033 1340 1156 1380; x_wconf 89' lang='lat' dir='ltr'><strong>oculos</strong></span> <span class='ocrx_word' id='word_1_156' title='bbox 1176 1340 1305 1390; x_wconf 84' lang='lat' dir='ltr'><strong>habui,</strong></span> <span class='ocrx_word' id='word_1_157' title='bbox 1341 1356 1385 1382; x_wconf 89' lang='lat' dir='ltr'><strong>ac</strong></span> <span class='ocrx_word' id='word_1_158' title='bbox 1402 1341 1516 1382; x_wconf 84' lang='lat' dir='ltr'><strong>sicubi</strong></span> <span class='ocrx_word' id='word_1_159' title='bbox 1543 1340 1700 1397; x_wconf 78' lang='lat' dir='ltr'><strong>meliora</strong></span> 
     </span>
     <span class='ocr_line' id='line_1_19' title="bbox 248 1405 1696 1463; baseline -0.002 -14"><span class='ocrx_word' id='word_1_160' title='bbox 248 1408 397 1457; x_wconf 89' lang='lat' dir='ltr'><strong>obtulit,</strong></span> <span class='ocrx_word' id='word_1_161' title='bbox 439 1407 570 1463; x_wconf 87' lang='lat' dir='ltr'><strong>excepi</strong></span> <span class='ocrx_word' id='word_1_162' title='bbox 600 1407 751 1455; x_wconf 71' lang='lat' dir='ltr'><strong>labem,</strong></span> <span class='ocrx_word' id='word_1_163' title='bbox 784 1405 1035 1459; x_wconf 89' lang='lat' dir='ltr'><strong>contextuique</strong></span> <span class='ocrx_word' id='word_1_164' title='bbox 1065 1405 1209 1448; x_wconf 79' lang='lat' dir='ltr'><strong>inserui.</strong></span> <span class='ocrx_word' id='word_1_165' title='bbox 1274 1407 1453 1462; x_wconf 84' lang='lat' dir='ltr'><strong>Quidquid</strong></span> <span class='ocrx_word' id='word_1_166' title='bbox 1483 1406 1696 1447; x_wconf 83' lang='lat' dir='ltr'><strong>discriminis</strong></span> 
     </span>
     <span class='ocr_line' id='line_1_20' title="bbox 247 1470 1697 1526; baseline -0.001 -12"><span class='ocrx_word' id='word_1_167' title='bbox 247 1473 335 1522; x_wconf 80' lang='lat' dir='ltr'><strong>suit,</strong></span> <span class='ocrx_word' id='word_1_168' title='bbox 377 1473 413 1512; x_wconf 89' lang='lat' dir='ltr'><strong>id</strong></span> <span class='ocrx_word' id='word_1_169' title='bbox 443 1473 479 1512; x_wconf 89' lang='lat' dir='ltr'><strong>in</strong></span> <span class='ocrx_word' id='word_1_170' title='bbox 510 1473 724 1514; x_wconf 84' lang='lat' dir='ltr'><strong>lectionibus</strong></span> <span class='ocrx_word' id='word_1_171' title='bbox 751 1472 860 1513; x_wconf 85' lang='lat' dir='ltr'><strong>variis</strong></span> <span class='ocrx_word' id='word_1_172' title='bbox 899 1470 1076 1526; x_wconf 81' lang='lat' dir='ltr'><strong>reperies,</strong></span> <span class='ocrx_word' id='word_1_173' title='bbox 1133 1472 1266 1520; x_wconf 84' lang='lat' dir='ltr'><strong>Add0,</strong></span> <span class='ocrx_word' id='word_1_174' title='bbox 1303 1473 1475 1513; x_wconf 87' lang='lat' dir='ltr'><strong>lecturum</strong></span> <span class='ocrx_word' id='word_1_175' title='bbox 1507 1481 1545 1514; x_wconf 87' lang='lat' dir='ltr'><strong>te</strong></span> <span class='ocrx_word' id='word_1_176' title='bbox 1570 1473 1606 1513; x_wconf 87' lang='lat' dir='ltr'><strong>in</strong></span> <span class='ocrx_word' id='word_1_177' title='bbox 1638 1473 1697 1513; x_wconf 83' lang='lat' dir='ltr'><strong>his</strong></span> 
     </span>
     <span class='ocr_line' id='line_1_21' title="bbox 247 1537 1695 1595; baseline 0 -15"><span class='ocrx_word' id='word_1_178' title='bbox 247 1538 362 1586; x_wconf 77' lang='lat' dir='ltr'><strong>libris,</strong></span> <span class='ocrx_word' id='word_1_179' title='bbox 391 1553 621 1594; x_wconf 88' lang='lat' dir='ltr'><strong>quaecunque</strong></span> <span class='ocrx_word' id='word_1_180' title='bbox 642 1539 776 1579; x_wconf 90' lang='lat' dir='ltr'><strong>inedita</strong></span> <span class='ocrx_word' id='word_1_181' title='bbox 796 1537 916 1578; x_wconf 87' lang='lat' dir='ltr'><strong>retulit</strong></span> <span class='ocrx_word' id='word_1_182' title='bbox 939 1551 986 1577; x_wconf 86' lang='lat' dir='ltr'><strong>ex</strong></span> <span class='ocrx_word' id='word_1_183' title='bbox 1006 1537 1184 1592; x_wconf 88' lang='lat' dir='ltr'><strong>Procopio</strong></span> <span class='ocrx_word' id='word_1_184' title='bbox 1203 1539 1327 1579; x_wconf 87' lang='lat' dir='ltr'><strong>Petrus</strong></span> <span class='ocrx_word' id='word_1_185' title='bbox 1356 1539 1495 1595; x_wconf 65' lang='lat' dir='ltr'><strong>Gyllius</strong></span> <span class='ocrx_word' id='word_1_186' title='bbox 1518 1539 1554 1579; x_wconf 91' lang='lat' dir='ltr'><strong>in</strong></span> <span class='ocrx_word' id='word_1_187' title='bbox 1572 1539 1695 1594; x_wconf 90' lang='lat' dir='ltr'><strong>Topo-</strong></span> 
     </span>
     <span class='ocr_line' id='line_1_22' title="bbox 248 1603 1696 1661; baseline 0.001 -16"><span class='ocrx_word' id='word_1_188' title='bbox 248 1605 409 1661; x_wconf 78' lang='lat' dir='ltr'><strong>graphia</strong></span> <span class='ocrx_word' id='word_1_189' title='bbox 439 1605 510 1646; x_wconf 90' lang='lat' dir='ltr'><strong>CP.</strong></span> <span class='ocrx_word' id='word_1_190' title='bbox 535 1605 663 1645; x_wconf 88' lang='lat' dir='ltr'><strong>Procul</strong></span> <span class='ocrx_word' id='word_1_191' title='bbox 694 1605 801 1645; x_wconf 90' lang='lat' dir='ltr'><strong>dubio</strong></span> <span class='ocrx_word' id='word_1_192' title='bbox 840 1603 1004 1644; x_wconf 88' lang='lat' dir='ltr'><strong>codicem</strong></span> <span class='ocrx_word' id='word_1_193' title='bbox 1032 1611 1155 1644; x_wconf 86' lang='lat' dir='ltr'><strong>nactus</strong></span> <span class='ocrx_word' id='word_1_194' title='bbox 1187 1613 1264 1645; x_wconf 88' lang='lat' dir='ltr'><strong>erat</strong></span> <span class='ocrx_word' id='word_1_195' title='bbox 1294 1605 1350 1646; x_wconf 87' lang='lat' dir='ltr'><strong>vir</strong></span> <span class='ocrx_word' id='word_1_196' title='bbox 1383 1605 1539 1646; x_wconf 85' lang='lat' dir='ltr'><strong>eruditus</strong></span> <span class='ocrx_word' id='word_1_197' title='bbox 1571 1614 1696 1647; x_wconf 86' lang='lat' dir='ltr'><strong>nostro</strong></span> 
     </span>
     <span class='ocr_line' id='line_1_23' title="bbox 250 1670 1695 1725; baseline 0.001 -14"><span class='ocrx_word' id='word_1_198' title='bbox 250 1671 416 1712; x_wconf 89' lang='lat' dir='ltr'><strong>similem.</strong></span> <span class='ocrx_word' id='word_1_199' title='bbox 474 1671 530 1712; x_wconf 86' lang='lat' dir='ltr'><strong>Ac</strong></span> <span class='ocrx_word' id='word_1_200' title='bbox 555 1671 648 1711; x_wconf 86' lang='lat' dir='ltr'><strong>sorte</strong></span> <span class='ocrx_word' id='word_1_201' title='bbox 683 1685 729 1711; x_wconf 89' lang='lat' dir='ltr'><strong>eo</strong></span> <span class='ocrx_word' id='word_1_202' title='bbox 748 1670 828 1724; x_wconf 89' lang='lat' dir='ltr'><strong>ipso</strong></span> <span class='ocrx_word' id='word_1_203' title='bbox 851 1685 933 1710; x_wconf 89' lang='lat' dir='ltr'><strong>usus</strong></span> <span class='ocrx_word' id='word_1_204' title='bbox 957 1678 1030 1718; x_wconf 83' lang='lat' dir='ltr'><strong>est,</strong></span> <span class='ocrx_word' id='word_1_205' title='bbox 1060 1685 1165 1725; x_wconf 90' lang='lat' dir='ltr'><strong>quem</strong></span> <span class='ocrx_word' id='word_1_206' title='bbox 1193 1670 1304 1711; x_wconf 90' lang='lat' dir='ltr'><strong>habet</strong></span> <span class='ocrx_word' id='word_1_207' title='bbox 1320 1671 1579 1712; x_wconf 86' lang='lat' dir='ltr'><strong>Illustrissimus</strong></span> <span class='ocrx_word' id='word_1_208' title='bbox 1601 1672 1695 1712; x_wconf 87' lang='lat' dir='ltr'><strong>Can·</strong></span> 
     </span>
     <span class='ocr_line' id='line_1_24' title="bbox 248 1735 1696 1784; baseline 0.001 -7"><span class='ocrx_word' id='word_1_209' title='bbox 248 1737 439 1784; x_wconf 76' lang='lat' dir='ltr'><strong>cellarius,</strong></span> <span class='ocrx_word' id='word_1_210' title='bbox 472 1745 509 1777; x_wconf 85' lang='lat' dir='ltr'><strong>et</strong></span> <span class='ocrx_word' id='word_1_211' title='bbox 538 1736 624 1776; x_wconf 92' lang='lat' dir='ltr'><strong>olim</strong></span> <span class='ocrx_word' id='word_1_212' title='bbox 656 1735 826 1775; x_wconf 89' lang='lat' dir='ltr'><strong>habuisse</strong></span> <span class='ocrx_word' id='word_1_213' title='bbox 861 1735 987 1776; x_wconf 86' lang='lat' dir='ltr'><strong>dieitur</strong></span> <span class='ocrx_word' id='word_1_214' title='bbox 1014 1737 1140 1779; x_wconf 86' lang='lat' dir='ltr'><strong>Illustr.</strong></span> <span class='ocrx_word' id='word_1_215' title='bbox 1173 1752 1217 1778; x_wconf 86' lang='lat' dir='ltr'><strong>ac</strong></span> <span class='ocrx_word' id='word_1_216' title='bbox 1250 1738 1457 1779; x_wconf 85' lang='lat' dir='ltr'><strong>Reverend.</strong></span> <span class='ocrx_word' id='word_1_217' title='bbox 1491 1737 1696 1779; x_wconf 87' lang='lat' dir='ltr'><strong>Cardinalis</strong></span> 
     </span>
     <span class='ocr_line' id='line_1_25' title="bbox 249 1801 1694 1858; baseline 0.001 -15"><span class='ocrx_word' id='word_1_218' title='bbox 249 1801 509 1851; x_wconf 83' lang='lat' dir='ltr'><strong>Armaniaeus‚</strong></span> <span class='ocrx_word' id='word_1_219' title='bbox 545 1803 643 1844; x_wconf 88' lang='lat' dir='ltr'><strong>cuius</strong></span> <span class='ocrx_word' id='word_1_220' title='bbox 662 1802 916 1843; x_wconf 87' lang='lat' dir='ltr'><strong>Bibliothecae</strong></span> <span class='ocrx_word' id='word_1_221' title='bbox 937 1802 1076 1858; x_wconf 59' lang='lat' dir='ltr'><strong>Gyllius</strong></span> <span class='ocrx_word' id='word_1_222' title='bbox 1100 1803 1266 1858; x_wconf 82' lang='lat' dir='ltr'><strong>praefuit.</strong></span> <span class='ocrx_word' id='word_1_223' title='bbox 1306 1804 1452 1844; x_wconf 89' lang='lat' dir='ltr'><strong>Tenere</strong></span> <span class='ocrx_word' id='word_1_224' title='bbox 1470 1811 1526 1852; x_wconf 89' lang='lat' dir='ltr'><strong>te,</strong></span> <span class='ocrx_word' id='word_1_225' title='bbox 1547 1805 1694 1853; x_wconf 83' lang='lat' dir='ltr'><strong>Lector,</strong></span> 
     </span>
     <span class='ocr_line' id='line_1_26' title="bbox 249 1868 1697 1925; baseline 0.002 -16"><span class='ocrx_word' id='word_1_226' title='bbox 249 1868 380 1910; x_wconf 90' lang='lat' dir='ltr'><strong>diutius</strong></span> <span class='ocrx_word' id='word_1_227' title='bbox 401 1869 498 1910; x_wconf 85' lang='lat' dir='ltr'><strong>nolo.</strong></span> <span class='ocrx_word' id='word_1_228' title='bbox 556 1869 753 1923; x_wconf 86' lang='lat' dir='ltr'><strong>Procopius</strong></span> <span class='ocrx_word' id='word_1_229' title='bbox 773 1868 917 1910; x_wconf 86' lang='lat' dir='ltr'><strong>invitat:</strong></span> <span class='ocrx_word' id='word_1_230' title='bbox 953 1868 977 1916; x_wconf 89' lang='lat' dir='ltr'><strong>i,</strong></span> <span class='ocrx_word' id='word_1_231' title='bbox 1009 1883 1183 1924; x_wconf 85' lang='lat' dir='ltr'><strong>sequere;</strong></span> <span class='ocrx_word' id='word_1_232' title='bbox 1219 1869 1325 1910; x_wconf 90' lang='lat' dir='ltr'><strong>bonis</strong></span> <span class='ocrx_word' id='word_1_233' title='bbox 1355 1869 1481 1911; x_wconf 86' lang='lat' dir='ltr'><strong>avibus</strong></span> <span class='ocrx_word' id='word_1_234' title='bbox 1499 1869 1697 1925; x_wconf 76' lang='lat' dir='ltr'><strong>ingredere</strong></span> 
     </span>
     <span class='ocr_line' id='line_1_27' title="bbox 250 1934 1607 1994; baseline 0 -17"><span class='ocrx_word' id='word_1_235' title='bbox 250 1934 365 1978; x_wconf 81' lang='lat' dir='ltr'><strong>viam:</strong></span> <span class='ocrx_word' id='word_1_236' title='bbox 403 1935 586 1977; x_wconf 87' lang='lat' dir='ltr'><strong>Iustiniani</strong></span> <span class='ocrx_word' id='word_1_237' title='bbox 604 1935 770 1978; x_wconf 84' lang='lat' dir='ltr'><strong>aedificia</strong></span> <span class='ocrx_word' id='word_1_238' title='bbox 789 1934 875 1977; x_wconf 88' lang='lat' dir='ltr'><strong>obi:</strong></span> <span class='ocrx_word' id='word_1_239' title='bbox 914 1934 1059 1992; x_wconf 82' lang='lat' dir='ltr'><strong>singula</strong></span> <span class='ocrx_word' id='word_1_240' title='bbox 1087 1936 1283 1994; x_wconf 80' lang='lat' dir='ltr'><strong>diligenter</strong></span> <span class='ocrx_word' id='word_1_241' title='bbox 1302 1936 1451 1993; x_wconf 85' lang='lat' dir='ltr'><strong>inspice.</strong></span> <span class='ocrx_word' id='word_1_242' title='bbox 1497 1935 1607 1980; x_wconf 78' lang='lat' dir='ltr'><strong>Vale.</strong></span> 
     </span>
    </p>
   </div>
  </div>
 </body>
</html>
