1800 3126
487 133 548 176 IN.
577 134 782 178 LIBROS
811 133 932 179 VIII.
1006 133 1084 179 DE
1108 133 1316 178 BELLIS.

201 250 304 284 reges
331 239 372 282 Ι,
405 239 472 281 68,
497 239 553 273 22.
580 239 644 282 87,
673 240 707 274 2.
744 239 872 285 patrias

164 302 167 304 ·
198 286 294 330 leges
321 285 482 329 religiose
497 284 680 319 observant
694 285 722 326 Ι,
738 286 796 326 29,
815 288 871 320 20.

195 332 266 374 32,
295 331 351 367 13.
381 330 520 364 nummis
553 330 723 374 argenteis
758 331 871 365 vultus

167 391 170 394 >
198 386 279 410 suos
305 376 518 422 imprimunt.
555 387 623 410 non
650 376 730 410 item
758 377 871 411 aureis

196 422 373 463 11,'417.
411 422 464 457 14.
496 422 628 456 ubinam
659 422 869 456 aurifodinas

195 468 341 502 habeant
356 468 382 508 Ι,
394 470 438 503 77
450 494 459 507 ,
477 469 510 502 2.
522 469 578 510 78,
598 468 652 502 16.
669 469 738 502 suis
750 479 869 502 monu-

194 513 315 548 mentis
349 514 536 547 inscribunt
571 525 685 547 eorum
720 514 866 557 nomina,

127 567 136 581 ’
192 559 363 641 343¹⁰³1b23¹⁵
378 559 613 649 ..ξῧῗὲἓῗὲἵέε
626 571 791 639 ἶῗξῖῗῗὲ
803 560 867 650 ,¹J‘

263 631 273 647 ν
337 631 344 639 ·
849 624 867 630 “

192 650 284 685 blico
314 652 350 693 1,
377 653 462 692 108,
490 651 531 685 15
566 661 662 684 nemo
697 651 866 692 annulum,

193 708 312 731 zonam
343 709 384 730 ac
409 697 543 731 fibulam
579 707 715 731 auream
764 701 865 741 estat,

193 742 256 776 uisi
284 743 377 787 regis
414 754 578 787 permissu
605 742 633 782 Ι,
661 743 717 784 86,
763 769 770 776 .
803 743 865 775 ab-

190 788 332 822 horrent
341 789 476 822 ‘Persae
491 789 534 822 ab
549 787 752 821 effundendo
770 788 863 832 regio

189 834 355 879 sanguine
379 834 408 876 Ι,
425 835 480 873 26,
499 835 531 869 3.
563 835 618 876 29,
636 834 668 868 5.
695 833 863 878 quomodo

192 884 378 927 excaecant
416 880 626 913 facinorosos
658 879 695 921 Ι,
731 880 796 919 33,
828 880 862 914 6.

190 935 252 959 cur
294 937 465 959 carcerem
501 925 666 970 quendam
692 924 864 970 appellent

189 971 364 1005 castellum
387 971 576 1005 Oblivionis
599 971 627 1013 Ι,
644 971 700 1012 26,
726 974 758 1005 4.
779 982 864 1003 non-

118 1061 122 1064 .
189 1017 254 1051 nisi
285 1017 350 1051 sub
374 1028 554 1062 vesperum
587 1017 696 1054 cibum
723 1017 862 1062 capiunt

188 1062 219 1104 Ι,
244 1063 302 1104 71,
327 1063 359 1097 6.
383 1063 465 1104 231,
487 1063 522 1097 5.
544 1074 668 1103 ,eorum
694 1062 861 1096 Proceres

189 1108 456 1153 arrogantissimi
486 1108 526 1150 Ι,
561 1109 628 1150 55,
651 1109 707 1143 22.
732 1119 804 1142 mos
827 1108 860 1141 in

187 1155 393 1188 recensendo
424 1159 519 1194 ante-
542 1165 655 1198 regem
708 1153 861 1187 exercitu

187 1200 230 1244 I,
253 1201 317 1243 97,
346 1201 399 1235 18.
419 1200 474 1234 lex
493 1198 540 1237 ,de
563 1201 660 1233 hoste
682 1211 747 1232 non
770 1199 861 1233 inse-

187 1245 321 1291 quendo
347 1246 457 1279 effuse
485 1246 580 1290 equis
601 1245 635 1278 in
658 1245 764 1290 ipsius
787 1245 860 1279 solo

184 1291 220 1334 l,
244 1291 312 1335 24,
336 1293 392 1327 14.
435 1288 690 1325 Immortalium'
710 1291 856 1335 phalanx

185 1337 215 1381 Ι,
237 1334 302 1378 76,
329 1339 382 1373 12.
406 1337 536 1382 pedites
560 1336 714 1370 vilissimi
739 1337 773 1376 Ι,
798 1337 855 1377 69,

186 1383 239 1417 18.
265 1383 398 1428 equites
419 1382 557 1427 flagello
580 1382 735 1416 instructi
754 1382 783 1424 Ι,
798 1382 856 1421 65,

186 1429 223 1464 5.
247 1429 376 1462 Persae
417 1427 566 1472 expediti
599 1428 758 1472 quidem,
794 1427 856 1460 sed

183 1474 300 1508 molles
321 1473 490 1517 sagittarii
515 1473 550 1514 Ι,
575 1474 638 1515 94,
663 1473 716 1506 16.
742 1472 856 1517 ponti-

183 1520 248 1554 bus
285 1519 410 1554 fluvios
448 1518 592 1563 iungunt
627 1530 669 1552 ex
704 1527 857 1562 tempore

182 1565 214 1607 Ι,
238 1563 319 1607 246,
354 1566 410 1600 20.
442 1565 504 1598 sub
530 1565 662 1598 Peroze
690 1575 772 1607 rege
802 1563 855 1595 in-

182 1611 463 1655 signem‚cladem
493 1610 665 1654 accipiunt
687 1610 730 1642 ab
757 1609 855 1653 Eph-

182 1657 315 1691 thalitis
341 1657 368 1698 1,
391 1658 450 1696 21,
474 1657 506 1691 8.
530 1657 592 1689 sub
618 1654 758 1689 Cabade
788 1654 855 1687 illis

180 1701 331 1746 Vectigal
355 1701 492 1735 solvunt
516 1701 554 1741 Ι,
588 1702 656 1741 24,
687 1702 742 1734 20.
766 1700 854 1732 bello

181 1757 256 1782 cum
290 1747 452 1782 Romanis
484 1751 662 1790 suscepto.
703 1745 854 1778 Amidam

182 1793 323 1839 capiunt
343 1793 383 1834 1,
405 1793 469 1836 37,
496 1793 549 1827 16.
579 1790 743 1825 aedificiis
774 1801 854 1835 par-

182 1843 263 1874 cunt
294 1839 333 1883 Ι,
358 1839 425 1880 46,
450 1840 482 1873 8.
506 1837 672 1871 limitanea
706 1835 857 1870 Lazicae

181 1885 322 1919 castella
352 1891 519 1928 occupant
543 1883 570 1924 Ι,
594 1884 651 1924 58,
678 1883 732 1917 17.
752 1893 853 1925 prae-

181 1931 225 1965 lio
256 1929 463 1964 memorabili
502 1929 543 1962 ad
578 1930 693 1962 urbem
728 1927 852 1961 Daram

181 1976 358 2022 profligati
384 1975 413 2019 Ι,
437 1977 494 2017 72,
517 1976 573 2010 20.
604 1974 686 2007 victi
707 1973 740 2006 in
766 1973 852 2006 Per-

181 2022 346 2058 san-menia
371 2021 407 2064 Ι,
431 2022 497 2059 75,
527 2023 560 2056 4.
584 2025 618 2053 et
639 2020 672 2053 in
695 2019 853 2052 Armenia

150 2062 220 2111 ⁴1,
245 2069 314 2112 76,
334 2068 368 2104 7.
393 2067 434 2101 ad
468 2066 678 2110 Euphratem
701 2065 853 2098 victores

180 2115 217 2157 Ι,
240 2114 306 2154 95,
334 2112 667 2156 10.’Μει’ῐγι·οροΙίη
694 2110 852 2144 obsident

179 2160 208 2200 l.
229 2161 305 2201 107,
322 2160 379 2194 21.
403 2158 608 2193 obsidionem
624 2157 770 2196 solvunt,
787 2167 848 2190 au-

181 2205 252 2239 dita
279 2211 386 2239 morte
411 2204 563 2238 Cabadis
583 2204 609 2238 1.
634 2205 709 2242 111,
729 2203 760 2236 8.
777 2201 850 2235 eius

179 2251 360 2292 memoriae
397 2250 556 2283 honorem
594 2248 791 2293 impendunt
818 2247 848 2289 Ι,

181 2299 261 2339 110,
283 2297 315 2331 6.
339 2296 402 2330 sub
422 2295 588 2337 chosroe,
610 2294 720 2328 soluta
749 2303 846 2339 pace,

179 2343 269 2377 Sura
292 2341 430 2387 capiunt
458 2341 495 2382 1,
525 2341 612 2380 174,
635 2341 690 2376 21.
719 2344 753 2372 et
781 2339 847 2372 Be-

178 2399 292 2427 roeam
312 2388 349 2422 .1.
375 2388 462 2430 182,
486 2389 519 2422 6.
549 2385 756 2420 Antiochiam
788 2396 848 2418 ex-

178 2433 336 2469 scindunt
366 2433 393 2475 Ι,
418 2434 495 2474 189,
510 2433 543 2466 9.
568 2437 602 2466 et
624 2443 691 2476 seq.
712 2431 849 2464 Petram

179 2484 377 2525 expugnant
405 2478 439 2512 in
461 2478 587 2513 Lazica
618 2477 653 2519 l,
679 2477 767 2517 228,
793 2478 846 2513 10.

179 2525 268 2570 capti
286 2525 463 2559 mittuntur
480 2523 695 2568 Byzantium,
719 2526 754 2555 et
770 2521 846 2555 hinc

177 2570 215 2605 in
260 2570 395 2625 ltaliam
417 2571 455 2614 l,
493 2569 582 2610 235,
630 2570 684 2603 18.
733 2567 846 2602 Edes-

178 2615 699 2704 ffitgbgjdgggfssengss
722 2619 846 2694 ‘33:32

179 2719 252 2743 sam
277 2713 415 2742 servant
440 2707 470 2750 Ι,
490 2708 568 2748 292,
596 2708 648 2743 11.
665 2707 698 2740 in
719 2705 848 2739 Lazica

177 2753 269 2788 caesi
288 2754 305 2788 1
319 2781 327 2795 ,
350 2755 440 2795 298,
465 2755 518 2790 15.
541 2753 622 2787 illuc
649 2752 848 2797 irrumpunt.

180 2800 260 2835 566.
289 2811 321 2834 a.
351 2801 489 2835 Petram
519 2797 656 2844 egregie
696 2809 847 2845 propug-

1541 134 1643 179 519

963 242 1047 273 nant
1086 239 1130 281 Π,
1169 240 1248 280 508,
1278 239 1312 275 5.
1343 244 1379 274 et
1417 252 1484 285 seq.
1541 241 1631 275 arcis

960 285 1110 320 incendio
1145 286 1254 331 perire
1281 285 1430 328 malunt,
1462 297 1560 330 quam
1589 298 1628 320 se

961 330 1086 366 dedere
1109 331 1164 373 ΙΙ,
1187 333 1278 373 520,
1314 333 1346 366 7.
1378 342 1456 375 pars
1486 332 1629 366 Lazioee

960 377 1105 412 maxima
1134 377 1250 411 Persis
1276 377 1408 411 subdita
1435 377 1480 420 ΙΙ,
1498 378 1574 412 535.
1592 378 1628 411 6.

961 423 1078 467 quales
1104 434 1217 457 eorum
1245 422 1410 457 victoriae
1435 434 1478 456 ex
1502 423 1629 457 Roma-

958 468 1009 501 nis
1026 468 1071 510 ΙΙ,
1095 469 1174 512 488,
1199 470 1230 503 8.
1263 470 1343 503 vide
1363 469 1574 512 potissimum
1594 480 1629 505 υ.

959 513 1141 549 chosroes.
1172 515 1300 548 Persae
1323 515 1519 558 transfugae
1535 514 1628 547 Nar-

957 566 1062 594 setem
1088 560 1122 594 in
1148 560 1277 594 Italiam
1305 560 1409 594 secuti
1434 560 1479 601 ΙΙ,
1495 560 1573 600 599,
1592 561 1627 594 2.

911 604 1145 654 Persai-menia
1172 606 1226 647 ΙΙ,
1255 606 1336 644 467,
1366 607 1395 640 1.
1419 605 1453 639 in
1481 616 1522 639 ea
1547 616 1628 650 pars

956 651 1076 684 montis
1103 651 1211 685 Tauri
1243 651 1287 694 Ι,
1322 652 1384 689 47,
1425 652 1478 686 17.
1501 650 1627 684 fluvius

955 697 1096 731 Arsines
1123 697 1149 741 1,
1178 698 1233 739 84,
1258 699 1318 732 21.
1344 696 1464 730 Bolum
1488 701 1570 730 cast.
1592 700 1628 730 et

954 742 1178 786 Pharangium
1206 744 1237 784 1,
1263 743 1327 781 77.
1361 744 1390 776 1.
1423 742 1627 786 Magistrum

954 788 1060 822 habet
1084 789 1240 825 militum,
1270 788 1542 832 Episcopumque
1572 788 1627 821 di-

954 838 1044 868 ctum
1077 833 1290 867 Catholicum
1317 833 1347 874 Ι,
1373 835 1460 878 260,
1489 835 1522 868 7.
1546 834 1625 875 263,

957 881 1011 915 11.
1042 879 1240 913 commercio
1273 879 1430 912 Indorum
1465 878 1626 912 aliarum-

955 936 1022 970 que
1053 924 1204 969 gentium
1238 924 1380 958 celebris
1405 925 1442 964 Ι,
1470 925 1559 966 263,
1589 926 1623 959 8.

955 983 1028 1005 eam
1055 972 1162 1004 Sittas
1194 981 1235 1004 ac
1266 969 1449 1003 Belisarius
1488 973 1625 1004 vastant

950 1016 979 1056 Ι,
1004 1017 1061 1058 59,
1089 1018 1121 1051 8.
1149 1017 1243 1050 susus
1268 1015 1336 1049 illic
1358 1015 1568 1049 Mermeroes
1594 1016 1624 1057 Ι,

950 1062 1016 1104 75,
1051 1062 1084 1096 4.
1127 1061 1211 1095 victi
1249 1061 1291 1095 ad
1326 1061 1511 1106 Anglonem
1550 1061 1624 1095 Ro-

952 1107 1040 1141 mani
1068 1107 1096 1143 1,
1119 1109 1199 1149 267,
1223 1107 1256 1141 5.

906 1153 1062 1188 Persicus
1092 1153 1184 1186 sinus
1214 1152 1362 1186 conchas
1394 1152 1498 1186 habet
1526 1162 1622 1186 mar-
1680 1155 1682 1157 ’

949 1198 1142 1243 garitiferas
1165 1199 1192 1240 Ι,
1208 1199 1265 1234 22.
1288 1199 1321 1232 6.

904 1244 1045 1279 Perusia
1064 1244 1108 1277 ad
1132 1244 1218 1277 viam
1254 1242 1451 1277 Flaminiam
1475 1242 1541 1276 sita
1572 1243 1619 1277 ΙΙ.

947 1292 1024 1333 189,
1042 1289 1319 1324 8.urbsTusciae
1335 1289 1544 1334 princepslI,
1561 1289 1618 1331 81,

950 1337 1004 1371 14.
1040 1341 1179 1380 recepta
1206 1346 1226 1368 a
1261 1334 1485 1368 Constantino
1517 1334 1617 1368 Rom.

946 1383 1052 1416 Duce.
1088 1383 1168 1415 ibid.
1195 1381 1362 1425 praesidio
1398 1379 1544 1413 munitur
1571 1379 1619 1422 ΙΙ,

948 1427 1005 1466 84,
1030 1426 1083 1462 14.
1108 1428 1235 1460 frustra
1260 1426 1349 1460 illam
1376 1425 1513 1459 Totilas
1541 1428 1618 1458 ten·

947 1477 1000 1506 tat
1027 1473 1079 1507 ΙΙ.
1110 1472 1197 1513 327,
1236 1474 1270 1506 2.
1302 1471 1457 1506 obsident
1492 1470 1618 1504 Gotthi

946 1518 993 1558 Il,
1017 1518 1096 1556 382.
1130 1520 1183 1559 10,
1215 1518 1294 1558 386,
1325 1518 1379 1551 16.
1410 1517 1546 1562 capiunt
1572 1516 1616 1556 ΙΙ,

945 1565 1023 1604 427,
1052 1564 1102 1597 13.
1121 1562 1253 1597 Narses
1268 1562 1390 1608 recipit
1403 1563 1448 1605 11,
1463 1563 1542 1602 689,
1561 1562 1615 1595 16.

943 1609 985 1642 fit
1022 1607 1170 1642 eiusdem
1208 1608 1333 1642 mentio
1363 1608 1418 1650 11,
1457 1608 1550 1648 302,
1579 1607 1613 1642 9.

899 1699 1117 1734 Pestilentiae
1138 1698 1359 1742 gravissimae
1378 1697 1561 1742 descriptio
1584 1697 1612 1739 1,

943 1745 1021 1785 249,
1047 1747 1080 1780 7.
1106 1750 1142 1778 et
1163 1756 1230 1788 seq.
1254 1743 1452 1787 infligitura
1475 1744 1612 1776 daemo-

944 1790 1040 1824 nibus
1068 1789 1095 1830 Ι,
1118 1790 1198 1828 251,
1224 1790 1255 1823 5.
1286 1789 1495 1833 quandonam
1515 1800 1611 1832 gras-

943 1840 1019 1870 sata
1046 1835 1212 1877 Byzantii.
1247 1836 1332 1870 ibid.
1364 1842 1399 1868 et
1421 1834 1565 1879 quandiu
1583 1834 1611 1876 Ι,

943 1882 1022 1922 255,
1033 1882 1088 1916 20.
1106 1880 1246 1913 Romam
1257 1891 1275 1912 a
1285 1880 1423 1914 Gotthis
1440 1881 1612 1914 obsessam

941 1926 1070 1960 invadit
1086 1926 1128 1966 ΙΙ,
1150 1926 1225 1967 154,
1239 1926 1291 1960 15.
1304 1931 1338 1959 et
1348 1925 1442 1971 ipsos
1459 1926 1618 1959 Gotthos

943 1973 988 2013 ΙΙ,
1015 1973 1091 2015 161,
1119 1972 1175 2005 22.

897 2019 1012 2056 Petra,
1043 2017 1190 2050 Arabiae
1214 2016 1324 2060 Regia
1354 2016 1383 2058 Ι,
1416 2018 1492 2058 101,
1515 2018 1548 2052 7.

896 2064 1018 2099 Petra.
1045 2063 1126 2096 urbs
1159 2062 1192 2095 in
1224 2063 1349 2095 Lazica
1378 2073 1399 2095 a
1423 2061 1608 2096 Iustiniana

941 2108 1095 2143 conditur
1130 2108 1156 2149 Ι,
1178 2109 1257 2150 218,
1283 2110 1319 2142 5.
1344 2109 1425 2151 225,
1458 2109 1512 2142 12.
1528 2109 1608 2151 227,

941 2158 994 2190 10.
1017 2155 1096 2194 289,
1122 2154 1178 2187 20.
1205 2153 1276 2187 eius
1299 2154 1385 2188 situs
1410 2154 1453 2191 ΙΙ,
1477 2153 1557 2194 467,
1573 2153 1608 2187 3.

938 2202 1018 2243 289,
1044 2201 1100 2235 20.
1126 2206 1228 2244 capta
1252 2211 1272 2232 a
1295 2200 1449 2234 Chosroe
1479 2199 1505 2241 Ι,
1528 2200 1609 2239 228,

941 2246 997 2282 15.
1029 2244 1175 2279 munitur
1199 2245 1367 2291 praesidio
1401 2246 1427 2287 Ι,
1448 2244 1527 2287 238,
1552 2245 1606 2279 15.

937 2303 1011 2326 eam
1035 2291 1175 2325 Romaai
1213 2291 1370 2325 obsident
1391 2291 1427 2331 Ι,
1452 2291 1542 2327 288,
1574 2291 1607 2324 7.

938 2337 1110 2372 obsidione
1131 2337 1269 2370 solvunt
1298 2337 1325 2378 Ι,
1350 2339 1428 2378 292,
1451 2338 1502 2370 10.
1520 2335 1608 2368 Per-

936 2395 999 2419 sae
1021 2394 1109 2416 novo
1132 2394 1224 2416 more
1247 2382 1361 2417 ruinas
1390 2385 1547 2427 reparant
1577 2381 1605 2420 Ι,

937 2429 1016 2469 295,
1040 2429 1072 2463 9.
1084 2428 1127 2462 ΙΙ.
1145 2429 1224 2470 497,
1252 2430 1304 2462 11.
1321 2429 1400 2470 508,
1414 2429 1447 2462 5.
1463 2425 1606 2460 Romani

935 2475 1056 2509 iterum
1090 2474 1247 2508 obsident
1276 2474 1332 2513 11,
1369 2474 1454 2514 507,
1486 2472 1538 2505 14.
1570 2476 1606 2505 et

937 2533 1004 2566 seq.
1027 2524 1061 2554 et
1087 2524 1279 2565 expugnant
1294 2519 1338 2558 ΙΙ,
1354 2519 1430 2557 517,
1447 2519 1480 2552 9.
1496 2527 1606 2560 aquae

936 2567 1056 2601 ductus
1080 2566 1236 2609 egregius
1267 2566 1312 2606 ΙΙ,
1335 2565 1412 2604 521,
1444 2564 1476 2597 9.
1508 2561 1604 2596 urbis

935 2612 1066 2647 moenia
1090 2611 1201 2645 diruta
1226 2611 1280 2649 ΙΙ,
1310 2611 1388 2650 522,
1421 2609 1475 2643 13.
1507 2607 1605 2641 unius

935 2658 1001 2692 diei
1022 2657 1143 2692 itinere
1166 2657 1358 2691 Absarunte
1385 2654 1532 2688 distabat
1558 2654 1604 2695 ll,

935 2704 1018 2747 468,
1041 2705 1075 2738 8.

891 2750 1176 2804 Petra-pertusa,
1211 2746 1392 2781 secundum
1413 2744 1504 2779 viam
1524 2744 1605 2778 Fla-

937 2796 1069 2832 mimam
1096 2794 1147 2836 ΙΙ,
1171 2793 1260 2835 609,
1291 2792 1323 2829 8.
1351 2791 1423 2827 eius
1444 2791 1530 2826 situs
1557 2790 1605 2834 11,
