1754 3132
521 138 787 181 ALEMANNI
814 138 1158 183 DISSERTATIO.
1321 199 1323 201 q
1484 156 1582 186 xvu

106 251 245 309 gradus
264 249 439 294 abolevit.
498 250 815 294 Sceleratissimos
852 266 1014 310 quosque
1043 266 1193 309 semper
1224 253 1272 295 ad
1302 252 1501 310 dignitates
1535 269 1582 298 ae

104 320 339 377 magistratus
358 319 502 370 evexit,
537 321 630 362 inter
649 320 719 362 hos
737 320 930 370 Acacium,
964 321 1021 362 cui
1043 329 1127 376 post
1151 335 1298 362 caesum
1317 323 1576 377 Amazaspem,

102 387 305 431 Armeniae
324 387 514 443 imperium
534 388 734 436 concessit;
763 395 801 430 et
832 388 1006 430 Ioannem
1028 389 1182 438 Zibum,
1211 389 1273 444 qui
1307 398 1343 431 ut
1372 390 1502 431 Colchi
1524 392 1571 431 ad
1595 392 1623 426 P
1647 391 1682 426 X

104 453 311 497 Chosroem
331 456 531 497 deficerent
553 464 656 497 autor
674 456 750 498 suit,
807 456 929 506 Haec,
961 457 1105 513 aliaque
1129 456 1316 513 complura
1343 458 1379 499 in
1399 458 1563 507 historia,
1592 466 1618 499 Α
1643 466 1665 500 8

103 535 213 579 quam
253 522 450 565 Iustiniano
507 523 707 581 legendam
762 523 963 581 Procopius
1022 523 1192 575 tradidit,
1242 524 1449 581 eodemque
1490 526 1577 569 vivo

103 590 316 647 publicavit.

215 670 350 727 Neque
378 679 619 729 posteaquam
647 671 673 714 ii
701 671 950 714 commentarii
981 671 1126 721 emissi,
1162 678 1270 728 atque
1300 672 1488 714 multorum
1518 689 1575 716 ca-

92 731 248 779 lumniis
278 747 315 780 et
344 739 686 791 obtrectationibus,
726 748 765 782 ut
802 740 920 781 ferme
949 739 1100 787 accidit,
1134 739 1293 796 expositi
1323 749 1423 790 sunt,
1459 742 1577 783 oll'en-

103 804 199 846 sioni
235 804 431 862 aliquando
463 807 661 849 Iustiniano
697 809 859 858 fuerunt,
901 808 962 850 vel
1002 816 1170 849 crearunt
1210 808 1326 848 autori
1358 809 1578 863 periculum:

102 871 176 914 imo
196 887 270 914 non
299 864 359 916 ‹liu
388 883 470 930 post
491 884 659 917 octavum
678 875 878 930 Procopius
911 874 1042 916 librum
1077 874 1212 922 edidit,
1254 875 1291 915 in
1329 889 1400 930 quo
1439 876 1486 916 ab
1527 877 1577 917 in-

101 940 284 981 sectandis
317 942 556 997 notandisque
582 941 769 982 Iustiniani
798 941 1007 983 criminibus
1034 941 1150 983 nihilo
1173 941 1296 998 magis
1323 957 1429 998 quam
1468 952 1579 986 antea

99 1007 282 1051 abstinuit.
340 1009 436 1050 Nam
475 1008 604 1050 iterum
633 1009 816 1066 stipendia
847 1009 1019 1051 militibus
1054 1018 1193 1067 negata
1230 1010 1404 1060 inculcat;
1446 1011 1578 1053 iterum

84 1077 295 1133 ,neglectos
322 1076 414 1118 belli
443 1084 640 1132 apparatus
665 1086 946 1126 commemorat;
985 1077 1114 1119 iterum
1149 1077 1337 1119 Iustiniani
1370 1079 1573 1135 prodigen-

99 1143 188 1186 tiam
208 1143 245 1185 in
267 1144 487 1201 excipiendo
508 1144 746 1186 fastosissimo
765 1145 932 1186 Barbaro
961 1145 1133 1202 Isdiguna
1157 1145 1350 1187 Persarum
1371 1147 1488 1203 Regis
1519 1147 1571 1188 le-

99 1220 192 1270 gato
215 1211 417 1268 vituperat;
453 1211 553 1253 addit
575 1211 638 1253 hie
668 1227 758 1253 vero
779 1227 844 1254 eas
866 1213 1011 1254 domum
1037 1212 1207 1253 retulisse
1234 1213 1281 1254 ab
1302 1213 1498 1254 Iustiniano
1519 1215 1572 1256 di-

99 1279 229 1328 vitias,
289 1279 418 1336 quibus
462 1279 757 1335 opulentissimos
815 1294 979 1335 quosque
1029 1280 1222 1321 Persarum
1274 1281 1384 1322 facile
1437 1282 1573 1324 deinde

99 1346 292 1403 superarit.
350 1347 504 1388 Praeter
525 1346 621 1387 haec
640 1360 719 1386 rem
753 1347 998 1389 Romanorum
1024 1347 1092 1387 sub
1121 1347 1318 1389 iustiniano
1350 1362 1397 1388 eo
1418 1348 1571 1391 locive-

97 1415 198 1456 nisse
217 1413 322 1464 dicit,
361 1422 397 1454 ut
422 1413 546 1455 Persis
567 1414 735 1455 tributum
765 1413 955 1469 quotannis
976 1414 1216 1469 ponderetur;
1249 1415 1386 1456 Hunnis
1416 1430 1507 1458 vero
1535 1417 1575 1458 in

97 1482 191 1524 fines
220 1482 466 1524 Romanorum
499 1489 681 1537 perpetuo
719 1480 994 1522 excurrentibus
1026 1482 1387 1538 magnificentissima
1420 1498 1573 1526 munera

96 1564 166 1607 per
191 1548 359 1606 singulos
392 1564 507 1590 annos
535 1550 719 1591 darentur.
778 1548 946 1604 Denique
983 1548 1237 1606 intempestiva
1276 1565 1424 1592 reorum
1456 1552 1570 1594 indul-

97 1616 244 1675 gentia,
275 1617 490 1673 praesertim
510 1617 639 1659 ducum
659 1614 864 1665 exercitus,
905 1631 1137 1673 magnopere
1156 1616 1387 1660 Iustinianum
1405 1619 1571 1663 obfuisse

95 1684 346 1742 Reipublicae.
421 1686 581 1743 Εἰώθει
616 1683 692 1741 γάρ
729 1682 1009 1734 Ἰουστινιανός
1046 1686 1234 1740 βασιλεύς
1267 1688 1478 1744 ἐπιχωρεῖν
1520 1688 1570 1732 τοὶ

95 1753 225 1796 πολ-λα’
254 1759 340 1804 τοῖς
383 1752 574 1808 ἄρχουσιν
628 1751 928 1808 ἁμαρτάνουσι,
975 1754 1044 1796 καὶ
1081 1751 1148 1796 ἀπ’
1177 1752 1306 1798 αὐτοῦ
1335 1755 1376 1805 ἔς
1418 1773 1458 1798 τε
1494 1755 1571 1810 τήν

96 1823 276 1873 δίαιταν,
300 1822 368 1864 καὶ
397 1820 473 1876 τήν
501 1825 706 1865 πολιτείαν
734 1823 779 1865 ἐκ
814 1825 890 1864 τοῦ
921 1821 990 1863 ἐπὶ
1028 1826 1215 1865 πλεῖστον
1243 1829 1573 1878 παρανομοῦντες

94 1890 322 1944 ἡλίσκοντο.
400 1891 634 1932 consueverat
677 1894 791 1940 enim,
850 1887 985 1945 inquit,
1034 1890 1262 1932 lastinianus
1297 1892 1492 1944 Imperator
1529 1898 1572 1933 ut

90 1961 284 2013 plurimum
329 1962 479 1999 crimina
530 1963 709 2011 ignoscere
753 1960 899 1998 ducibus
935 1961 1110 1997 exercitus
1150 1960 1452 2012 delz'nquentz‘bus:
1506 1966 1571 2000 at-

98 2041 164 2082 que
200 2028 284 2066 haec
329 2040 442 2067 causa
487 2032 588 2076 erat,
644 2028 863 2080 quamobrem
897 2027 956 2066 illi
984 2040 1063 2066 cum
1098 2029 1138 2066 in
1170 2027 1398 2080 disciplinam
1433 2029 1572 2068 milita-

95 2108 188 2144 rem,
217 2099 292 2134 tum
322 2097 361 2134 in
389 2095 661 2148 Rempublicam
689 2097 902 2146 gravissime
926 2108 1071 2148 peccare
1089 2095 1437 2148 deprehenderentur.
1494 2095 1570 2137 Ve-

95 2177 176 2204 rum
203 2176 252 2204 ne
286 2161 433 2218 singula
464 2163 690 2204 numerando
719 2162 865 2203 modum
898 2162 1086 2204 excedere
1121 2161 1332 2211 videamur,
1377 2161 1570 2203 historiam

93 2228 350 2281 Ἄνέκδοτον,
387 2238 426 2273 et
458 2229 603 2287 priores
631 2230 716 2272 illos
751 2230 886 2280 libros,
923 2245 1014 2286 quos
1047 2229 1242 2272 Iustiniano
1271 2229 1473 2285 Procopius
1501 2229 1567 2271 ob-

94 2297 247 2349 tulerat,
277 2298 330 2340 ita
363 2297 603 2340 concinnasse
641 2297 803 2348 videtur,
839 2305 877 2340 ut
903 2297 994 2339 nihil
1025 2297 1106 2340 sere
1136 2297 1173 2339 in
1204 2297 1277 2339 hac
1305 2297 1370 2348 sit,
1401 2297 1497 2353 quod
1519 2311 1567 2339 ox

96 2365 170 2408 illis
195 2365 381 2408 Iustiniani
404 2365 517 2422 ipsius
546 2365 779 2408 consessione
806 2365 969 2423 probare
996 2380 1071 2407 non
1097 2366 1231 2422 possis,

206 2446 260 2487 lta
287 2459 399 2496 sane,
442 2444 604 2502 inquies,
645 2452 682 2486 at
710 2459 818 2488 nemo
849 2453 931 2495 est,
970 2444 1031 2502 qui
1058 2459 1132 2485 non
1166 2443 1291 2486 videat
1319 2443 1425 2486 huius
1451 2443 1564 2484 histo-

94 2512 176 2556 riae
203 2513 462 2563 acerbitatem,
494 2527 590 2570 quae
617 2519 655 2554 ut
683 2513 980 2556 malevolentiam
1008 2512 1170 2560 subolet,
1196 2511 1246 2552 ita
1274 2512 1420 2553 veritati
1445 2512 1563 2552 detra·

95 2581 190 2624 here
218 2581 296 2624 iure
324 2589 457 2638 potest.
518 2581 614 2623 Nam
642 2581 761 2638 primo
786 2581 932 2638 quidem
960 2580 1133 2622 nonnulla
1159 2579 1345 2622 Iustiniani
1375 2579 1471 2620 facta
1500 2579 1561 2618 de·

97 2649 272 2692 teriorem
309 2649 346 2691 in
370 2657 512 2705 partem
552 2657 706 2706 accepta
733 2649 890 2691 animum
923 2649 1073 2690 minime
1107 2663 1254 2695 sanum,
1295 2647 1428 2688 nedum
1450 2646 1564 2686 bene-

95 2712 219 2759 volum
244 2717 432 2774 scriptoris
460 2718 664 2760 ostendunt.
736 2717 882 2760 Deinde
910 2718 1127 2759 documenta
1155 2715 1316 2756 studiose
1351 2712 1562 2768 conquisita,

92 2784 222 2842 quibus
250 2795 464 2840 persuasum
498 2786 544 2828 sit
579 2785 842 2830 semihomines
869 2785 982 2830 furias
1010 2784 1243 2828 lastinianum
1263 2797 1308 2824 ac
1326 2781 1563 2824 Theodoram

150 2858 339 2906 Procopius
366 2859 434 2894 111.
551 2868 561 2877 ”
1261 2856 1286 2898 b
