1800 3126
568 152 757 196 NOTAE
789 147 1084 194 ALEMANNI.
1321 147 1323 149 ’
1455 146 1521 195 46
1526 147 1556 194 3

105 263 340 316 Procopius,
379 261 541 301 omnino
577 259 870 309 desideramus3
907 259 1016 298 idem
1048 265 1184 299 octavo
1213 258 1315 298 libro
1344 259 1557 311 superioris
1581 259 1611 295 P
1634 259 1701 296 170

106 322 292 362 historiae
321 320 534 367 innuebat,
565 325 610 356 ut
639 318 691 356 ad
717 333 759 370 p.
785 319 837 359 53
866 318 1014 355 notavi.

151 405 153 409 ι
212 378 265 415 Ρ.
290 377 391 424 151,
420 375 461 417 5.
517 377 662 412 Psoe'm
698 375 916 412 diaconum
949 370 1141 412 Rlzodoni
1168 372 1376 423 praefecto
1413 385 1564 409 necan-

105 432 210 475 dum,
233 431 386 484 tradit]
426 434 535 469 Bene
575 445 665 469 cum
704 438 787 469 tota
816 429 891 468 hac
919 429 1082 468 historia
1112 427 1160 466 de
1190 431 1292 466 Psoe
1321 430 1563 466 conveniunt

105 503 206 544 quae
235 489 441 526 Liberatus
471 487 611 526 eodem
639 489 725 526 loco
755 495 899 525 narrat.
961 485 1172 537 Cogitante
1199 486 1334 523 Paulo
1360 487 1562 536 Episcopo

105 559 296 586 removere
323 546 463 583 Eliam
492 547 733 596 magistrum
760 545 953 592 militum,
985 545 1135 582 Psoius
1164 541 1364 580 diaconus
1393 541 1563 594 quidam

103 610 142 647 et
167 604 402 642 Econumus
430 602 626 650 ecclesiae,
657 603 817 638 amicus
844 601 966 638 Eliae
987 615 1062 651 per
1084 601 1302 650 portitores
1331 599 1564 636 litterarum

102 660 372 700 ⁴velocissimos
395 657 613 708 pedestres,
643 672 743 709 quos
769 657 944 709 Aegypti
971 659 1202 707 Symmacos
1230 663 1397 703 vocant,
1425 657 1565 692 omnia

102 715 318 755 molimina
343 715 475 753 Pauli
494 715 614 752 Eliae
642 714 850 752 scribebat.
912 714 1093 765 Contigit
1122 719 1257 750 autem
1286 713 1468 750 Paulum
1497 714 1564 749 in-

101 774 235 813 venire
272 772 424 810 litteras
459 772 546 809 eius
578 771 824 822 Aegyptiace
859 772 1035 821 scriptas
1074 776 1109 806 et
1146 770 1295 821 legere,
1346 776 1382 806 et
1418 770 1564 806 timens

104 827 219 881 quod
252 826 299 866 de
329 829 509 866 Proterio
547 830 793 878 contigerat,
831 827 1036 864 sollicitus
1065 825 1113 864 de
1149 840 1191 863 eo
1218 826 1370 876 factus
1404 833 1483 875 est,
1524 831 1563 862 et

104 887 231 937 coepit
267 886 439 923 Psoium
479 885 728 936 compellere,
767 884 911 935 facere
946 885 1122 920 rationes
1160 883 1357 922 ecclesiae.
1434 883 1562 931 Quem

103 939 280 980 tradidit
307 940 449 989 iudici,
481 948 516 978 et
544 943 778 993 imperatori
803 939 850 978 de
875 954 916 977 eo
946 940 1099 980 retulit.
1155 941 1217 977 Eo
1249 946 1417 990 tempore
1447 935 1564 989 apud

102 996 397 1037 Alexandriam
420 996 567 1036 Rhodo
598 1005 683 1035 erat
701 997 964 1048 Augustalis.
1028 997 1111 1047 Qui
1141 1009 1230 1032 eum
1260 997 1459 1046 accipiens
1488 1009 1562 1032 cu·-

102 1052 357 1097 stodiendum
385 1067 509 1104 usque
542 1052 602 1091 ad
629 1056 880 1105 imperatoris
901 1061 1178 1104 praeceptum,
1219 1052 1388 1089 consilio
1419 1053 1564 1088 cuius-

64 1142 66 1144 .
103 1109 200 1149 dam
220 1112 378 1162 prioris
403 1112 587 1148 civitatis
621 1112 780 1148 nomine
806 1111 972 1148 Arsenii
1002 1111 1173 1160 acceptis
1201 1108 1456 1158 muneribus,
1497 1109 1564 1144 in-

103 1169 200 1218 scio,
227 1174 273 1204 ut
288 1168 454 1217 fertur,
486 1169 684 1219 episcope,
715 1167 821 1204 clam
849 1174 961 1204 nocte
990 1169 1087 1203 totis
1114 1165 1271 1203 viribus
1298 1179 1386 1202 eum
1415 1177 1565 1215 magno

102 1225 290 1262 cruciatu
320 1221 479 1264 occidit.
540 1224 665 1262 Cuius
694 1224 785 1274 filii
827 1231 864 1260 et
894 1224 1041 1273 affines
1068 1226 1346 1273 imperatorem
1375 1221 1565 1272 interpel-

102 1280 253 1328 lantes,
291 1287 575 1331 suggesserunt
610 1281 646 1317 ei
675 1294 758 1330 qua
787 1282 829 1318 vi
866 1294 1002 1317 eorum
1025 1293 1179 1331 parens
1217 1280 1360 1315 mortis
1389 1276 1566 1315 debitum

94 1336 368 1388 persolvisset.
432 1336 552 1387 Quod
574 1335 745 1374 audiens
775 1338 992 1387 imperator
1010 1337 1170 1374 vocavit
1187 1335 1410 1383 Liberium,
1441 1340 1478 1371 et
1500 1335 1568 1383 se-

101 1395 158 1431 cit
183 1393 470 1445 Augu-etalem,
500 1395 692 1444 misitque
719 1407 808 1430 eum
830 1391 1125 1430 Alexandriam
1154 1393 1351 1443 inquirere
1382 1404 1566 1428 causam.

100 1447 176 1488 Ad
193 1463 317 1500 quam
340 1449 474 1487 urbem
492 1450 680 1487 Liberius
699 1464 789 1487 cum
809 1451 987 1500 venisset,
1017 1447 1254 1486 Rhodonem
1282 1446 1342 1484 ad
1367 1462 1408 1484 se
1435 1448 1567 1486 venire

102 1507 238 1556 iussit,
267 1513 304 1543 et
333 1506 385 1543 ab
414 1520 456 1543 eo
487 1506 714 1558 requirebat
739 1505 939 1557 quomodo
961 1505 1172 1543 occidisset
1202 1504 1432 1544 diaconum.
1493 1503 1568 1542 Ille

101 1575 192 1602 vero
220 1561 445 1614 respondit,
475 1565 650 1600 iussione
679 1565 854 1614 episcopi
875 1564 1010 1612 fuisse
1025 1563 1219 1613 jactum=
1248 1561 1390 1598 habere
1420 1574 1460 1596 se
1489 1561 1568 1596 im-

94 1620 301 1671 peratoris
329 1618 616 1670 delegationem
643 1620 797 1669 aiebat,
838 1626 885 1656 ut
914 1617 1120 1670 quidquid
1155 1617 1305 1655 iuberet
1346 1618 1564 1669 episcopus,

101 1673 235 1713 modis
262 1675 447 1713 omnibus
483 1677 672 1727 impleret.
730 1674 811 1713 Sed
838 1683 1007 1727 negante
1038 1676 1172 1712 Paulo
1203 1676 1427 1724 Episcopo,
1461 1680 1496 1710 et
1526 1687 1567 1709 se

101 1733 250 1769 nescire
277 1731 522 1780 clamitante,
546 1734 660 1782 prior
689 1733 757 1768 ille
786 1734 967 1770 civitatis
985 1732 1179 1769 Arsenius
1205 1730 1417 1768 homicidii
1445 1730 1566 1766 illius

101 1794 223 1825 autor
259 1788 468 1837 inventus,
505 1795 631 1825 morte
668 1789 888 1825 mulctatus
917 1796 984 1825 est.
1041 1790 1170 1825 Porro
1199 1787 1335 1824 Paulo
1362 1787 1563 1837 Episcopo

104 1845 261 1882 Gazam
279 1846 322 1881 in
341 1845 504 1882 exilium·
525 1846 646 1881 misso
669 1843 814 1881 Rhodo
844 1858 935 1881 cum
953 1846 1079 1895 gestis
1109 1843 1156 1880 de
1184 1858 1226 1880 eo
1256 1844 1361 1879 actis
1384 1842 1564 1879 directus

101 1908 160 1937 est
190 1900 591 1952 Constantinopolim.
655 1900 785 1938 Cuius
811 1908 928 1950 gesta
955 1914 1048 1937 cum
1080 1901 1191 1937 intra
1209 1900 1421 1949 palatium
1445 1900 1565 1949 prin-

101 1958 183 2007 cipi
211 1957 450 2008 legerentur,
480 1959 601 1994 iussit
629 1970 718 1993 eum
749 1957 800 1994 ab
830 1970 1022 1994 scurrone
1050 1955 1165 2006 duci,
1197 1962 1232 1992 et
1249 1956 1378 2007 fi>ras
1407 1955 1564 2006 regiam
1585 1961 1616 1996 A
1639 1961 1708 1997 110

99 2014 307 2052 civitatem
335 2013 480 2054 occidi.

213 2071 260 2106 P.
294 2069 396 2117 151,
429 2070 496 2109 11.
554 2069 774 2107 Antistites
808 2070 917 2106 viros
938 2067 1152 2118 probatos,
1187 2065 1489 2104 Alexandriam
1518 2065 1567 2104 de

101 2138 230 2163 causa
270 2127 501 2178 cognituros
536 2125 686 2177 mittit]
732 2126 859 2163 Causa
897 2123 1059 2176 quidem
1095 2123 1386 2171 Alexandriae,
1427 2130 1473 2161 ut
1510 2125 1567 2161 ait

100 2183 329 2233 Procopius,
362 2184 519 2232 cognita
548 2190 630 2230 est3
661 2181 733 2219 sed
763 2183 903 2229 Gazae,
934 2182 1003 2218 ubi
1031 2182 1178 2218 Paulus
1209 2181 1406 2227 exulavit,
1439 2179 1567 2231 depo-

101 2239 200 2278 situs
231 2245 302 2286 est,
331 2246 376 2276 ut
399 2238 509 2276 idem
531 2240 739 2276 Liberatus
761 2245 906 2285 narrat,
939 2245 977 2275 et
1002 2239 1173 2289 Cyrillus
1196 2235 1566 2288 Scythopolitanus.

213 2296 261 2332 P.
287 2295 390 2343 153,
422 2296 487 2335 13.
547 2296 778 2333 Justiniano
820 2294 940 2331 libuit
973 2294 1302 2332 Christianorum
1338 2295 1567 2330 sanctiones

98 2351 341 2403 pervertere]
382 2353 469 2389 Etsi
507 2353 656 2403 passim
690 2354 733 2388 in
767 2352 937 2388 novellis
966 2349 1165 2388 vindicem
1200 2357 1319 2402 atque
1358 2349 1566 2388 custodem

102 2419 299 2446 canonum
334 2409 421 2459 ipse
465 2421 508 2446 se
549 2409 736 2460 appellat.
794 2409 935 2444 Utrum
971 2408 1128 2458 gravius
1164 2406 1239 2443 fuit
1279 2407 1565 2444 ecclesiasticas

101 2465 321 2502 sanctiones
349 2472 593 2516 pervertere,
632 2478 683 2501 an
712 2463 1009 2515 praescribere?
1050 2465 1135 2501 Hoc
1163 2470 1246 2500 tam
1275 2464 1441 2500 licenter
1468 2463 1565 2500 fecit

101 2520 352 2569 lastinianus,
382 2528 427 2558 ut
456 2520 653 2573 quidquid
682 2522 838 2571 insigne
863 2522 905 2557 in
936 2521 1210 2558 ecclesiasticis
1242 2520 1459 2557 canonibus
1491 2526 1564 2567 est,

103 2586 175 2613 sua
201 2577 370 2614 voluerit
398 2580 607 2616 autoritate
636 2578 865 2625 stabilitum,
898 2576 1152 2624 declaratum,
1184 2589 1229 2613 ac
1256 2577 1395 2627 poenis
1427 2574 1564 2613 vindi-

103 2637 249 2669 catum.
305 2633 403 2672 Inde
434 2636 586 2672 factum
616 2642 695 2683 est,
734 2641 779 2671 ut
809 2634 1063 2671 ecclesiarum
1093 2634 1254 2671 orientis
1290 2633 1465 2684 episcopi
1495 2645 1563 2670 eas

102 2687 180 2725 sibi
203 2689 429 2740 regularum
458 2693 711 2730 collectiones
738 2692 972 2729 concinnare
1002 2691 1220 2741 coeperint,
1262 2701 1360 2741 quas
1388 2703 1565 2740 νομοκα-

101 2739 243 2794 νόνια,
281 2746 365 2783 sive
402 2744 678 2799 νομοκάνονας
716 2753 873 2785 vocant.
931 2748 1107 2794 Quorum
1145 2747 1297 2797 primus
1336 2751 1449 2782 autor
1484 2745 1564 2783 fuit

102 2801 272 2839 Ioannes
299 2801 586 2855 Scholasticus,
626 2805 698 2859 qui
723 2802 922 2856 Eutychio
952 2804 1030 2842 GP.
1059 2805 1102 2841 in
1132 2803 1302 2841 exilium
1329 2802 1446 2854 pulso
1474 2801 1562 2840 suf-
