1858 3126
303 158 396 207 174
873 159 1135 204 PROCOPII

298 274 452 330 σπουδῇ
483 272 580 325 ‘le-to,
611 273 676 315 καὶ
707 273 801 322 τοὺς
832 272 1007 325 τεχνίτας
1036 271 1079 312 ἔκ
1104 268 1233 327 πάσης
1262 276 1333 327 γῆς
1353 271 1502 330 ἤγειρεν
1524 273 1714 324 ἅπαντας.

291 342 499 395 Ἀνθέμιος
526 342 568 382 δὲ
600 339 859 396 Τραλλιανὸς,
884 340 946 380 ἐπὶ
979 339 1102 396 σοφίᾳ
1123 343 1173 394 τῇ
1194 342 1412 396 καλουμένῃ
1431 347 1622 397 μηχανικῇ
1644 346 1714 383 λο-

297 407 488 464 γιώτατος
517 408 562 449 οὗ
587 411 665 448 τῶν
692 407 780 448 κατ’
811 406 929 448 αὐτὸν
951 404 1070 459 μόνον
1097 404 1300 458 ἁπάντων,
1335 407 1434 448 ἀλλὰ
1456 410 1521 449 καὶ
1542 413 1618 451 τῶν
1637 409 1714 450 αὖ·-

296 481 370 518 τοῧ
398 475 733 532 προγεγενημένων
765 476 912 530 πολλῷ,
944 477 994 528 τῇ
1011 474 1205 526 βασιλέως
1229 472 1413 530 ὖπούργει
1433 477 1600 531 σπουδῇ,
1631 482 1714 525 τοῖς

295 543 603 595 τεκταινομένοις
631 540 681 581 τὰ
710 540 803 595 ἔργα
825 540 1046 596 ῥυθμίζων,
1076 544 1155 581 τῶν
1188 557 1229 581 τε
1258 541 1520 594 γενησομένων
1547 544 1746 597 προδια-5

295 608 492 660 σκευάζων
524 606 767 660 ἰνδάλματα,
800 609 864 649 καὶ
887 607 1153 662 μηχανοποιὸς
1175 607 1246 649 σὺν
1275 608 1382 664 αὐτῷ
1403 608 1541 664 ἕτερος,
1562 609 1714 650 Ἰσίδω-

298 693 368 734 ρος
389 675 535 729 ὄνομα,
569 673 773 728 Μιλήσιος
798 675 919 729 γένος,
948 675 1110 730 ἔμφρων
1141 691 1182 715 τε
1209 674 1338 724 ἄλλως
1358 676 1423 716 καὶ
1442 676 1597 731 πρέπων
1613 676 1717 717 Ἰου-

243 756 276 792 1)
300 748 480 800 στινιανῷ
506 741 713 798 ὗπουργεΐν
740 746 907 795 βασιλεῖ.
972 737 1022 795 ἦν
1043 742 1084 782 δὲ
1114 740 1192 796 ἄρα
1214 743 1278 782 καὶ
1301 746 1415 783 τοῦτο
1439 746 1509 795 τῆς
1525 747 1597 784 τοῦ
1613 746 1714 784 θεοῦ

297 812 385 866 περὶ
414 810 484 852 τὸν
514 810 682 863 βασιλέα
705 815 842 863 τιμῆς,
877 809 1301 866 προκαταστησαμένου
1335 808 1427 855 τοὺς
1460 809 1501 858 ἒς
1530 808 1581 851 τὰ
1611 825 1716 865 πρα-

294 876 529 932 χθησόμενα
549 875 877 932 χρησιμωτάτους
905 877 1012 933 αὐτῷ
1039 876 1257 929 ἐσομένους.
1324 875 1543 917 καὶ““αὖτοῢ
1572 876 1614 917 δὲ
1635 880 1715 928 βα·
1727 884 1769 919 10

296 946 434 994 σιλέως
463 945 531 986 τὸν
554 947 645 986 νοῦν
680 942 836 994 εῗκότως
860 943 908 985 ἄν
934 961 994 992 τις
1027 943 1222 998 ἀγασθείη
1246 940 1387 985 τούτου
1411 943 1461 996 δὴ
1495 944 1627 992 ἕνεκα,
1654 941 1717 984 ὅτι

294 1012 346 1066 δὴ
381 1013 424 1052 ἐκ
450 1010 605 1052 πάντων
635 1010 859 1066 ἀνθρώπων
890 1011 930 1060 ἐς
955 1015 1032 1053 τῶν
1067 1009 1311 1068 πραγμάτων
1341 1010 1392 1053 τὰ
1423 1008 1716 1052 σπουδαιότατα

293 1078 386 1128 τοὺς
401 1076 682 1133 καιριωτάτους
699 1078 972 1127 ἀπολέξασθαι
994 1077 1095 1130 ἴσχε.

431 1145 574 1198 Θέαμα
606 1140 674 1186 οὖν
703 1143 729 1198 ἦ
761 1146 944 1198 ἐκκλησία
984 1143 1349 1196 κεκαλλιστευμένον
1376 1142 1595 1198 γεγένηται,
1632 1149 1716 1192 τοΐς

290 1213 364 1265 μὲν
385 1209 528 1267 δρῶσιν
546 1210 757 1267 ὑπερφυὲς,
781 1218 864 1260 τοῖς
882 1213 925 1253 δὲ
945 1210 1132 1253 ἀκούουσι
1158 1214 1356 1259 παντελῶς
1372 1210 1547 1252 ἄπιστον.
1591 1211 1714 1266 ἒπῇρ-
1726 1218 1768 1254 15

291 1296 357 1321 ται
374 1280 447 1332 μὲν
466 1279 543 1335 γὰρ
571 1280 611 1327 ἐς
642 1277 750 1331 ὕψος
771 1277 955 1335 οὐράνιον
977 1277 1084 1329 ὅσον,
1118 1280 1184 1318 καὶ
1207 1277 1337 1333 ὥσπερ
1361 1282 1439 1319 τῶν
1457 1276 1586 1318 ἄλλων
1607 1280 1722 1319 οἷκο-

293 1344 533 1400 δομημάτων
563 1343 864 1387 ἀποσαλεύουσα
893 1346 1147 1394 ἓπινένευκεν,
1175 1343 1428 1401 ὖπερκειμένη
1451 1348 1500 1399 τῇ
1519 1343 1619 1400 ἄλλῃ
1639 1342 1715 1386 πό-

201 1424 230 1457 Ρ
249 1424 271 1458 6
295 1417 372 1465 λει,
419 1417 623 1466 κοσμοῦσα
664 1413 736 1466 μὲν
770 1412 891 1467 αὐτὴν
899 1444 912 1463 ,
960 1411 1020 1453 ὅτι
1054 1412 1176 1465 αὐτῆς
1209 1413 1332 1462 ἐστιν,
1381 1409 1621 1467 ὧραϊζομένη
1655 1412 1713 1462 δὲ,

188 1491 225 1524 Η
247 1492 269 1526 3
294 1480 354 1523 ὅτι
381 1481 502 1534 αὐτῆς
534 1475 635 1522 οὖσα
663 1481 730 1521 καὶ
756 1481 1045 1534 ἐπεμβαίνουσα
1065 1482 1254 1521 τοσοῦτον
1278 1478 1419 1531 ἀνέχει,
1454 1477 1553 1520 ὥστε
1578 1479 1627 1533 δὴ
1649 1479 1713 1519 ἒν-

290 1548 406 1590 θένδε
437 1546 463 1601 ἦ
494 1546 606 1596 πόλις
639 1547 682 1588 ἐκ
711 1546 909 1602 περιωπῆς
938 1547 1230 1588 ἀποσκοπεῖται.
1286 1539 1411 1601 ἐὖρος
1441 1546 1483 1586 δὲ
1507 1545 1628 1599 αὐτῆς
1646 1547 1768 1588 namo

290 1620 419 1669 μῆκος
443 1614 568 1663 οὕτως
596 1615 637 1655 ἔν
664 1615 866 1671 ἐπιτηδείῳ
898 1612 1234 1670 ἀποτετόρνευται,
1268 1611 1368 1655 ὥστε
1399 1613 1465 1653 καὶ
1497 1610 1714 1668 περιμήκης

289 1684 356 1723 καὶ
375 1682 475 1731 ὅλως
493 1683 621 1737 εὐρεῖα
640 1682 711 1723 οὐκ
733 1681 811 1722 ἀπὸ
836 1679 983 1738 τρόπου
1009 1679 1218 1737 εἰρήσεται.
1285 1679 1419 1722 κάλλει
1449 1680 1491 1720 δὲ
1513 1678 1711 1738 ἄμυθῆτῳ

288 1747 610 1802 ἆποσεμνύνεται.
675 1752 734 1805 τῷ
763 1765 804 1790 τε
832 1748 909 1804 γὰρ
936 1748 1038 1805 ὄγκῳ
1069 1746 1338 1801 κεκόμψευται
1366 1748 1431 1788 καὶ
1462 1750 1512 1802 τῇ
1541 1745 1712 1805 ἁρμονίᾳ

288 1821 359 1858 τοῦ
384 1817 544 1872 μέτρου,
578 1813 666 1857 οὔτε
696 1832 734 1856 τι
762 1814 963 1872 ὑπεράγαν
996 1815 1083 1857 οὔτε
1110 1833 1147 1858 τι
1177 1816 1317 1864 ἐνδεῶς
1340 1813 1505 1868 ἔχουσα,
1536 1814 1617 1856 ἐπεὶ
1644 1815 1711 1855 καὶ

379 1899 412 1933 1.
436 1897 525 1942 ἵετο]
547 1899 657 1942 Vulgo
680 1897 767 1932 ἵετο.

286 1966 467 2010 imperator
482 1965 570 1999 nulla
584 1968 769 2010 sumptuum
786 1965 898 1999 habita
913 1965 1062 2010 ratione,
1085 1965 1126 1999 ad
1142 1964 1400 2000 aedificationem
1415 1964 1576 2007 incubuit,
1609 1967 1711 2010 atque

287 2011 429 2045 artifices
447 2010 556 2053 coegit
570 2022 611 2043 ex
628 2015 701 2043 tota
721 2011 811 2045 orbe.
864 2011 1056 2044 Anthemius
1072 2011 1272 2054 Trallianus,
1296 2010 1552 2043 mechanicorum
1568 2011 1710 2045 omnium

287 2067 351 2088 non
375 2055 479 2088 solum
505 2055 567 2095 sui,
590 2065 702 2088 verum
719 2055 814 2088 etiam
832 2055 934 2088 multo
952 2055 1130 2107 superioris
1145 2056 1219 2089 aevi
1234 2037 1331 2088 facile
1346 2055 1512 2099 princeps,
1534 2055 1621 2089 illius
1635 2059 1710 2088 stu-

286 2100 341 2133 dio
365 2099 594 2143 deserviebat,
616 2099 763 2132 intentus
781 2100 959 2143 digerendo
975 2099 1080 2133 fabris
1097 2100 1208 2144 operi,
1230 2099 1497 2143 agendorumque
1511 2098 1709 2143 imaginibus

286 2144 558 2197 praeformandis.
604 2144 682 2176 Una
697 2145 813 2177 aderat
833 2145 917 2178 alter
933 2145 1169 2186 machinarius,
1193 2145 1340 2177 Isidorus
1356 2144 1494 2185 nomine,
1519 2148 1595 2178 ortu
1608 2144 1709 2178 Mile-

288 2189 369 2231 sius,
391 2189 548 2232 singulari
574 2188 625 2221 vir
643 2189 879 2232 intelligentia,
905 2200 945 2222 ac
971 2189 1089 2232 dignus
1115 2200 1211 2233 quem
1235 2189 1435 2222 Iustinianus
1452 2190 1621 2232 Augustus
1645 2189 1709 2222 ad-

287 2216 470 2267 ministrum
494 2233 556 2267 sibi
580 2233 774 2277 adiungeret
832 2235 869 2267 ln
893 2234 956 2267 hoc
970 2245 1050 2267 sane
1066 2234 1168 2267 eluxit
1182 2234 1364 2267 honorifica
1380 2245 1466 2287 erga·
1474 2233 1708 2278 imperatorem

287 2278 499 2331 providentia
522 2278 669 2321 numinis,
693 2279 812 2323 quod'
795 2279 868 2332 gpsi
891 2279 983 2312 viros
1003 2279 1264 2332 praeparaverit,
1287 2278 1388 2312 rebus
1403 2278 1561 2311 faciendis
1576 2289 1707 2312 accom-

286 2323 534 2357 modatissimos.
580 2323 662 2356 Ac
652 2335 725 2357 iure
749 2323 906 2368 quispiam
929 2324 983 2357 vel
1007 2327 1046 2357 ob
1068 2324 1100 2357 id
1124 2324 1259 2357 miretur
1272 2323 1430 2376 principis
1444 2327 1594 2365 mentem,
1616 2323 1707 2367 quod
1739 2366 1743 2368 ῃ

285 2368 425 2421 coeptis
430 2367 582 2401 momenti
602 2369 732 2402 maximi
754 2369 890 2403 idoneos
914 2369 1051 2402 maxime
1076 2380 1118 2402 ex
1139 2369 1294 2404 universo
1310 2367 1470 2402 nominum
1485 2379 1607 2412 genere
1622 2369 1708 2402 deli-

285 2424 366 2458 gere
376 2412 643 2497 giiszizi‘gcclesia
664 2457 887 2503 spectaculum
911 2459 1020 2492 evasit
1042 2458 1311 2503 pulcherrimum,
1334 2457 1487 2501 quodque
1508 2456 1707 2491 intuentium

284 2506 427 2556 captum,
448 2507 483 2535 et
502 2502 599 2536 fidem
623 2513 749 2536 omnem
774 2503 973 2536 audientium
998 2508 1143 2549 superet.
1188 2503 1288 2537 Elata
1301 2513 1439 2546 namque
1453 2503 1484 2535 in
1500 2502 1706 2536 altitudinem

284 2547 470 2590 ingentem,
494 2557 533 2580 ac
555 2547 660 2580 veluti
683 2548 775 2581 navis
801 2548 832 2580 in
858 2549 1009 2582 anchoris
1031 2554 1135 2590 stans,
1153 2558 1254 2593 supra
1270 2552 1402 2580 caetera
1417 2547 1567 2581 aedificia
1581 2546 1706 2588 existit,

287 2592 427 2636 urbique
449 2591 606 2631 imminet;
631 2603 728 2636 quam
750 2597 845 2625 ornat
862 2597 1017 2636 tanquam
1032 2605 1132 2638 pars,
1155 2605 1196 2627 eo
1214 2593 1377 2637 gloriosa,
1399 2591 1486 2636 quod
1509 2592 1597 2626 intra
1617 2591 1704 2625 illius

287 2637 444 2670 ambitum
463 2637 548 2670 adeo
574 2648 611 2670 se
632 2638 747 2679 tollat,
776 2643 814 2670 ut
838 2637 914 2671 inde
937 2639 1056 2672 civitas
1075 2639 1166 2672 clare
1181 2637 1607 2682 circumspectetur.'1'am
1623 2641 1703 2680 apta

287 2686 421 2715 constat
443 2681 616 2715 latitudine
639 2687 674 2715 et
697 2682 916 2735 longitudine,
933 2688 970 2716 ut
992 2684 1132 2717 maxima
1146 2688 1296 2728 utraque,
1319 2687 1436 2715 neutra
1452 2682 1622 2716 immodica
1636 2681 1702 2714 dici

286 2726 422 2762 debeat.
469 2726 715 2760 Commendat·
706 2738 809 2771 ipsam
829 2728 955 2772 species
978 2728 1224 2762 inenarrabilis:
1248 2739 1320 2761 nam
1337 2733 1371 2760 et
1388 2727 1495 2760 nitore
1511 2731 1544 2760 et
1559 2735 1702 2778 propor-

285 2770 376 2806 tione
403 2771 556 2814 excellit5
577 2771 655 2806 nihil
679 2777 716 2807 ut
736 2783 838 2818 supra
861 2773 989 2807 modum
1013 2774 1146 2818 habeat,
1168 2773 1247 2808 nihil
1270 2773 1370 2807 infra·
1395 2776 1512 2818 utpote
1535 2782 1620 2816 quae
1631 2769 1701 2805 usi-
