1800 3126
466 153 528 197 IN
554 152 761 198 LIBROS
787 152 908 198 VIII.

194 261 239 305 ΙΙ,
254 260 334 302 583,
351 262 384 297 8.
401 270 514 295 eorum
529 260 642 306 pactio
661 272 734 295 cum
748 261 861 295 Fran-

194 308 242 342 cis
256 308 302 350 11,
312 307 391 348 586,
401 308 455 342 18.
503 307 675 342 Corsicam
690 319 731 341 ac
741 307 860 341 Sardi-

192 353 282 433 nifqm
295 357 470 433 οοιέυρᾶηῐδ
471 351 516 433 12ῐέ
532 354 611 434 52930,
623 354 676 432 115
682 353 768 432 talcie
775 353 860 387 victi

191 409 216 434 a
265 409 377 432 arsee
428 427 436 440 ,
519 422 526 430 ·
592 424 601 434 .
661 410 860 433 olamre-

190 455 267 489 gem
283 444 438 478 amittunt
461 444 506 486 11,
523 445 603 484 625,
628 446 662 480 8.
686 444 861 479 sufficiunt

189 491 313 525 'I'eiam
329 490 374 531 ΙΙ,
389 491 468 531 628,
494 491 547 524 16.
581 491 690 525 Roma
713 494 814 536 capta
838 501 859 525 a

188 534 351 578 Narsete,
362 536 398 569 in
414 537 581 570 Romanos
600 536 800 570 desaeviunt
811 535 858 581 11,

189 582 271 623 637,
300 582 353 616 19.
381 587 495 615 castra
521 581 565 615 ad
588 581 644 616 flu.
668 582 858 616 Draconem

188 626 308 662 metati
325 627 370 667 ΙΙ,
386 628 465 671 637,
483 629 536 662 19.
551 627 594 661 ad
609 633 753 662 montem
768 628 859 662 Lac-

188 673 312 707 tarium
326 683 364 707 se
379 672 545 718 recipiunt
556 673 600 714 11,
617 674 696 714 638,
712 676 768 708 21.
784 675 858 708 sor-

186 718 317 753 tissime
350 718 556 764 praeliantur
570 719 616 760 11,
631 719 707 760 639,
729 719 763 754 5.
798 731 857 753 oc-

137 773 140 776 *
188 763 260 799 ciso
271 764 368 806 Teia,
383 775 499 810 pacem
532 765 859 810 etuntetimpetrant

187 821 230 845 ea
243 810 332 855 lege,
351 815 390 844 ut
400 822 442 844 ex
454 810 507 844 Ita
521 811 552 844 ia
567 810 764 854 migrentll,
777 811 857 851 642,

189 855 243 891 14.
268 855 358 890 mille
373 867 412 889 se
435 855 591 890 Ticinum
615 856 780 901 recipiunt
810 856 857 899 ΙΙ,

185 901 265 944 642,
289 903 343 937 17.
385 901 590 936 Gotthorum
612 913 712 946 reges
735 902 858 936 nullam

185 946 220 980 in
237 947 340 981 Italia
362 947 472 980 tulere
505 947 613 992 legem
642 947 687 989 ΙΙ,
710 949 796 989 168,
824 949 857 982 5.

186 991 382 1027 Catholicos
402 997 534 1027 mutare
562 992 758 1037 religionem
792 1004 857 1027 non

185 1038 372 1083 adegerunt
401 1039 486 1074 ibid.
505 1050 619 1072 eorum
642 1040 766 1084 templa
791 1051 857 1073 non

108 1098 119 1119 ·,
183 1084 362 1118 violarunt.
388 1085 471 1119 ibid.
498 1084 615 1118 civiles
641 1096 755 1119 omnes
778 1084 856 1118 Ma·-

185 1129 346 1175 gistratus
354 1129 515 1164 Romanis
525 1130 757 1176 permiserunt.
771 1132 854 1165 ibid.

137 1175 294 1212 Gotthici
308 1175 386 1210 belli
401 1175 513 1210 exitus
538 1176 678 1210 discitur
694 1176 855 1210 divinati-

183 1233 248 1257 one
262 1233 325 1268 per
341 1233 461 1268 porcos
491 1222 537 1266 11,
560 1222 618 1263 45,
651 1223 705 1257 17.
738 1223 854 1257 Annus

179 1268 270 1303 illius
286 1279 299 1301 1
315 1267 362 1310 11,
380 1268 438 1310 38,
456 1268 510 1302 16.
543 1269 658 1302 Annus
673 1279 701 1302 11
715 1268 761 1310 ΙΙ,
777 1269 854 1310 154,

182 1315 239 1349 13.
265 1323 309 1347 m
331 1313 377 1356 11,
393 1313 471 1356 196,
489 1314 543 1349 19.
586 1325 624 1348 1v
650 1314 695 1356 11,
717 1315 797 1356 238,
819 1315 853 1349 6.

180 1371 205 1393 v
221 1359 267 1402 ΙΙ,
282 1359 361 1400 276,
380 1359 435 1394 16.
458 1359 551 1401 v111‚
568 1360 650 1402 287,
667 1361 721 1394 11.
737 1371 790 1394 v11
806 1361 852 1404 11,

179 1407 260 1448 300,
275 1405 332 1441 23.
346 1415 414 1438 vm
429 1404 476 1446 ΙΙ,
491 1406 570 1447 308,
586 1407 640 1441 10.
658 1406 752 1446 1:111,
770 1407 851 1447 315,

181 1451 238 1487 18.
252 1462 276 1485 x
290 1450 338 1492 11,
353 1449 432 1496 324,
459 1451 513 1487 13.
527 1462 564 1485 xx
578 1451 625 1492 ΙΙ,
639 1450 718 1495 340,
734 1452 768 1486 3.
798 1462 852 1486 x11

177 1496 226 1538 ΙΙ,
246 1497 327 1539 382,
345 1497 378 1531 8.
412 1506 478 1530 xm
501 1497 547 1538 ΙΙ,
567 1495 647 1538 401,
661 1495 695 1531 4.
725 1508 788 1531 mv
803 1497 851 1539 ΙΙ,

178 1542 260 1584 432,
278 1543 310 1577 1.
341 1552 388 1575 xv
409 1541 443 1575 11
460 1541 539 1580 449,
566 1542 600 1576 5.
630 1553 691 1575 xvx
708 1543 754 1582 ΙΙ,
773 1543 851 1585 569,

181 1589 237 1623 18.
252 1597 329 1622 xvn
341 1587 384 1628 ΙΙ,
397 1587 476 1630 596,
494 1587 547 1622 14.
565 1598 653 1621 xvm
668 1588 713 1630 ΙΙ,
731 1589 810 1632 643,
819 1590 852 1623 2.

134 1633 258 1668 Gotthi
280 1632 500 1667 Tetraxitae=
535 1634 616 1668 vide
638 1634 852 1668 Tetraxitae.

134 1679 349 1734 Graecanica
363 1679 557 1724 superstitio
574 1679 603 1722 Ι,
621 1679 699 1724 104,
720 1680 776 1715 15.
791 1680 852 1714 im-

133 1725 645 1806 cfdssciffiixdtffiss’ss‘sskata
660 1771 688 1814 1,
703 1772 778 1813 168,
797 1772 850 1809 19.

177 1822 215 1852 et
229 1828 250 1851 a
266 1816 426 1850 Gizerico
442 1816 469 1858 Ι,
485 1817 562 1855 335,
579 1817 611 1851 5.
646 1822 759 1851 terrae
779 1828 852 1851 mo-

176 1863 268 1898 tibus
284 1873 449 1896 concussa
464 1862 511 1905 ΙΙ,
534 1860 613 1903 594,
632 1864 684 1899 19.
704 1863 852 1897 Graecia

177 1919 299 1953 magna
315 1908 359 1949 ΙΙ,
379 1909 434 1948 80,
456 1909 487 1942 1.
517 1908 674 1942 Graecos
690 1920 752 1954 per
767 1920 849 1942 con-

175 1958 335 1999 temptum
351 1954 471 1987 Gotthi
486 1958 612 1988 vocant
633 1954 849 1999 imperatoris

177 2001 282 2034 duces
305 2010 347 2033 ac
371 1999 492 2033 milites
508 1999 553 2040 11,
568 2001 626 2042 93,
642 2001 676 2035 3.
692 2001 772 2044 313,
788 2002 846 2036 22.

174 2045 256 2088 366,
271 2047 324 2080 10.
339 2046 419 2086 368,
434 2047 465 2080 7.
482 2045 563 2088 581,
582 2047 637 2080 13.

128 2093 272 2132 Grasse,
287 2090 443 2136 oppidum
461 2091 597 2125 Africae
620 2091 649 2131 Ι,
680 2091 761 2134 382,
788 2092 843 2127 19.

129 2137 233 2173 Grati
243 2136 342 2171 animi
357 2136 465 2170 virtus
481 2137 511 2178 Ι,
525 2137 582 2178 23,
604 2138 655 2172 16.

130 2183 310 2264 (ἰηῐίαὲιει,
332 2181 413 2217 urbs
428 2182 463 2216 in
487 2182 617 2227 Illyrici
639 2183 776 2227 finibus,
799 2183 845 2227 Π,

177 2230 232 2271 19,
272 2254 280 2264 .

129 2274 318 2320 Gregorius
352 2273 557 2308 Artabanem
605 2278 760 2319 patruum
801 2275 846 2309 ad

173 2319 397 2356 Gontharidis
412 2319 547 2365 tyranni
572 2321 709 2354 caedem
728 2321 846 2355 horta-

174 2371 233 2401 tur
248 2366 276 2406 1,
292 2364 372 2410 524,
387 2367 420 2401 2.
438 2365 482 2400 ad
498 2377 571 2400 eam
586 2366 660 2412 ipse
672 2366 850 2401 instruitur

128 2438 510 2513 Gribpas’Gotthorum
530 2456 598 2491 dux
623 2469 698 2492 cum
722 2458 848 2492 Roma-

173 2515 223 2538 ms
240 2502 393 2547 confligit
418 2503 461 2539 ΙΙ.
479 2504 537 2545 33,
556 2505 589 2538 8.
621 2504 763 2537 Salonas
786 2516 847 2538 re-

172 2549 280 2631 gigig.
275 2549 320 2591 ΙΙ,
347 2550 406 2592 37,
440 2550 473 2584 1.
502 2549 584 2583 inde
615 2550 770 2584 abscedit
799 2551 845 2594 ΙΙ,

219 2621 230 2637 9

128 2641 303 2681 Gubms,
317 2639 494 2674 Iustiniani
511 2639 727 2681 Silentarius‚
744 2640 846 2675 etiam

173 2686 251 2720 dum
277 2685 424 2722 Lazicae
439 2697 500 2720 rex
520 2691 614 2728 erat,
639 2687 710 2720 eius
730 2698 848 2721 mune-

170 2732 219 2766 ris
233 2730 402 2777 stipendia
426 2731 615 2776 accipiebat
630 2733 666 2773 Ι,
695 2733 762 2767 291
775 2759 784 2775 ,
811 2735 845 2768 8.

171 2777 362 2812 chosroam
382 2777 417 2810 in
432 2777 589 2812 Lazicam
612 2777 736 2823 accipit
762 2779 846 2812 ado-

123 2859 131 2867 ,
171 2828 302 2870 ratque.
337 2822 367 2866 Ι,
390 2823 481 2867 225,
502 2823 537 2858 9.
566 2823 602 2858 in
628 2823 730 2859 fidem
755 2825 846 2860 redit

976 153 1052 196 DE
1085 153 1295 197 BELLIS.
1520 155 1620 205 499

949 256 1125 294 Iustiniani
1140 259 1169 302 Ι,
1190 260 1280 302 287,
1304 260 1362 295 29.
1394 269 1468 294 cum
1492 260 1621 295 Roma-

950 306 1003 340 nis
1019 307 1152 340 Petram
1167 306 1299 340 obsidet
1323 306 1357 348 Ι,
1379 307 1466 347 288,
1484 307 1517 341 6.
1546 308 1619 341 eius

974 351 1131 386 radentia
1143 352 1172 392 Ι,
1186 353 1267 395 290,
1285 353 1340 387 10.
1364 355 1400 385 et
1429 353 1621 387 constantia

947 398 1285 487 ἀξὲῗίῗὲὲῗΐὲῑ
1305 398 1621 479 ἑὼῖἱζὶἳῑῶἱᾶἐῗι

947 490 1112 535 praelium
1141 490 1187 531 ΙΙ,
1209 488 1290 530 491,
1318 491 1371 525 17.
1401 494 1494 524 tenet
1525 500 1562 523 se
1585 490 1621 523 in

949 535 1136 569 verticibus
1151 535 1365 579 montiumII,
1377 535 1455 578 521,
1475 535 1527 570 19.
1539 536 1621 577 543,

948 581 1006 615 20.
1035 580 1126 615 filius
1149 585 1226 616 erat
1252 581 1425 616 Romanae
1453 582 1620 616 foeminae

950 630 985 660 et
999 626 1133 673 Opsitis
1147 638 1252 672 nepos
1267 627 1313 670 ΙΙ,
1328 627 1406 669 498,
1433 628 1468 663 9.

904 671 1062 715 Gudilas,
1077 673 1318 708 Praetutianus
1330 673 1378 716 ΙΙ,
1393 672 1474 718 402,
1489 672 1524 709 3.
1539 672 1620 717 404,

902 763 1169 798 Gundamundus
1179 764 1353 798 Genzonis
1364 764 1467 806 filius,
1484 768 1521 798 et
1529 764 1621 798 Tra-

947 809 1100 843 samundi
1130 811 1257 852 frater,
1290 810 1520 844 Vandalorum
1558 821 1622 843 rex

949 859 1028 900 post
1043 855 1249 890 Honoricum
1265 860 1419 900 patruum
1435 857 1463 899 Ι,
1472 855 1552 899 345,
1565 855 1621 890 15.

903 900 1118 935 Gundulfus:
1134 903 1213 936 vide
1224 902 1389 936 Indulfus.

905 946 1087 990 Gurgenes
1104 947 1236 981 Iberiae
1252 959 1313 981 rex
1335 948 1371 980 in
1386 947 1505 981 Iustini
1520 946 1622 980 fidem

949 993 1119 1036 concedit,
1133 993 1304 1036 religionis
1321 1004 1425 1026 causa
1449 993 1476 1032 Ι,
1499 993 1561 1032 57,
1585 993 1620 1026 9.

946 1039 1027 1080 282,
1055 1039 1108 1073 17.
1140 1038 1176 1072 in
1199 1038 1323 1072 finibus
1347 1039 1510 1079 Lazicae,
1534 1039 1623 1071 Per-

947 1094 1060 1118 sarum
1076 1089 1215 1118 conatus
1239 1084 1342 1118 eludit
1364 1085 1392 1124 I,
1407 1086 1464 1126 58,
1490 1085 1523 1117 6.
1548 1083 1622 1117 eius

946 1129 1036 1163 filius
1052 1136 1133 1164 natu
1150 1130 1257 1164 maior
1272 1129 1449 1164 Peranius.
1475 1131 1557 1164 ibid.
1575 1141 1580 1145 ·

902 1175 1159 1210 Gusanastades
1204 1175 1466 1219 Chanaranges,
1499 1178 1620 1208 auctor

947 1221 1116 1256 nefandae
1130 1222 1164 1256 in
1181 1233 1298 1266 regem
1318 1233 1414 1256 suum
1430 1221 1620 1255 sententiae

943 1267 1063 1348 {525'1
1082 1267 1137 1303 14.
1177 1268 1313 1302 meritas
1342 1268 1403 1302 dat
1430 1278 1560 1314 poenas
1588 1267 1620 1310 Ι,

992 1339 1001 1355 ,
1025 1315 1042 1348 1
1068 1338 1078 1347 .

900 1358 1037 1392 Guzes:
1056 1359 1135 1394 vido
1147 1358 1292 1393 Ioannes
1312 1360 1441 1393 Guzes.

898 1404 1049 1438 Hebraei
1065 1405 1292 1439 Palaestinam
1303 1405 1532 1447 obtinuerunt,
1558 1404 1621 1438 du-

944 1462 984 1484 ce
996 1451 1096 1484 losus
1107 1451 1136 1493 Ι,
1153 1451 1233 1493 449,
1247 1451 1300 1485 14.
1318 1451 1470 1485 Hebraei
1485 1451 1622 1485 incolae

942 1495 1084 1530 Iotabae
1100 1496 1229 1531 insulae
1243 1509 1281 1530 se
1292 1497 1419 1531 dedunt
1434 1497 1621 1532 Iustiniano

942 1541 970 1585 l,
996 1543 1052 1583 99,
1080 1543 1112 1577 9.
1140 1543 1219 1576 vide
1235 1543 1366 1579 Iudaei.

898 1587 1038 1622 Hebrus
1061 1587 1109 1621 flu
1133 1588 1178 1629 ΙΙ,
1202 1589 1280 1624 441.
1307 1590 1342 1622 6.

898 1633 1054 1667 Helenae
1077 1633 1240 1679 palatium
1261 1631 1422 1678 Byzantii
1444 1633 1472 1678 I,
1492 1633 1569 1668 125.
1586 1633 1622 1668 8.

896 1678 1140 1724 Hellespontus
1171 1678 1279 1713 sinum
1311 1679 1479 1713 Melanem
1512 1677 1623 1712 efficit

942 1725 988 1766 ΙΙ,
1012 1726 1069 1769 79,
1095 1726 1128 1760 9.
1153 1725 1225 1758 eius
1248 1725 1394 1759 latitudo
1420 1725 1448 1770 Ι,
1475 1725 1562 1766 310,
1584 1726 1621 1759 7.

896 1769 1159 1804 Hellestheaeus
1189 1771 1392 1816 Aethiopiae
1426 1782 1486 1804 rex
1519 1769 1623 1804 Chri-

943 1816 1072 1850 stianus
1082 1817 1227 1850 Iudaeos
1238 1817 1432 1851 Homeritas
1444 1816 1621 1862 profligat,

944 1867 980 1895 et
1012 1862 1269 1908 Emesiphaeum
1316 1874 1432 1906 regem
1471 1867 1566 1895 creat
1590 1862 1618 1902 Ι,

942 1907 1020 1948 104,
1052 1910 1108 1943 11.
1150 1908 1222 1941 eius
1254 1907 1310 1941 alii
1341 1909 1407 1941 duo
1444 1908 1619 1941 exercitus

939 1964 1011 1987 rem
1028 1954 1114 1987 male
1129 1958 1252 1997 gerunt
1270 1954 1299 1996 I,
1320 1954 1396 1995 105,
1418 1954 1450 1987 9.
1476 1952 1613 1995 Legato

938 1999 1113 2079 1υὲῐίῃὲαηί
1127 2000 1256 2034 frustra
1271 1999 1451 2044 pollicetur
1466 1999 1579 2045 petita
1593 1998 1625 2031 Ι·

891 2091 1021 2125 Heluo:
1040 2092 1120 2125 vide
1136 2091 1279 2125 Ioannes
1296 2090 1423 2125 Heluo.

890 2137 1072 2180 Heraclea,
1086 2137 1164 2171 olim
1180 2135 1363 2171 Perinthus
1372 2136 1477 2179 dicta,
1492 2135 1523 2181 I,
1533 2135 1604 2170 363

891 2227 1063 2309 Herlitclea
1078 2227 1119 2262 ad
1128 2228 1275 2262 Pontum
1289 2227 1461 2262 Euxinum
1470 2226 1517 2272 11,
1527 2226 1613 2270 463,

890 2319 1072 2355 Heraclius
1095 2317 1267 2353 Vandalos
1290 2318 1335 2352 ad
1355 2318 1513 2364 Tripolin
1532 2329 1616 2363 pro-

940 2366 1038 2410 fligat
1063 2365 1091 2446 Ιό
1121 2366 1200 2409 337,
1231 2365 1265 2400 5.
1297 2365 1430 2400 domum
1464 2365 1555 2399 redit
1587 2365 1622 2408 Ι,

939 2413 1019 2454 339,
1047 2413 1064 2446 1
1095 2436 1103 2445 .

894 2457 1061 2492 Hercules
1087 2457 1146 2491 ubi
1166 2467 1239 2491 cum
1262 2459 1395 2491 Antaeo
1421 2455 1568 2489 luctatus
1587 2453 1616 2494 Ι,

938 2502 1017 2546 450,
1035 2504 1087 2539 15.
1114 2503 1186 2537 eius
1203 2503 1375 2537 columnae
1392 2503 1425 2543 Ι,
1450 2500 1529 2539 324,
1557 2501 1615 2533 21.

938 2549 1044 2583 altera
1065 2549 1209 2583 adversa
1224 2550 1379 2583 Gadibus
1400 2548 1429 2588 Ι,
1453 2547 1532 2586 310,
1559 2546 1616 2580 12.

937 2595 1047 2630 altera
1061 2594 1096 2629 in
1112 2596 1255 2641 Europa
1268 2595 1298 2637 Ι,
1312 2595 1390 2634 310,
1409 2593 1462 2626 12.

891 2641 1145 2685 Hermegisclus
1161 2642 1353 2674 Varnorum
1389 2649 1450 2671 rex
1473 2646 1614 2669 uxorem

936 2687 1029 2722 ducit
1040 2699 1189 2721 sororem
1207 2683 1442 2720 Theodeberti
1458 2683 1614 2716 Franco-

935 2734 1173 2814 32.ἳῖἕίἒὲ
1188 2728 1618 2819 ἓδοιὶέἓὲςῗξΐὲῗῑέἓὲἓῖ

938 2825 1087 2871 ditisque
1100 2823 1282 2860 amicitiam
1290 2821 1403 2868 potius
1416 2830 1492 2855 cum
1502 2819 1551 2854 Fr
1558 2830 1625 2854 an·
