1754 3132
188 155 251 200 40
647 148 651 150 ξ
771 152 1037 196 PROCOPII

190 264 315 323 νόμῳ.
386 266 486 321 φασὶ
512 265 555 307 δὲ
584 262 638 312 ὥς
667 265 732 305 καὶ
754 262 975 318 πλησιάσαι
996 261 1082 304 οὔτι
1103 260 1287 303 ἑκουσίαν
1308 258 1507 316 ἠνάγκασε
1527 257 1625 316 κρύ-

191 336 317 386 βδην,
355 331 461 374 οὕτω
483 349 524 374 τε
547 330 964 386 διαπεπαρθενευμένῃ
983 329 1054 371 τὸν
1075 326 1261 381 ὗμέναιον
1285 332 1336 384 τῇ
1357 325 1455 384 κόρῃ
1477 330 1627 380 ξυστῆ-

191 418 279 450 ναι,
318 403 390 441 τοῦ
421 399 478 452 μὴ
507 397 676 451 βασιλέα
707 398 758 439 τὰ
791 395 1052 451 πρασσόμενα
1071 397 1328 436 διακωλῦσαι.
1399 398 1472 436 τοῦ
1491 394 1628 446 μέντοι

194 467 310 520 ἔργου
332 464 631 520 ἐξειργασμένου
655 464 772 516 ἔρωτι
793 462 982 518 ἀλλήλοιν
1004 461 1185 518 διαπύρῳ
1215 463 1291 503 τινὶ
1318 459 1338 503 ὅ
1365 477 1408 503 τε
1429 458 1628 502 Ἀναστά-

196 550 281 581 σιος
312 534 378 574 καὶ
407 530 433 586 ἦ
463 539 556 578 παῖς
586 531 737 583 εἴχοντο
754 563 766 582 ,
804 533 868 572 καὶ
894 528 1038 585 χρόνος
1065 531 1202 584 σφίσιν
1232 527 1306 580 οὐχ
1325 526 1460 581 ἥσσων
1480 526 1504 580 ἢ
1524 525 1661 570 ὀκτὼὂ

76 609 106 642 Α
133 608 177 643 25
200 603 338 654 μηνῶν
357 600 398 640 ἐν
417 597 545 653 ταύτῃ
562 602 612 652 τῇ
633 599 766 653 διαίτῃ
786 598 935 650 ἒτρίβη.
1008 595 1124 649 ἡνίκα
1154 595 1197 636 δὲ
1223 594 1438 636 Ἀντωνίνα
1461 598 1534 647 τῆς
1551 597 1631 646 βοι-

196 668 347 714 σιλίδος
377 664 668 720 ἀπογενομένης
699 665 738 712 ἐς
769 662 990 715 Βυζάντιον
1011 659 1164 716 ἦλθεν,
1203 659 1422 702 ἐπελάθετο
1447 661 1520 714 μὲν
1539 661 1632 702 ἐθε-

196 734 339 774 λουσία
370 726 424 774 ὧν
460 732 584 784 ε’κείνη
605 729 768 785 ἔναγχος
788 733 828 779 ἐς
848 730 973 782 αὐτὴν
991 730 1173 783 εἷ’ργοιστο
1184 760 1196 779 ,
1234 726 1289 776 ὥς
1308 725 1450 780 ἥκιστα
1472 728 1515 768 δὲ
1530 725 1632 768 aino—

196 797 435 854 λογισαμένη
473 796 550 848 ὥς,
597 796 645 850 ἢν
682 814 740 854 τῳ
774 796 895 855 ἑτέρῳ
925 795 950 851 ἦ
983 803 1078 844 παῖς
1104 795 1207 850 αὐτῇ
1240 795 1517 844 ξυνοικίζοιτο,
1563 810 1634 835 πε-

146 873 177 907 D
201 865 447 921 πορνευμένη
471 865 523 906 τὰ
541 863 717 918 πρότερα
738 864 873 915 ἔσται,
910 864 980 905 τὸν
1006 861 1222 916 Θεοδώρας
1251 860 1408 915 ἔκγονον
1431 859 1634 914 1κηδεστὴν
1648 870 1690 902 10

196 931 398 985 ἀτιμάζει,
435 930 506 984 τήν
531 948 572 972 τε
604 933 730 972 παῖδα
755 930 810 979 ὡς
829 929 1007 984 μάλιστα
1029 930 1221 971 ἇκουσίαν
1242 927 1468 981 βιασαμὲνη
1489 926 1636 982 ἀνδρὸς

197 1004 271 1041 τοῦ
302 999 499 1053 ἐρωμένου
523 996 736 1050 ἀπέστησε.
805 996 979 1052 μεγάλην
1000 1014 1041 1038 τε
1061 993 1348 1050 ἀγνωμοσύνης
1365 995 1406 1036 ἐκ
1427 998 1498 1036 τοῦ
1519 992 1635 1048 ξ’ργου

198 1063 344 1108 τούτου
366 1065 615 1118 ἀπηνέγκατο
637 1063 759 1114 δόξαν
781 1067 835 1113 εἷς
852 1062 1007 1112 πάντας
1030 1060 1298 1118 ἀνθρώπους,
1334 1059 1485 1115 ἥκοντά
1503 1077 1546 1102 τε
1565 1060 1637 1102 οὗ-

199 1134 279 1174 δενὶ
299 1130 406 1189 πόνῳ
427 1132 634 1172 ἀναπείθει
653 1132 724 1173 τὸν
746 1130 875 1186 ἄνδρα
894 1135 966 1172 τοῦ
987 1129 1109 1184 ἄγους
1129 1129 1232 1184 αὐτῇ
1248 1132 1485 1182 μεταλαχεῖν
1503 1129 1637 1174 τοῦδε.

200 1198 302 1241 ὥστε
337 1196 559 1251 διαρρήδην
591 1195 778 1250 τηνικάδε
807 1195 828 1239 ὅ
859 1201 931 1239 τοῦ
965 1194 1188 1250 ἀνθρώπου
1219 1193 1367 1249 τρόπος
1399 1192 1638 1248 ἔλήλεγκται.
1652 1202 1694 1236 15

200 1267 329 1307 καίτοι
363 1262 654 1316 διομοσάμενος
675 1263 823 1321 Φωτίῳ
846 1281 888 1305 τε
914 1265 979 1304 καὶ
996 1268 1077 1305 τῶν
1100 1258 1330 1315 ἐπιτηδείων
1348 1262 1427 1303 τισὶ
1445 1258 1640 1316 πρότερον

201 1334 264 1374 καὶ
285 1331 335 1373 τὰ
357 1330 627 1384 ὂμωμοσμίνα
649 1331 809 1383 οὐδαμῆ
828 1327 1065 1384 ε’μπεδώσας
1083 1326 1317 1384 συγγνώμης
1334 1326 1521 1382 ἐτύγχανε
1541 1327 1640 1383 πρὸς

199 1397 361 1440 πάντων
392 1394 634 1451 ἀνθρώπων.
707 1397 834 1438 αἴτιον
862 1397 940 1452 γὰρ
972 1401 1044 1439 τοῦ
1077 1396 1251 1437 ἀπίστου
1283 1395 1456 1450 τάνδρὸς
1490 1394 1536 1436 οὗ
1567 1394 1642 1448 τὴν

200 1462 576 1520 γυναικοκράτειαν,
620 1463 724 1506 ἀλλὰ
757 1464 802 1506 τὸ
833 1466 876 1505 ἐκ
911 1468 984 1517 τῆς
1018 1463 1228 1514 βασιλίδος
1258 1460 1496 1503 ὑπώπτευον
1527 1459 1639 1503 εἶναι.

83 1540 112 1573 Ρ
139 1541 180 1574 18
207 1534 285 1574 ἐπεὶ
305 1533 348 1573 δὲ
370 1529 587 1583 Θεοδώρας
607 1530 922 1584 ἀπογενομένης,
960 1529 1093 1584 ὥσπερ
1120 1547 1191 1581 μοι
1219 1529 1371 1583 εἴρηται
1380 1561 1392 1579 ,
1430 1526 1520 1570 οὗτε
1545 1532 1699 1572 <Dm-20

201 1602 288 1641 τίου
321 1597 411 1639 οἷίτε
441 1597 565 1639 ἄλλου
599 1614 671 1639 του
706 1602 787 1640 τῶν
819 1598 858 1638 οἳ
890 1597 1116 1651 ἀναγκαίων
1147 1594 1265 1650 λόγος
1298 1595 1505 1650 γεγένητο,
1547 1593 1641 1636 ἀλλ’

204 1666 315 1724 αὐτῷ
335 1665 524 1707 δέσποινα
543 1665 615 1716 μὲν
634 1663 659 1718 ἡ
679 1665 778 1719 γυνὴ
802 1666 985 1720 ἐφαίνετο
1010 1659 1136 1714 οὖσα,
1174 1661 1310 1717 κύριος
1332 1664 1376 1704 δὲ
1397 1663 1647 1716 Καλλίγονος

293 1785 326 1818 3.
358 1782 404 1817 τοὶ
437 1781 691 1828 πρασσόμενα]
727 1784 855 1817 Aberat
877 1782 934 1818 τά.
1071 1784 1104 1818 9.
1139 1779 1186 1825 ἤν
1209 1793 1258 1825 τςο
1282 1781 1386 1814 Alem.
1432 1777 1478 1824 ἢν
1500 1781 1552 1825 τῷ
1575 1781 1645 1815 ΑΡ.

297 1828 351 1862 16.
398 1826 674 1871 διομωσοὶμενος
719 1829 789 1862 ΑΡ.
953 1829 1005 1862 17.
1053 1824 1322 1871 ὀμωμοσμένα]
1370 1823 1561 1870 ὀμωσμένα
1605 1827 1644 1859 Α.

297 1875 351 1907 18.
386 1873 543 1918 τάνδρός
573 1875 678 1908 Alem.
725 1871 858 1917 ἀνδρὸς
892 1874 947 1906 ΑΡ
1106 1873 1160 1908 20.
1196 1871 1270 1907 ἐπεὶ
1305 1869 1367 1914 δὲ]
1403 1870 1479 1907 ἐπεὶ
1510 1870 1573 1907 καὶ
1605 1873 1644 1905 Α.

294 1918 377 1952 ibid.
399 1918 484 1954 οὔτε
514 1939 551 1944 -
579 1917 684 1962 οὔτε]
709 1917 795 1954 οὐδὲ
820 1938 864 1943 -
889 1916 978 1953 οὐδὲ
1003 1918 1071 1951 ΑΡ.

207 2024 280 2059 tur,
311 2019 523 2063 puellamque
547 2025 664 2052 contra
687 2019 740 2053 ius
763 2021 882 2062 fasque
916 2019 1046 2063 ephebo
1070 2018 1288 2053 contubernio
1319 2016 1450 2060 iungit,
1480 2027 1547 2050 non
1575 2016 1648 2050 sino

206 2074 341 2097 rumore
372 2075 435 2108 per
469 2064 534 2097 vim
566 2069 761 2107 prostratae
792 2064 973 2098 clanculum
1009 2064 1215 2108 pudicitiae,
1250 2068 1288 2097 ut
1321 2061 1531 2107 sponsalibus
1554 2060 1647 2095 illato

206 2107 339 2151 puellae
372 2108 456 2141 vitio
489 2109 715 2152 confirmatis,
750 2108 913 2152 Princeps
944 2119 1018 2142 esse
1048 2110 1148 2142 rebus
1172 2107 1408 2152 impedimento
1433 2118 1497 2139 non
1521 2110 1647 2150 posset.

208 2153 284 2185 Hoc
315 2154 408 2186 facto
443 2153 654 2186 nihilominus
685 2157 764 2187 octo
795 2154 962 2187 mensibus
993 2154 1208 2195 Anastasius,
1241 2152 1418 2197 puellaque
1451 2150 1566 2185 eodem
1596 2150 1648 2183 usi

210 2197 448 2238 contubernio,
483 2209 595 2231 amore
627 2204 739 2231 mutuo
763 2198 826 2231 iam
851 2199 1073 2240 tenebantur,
1105 2210 1212 2242 eoque
1236 2197 1480 2231 ardentissimo.
1528 2196 1650 2228 Extin—

210 2248 267 2276 cta
288 2242 526 2286 Imperatrice‚
552 2242 607 2276 ubi
633 2244 834 2287 Byzantium
860 2243 989 2287 appulit
1014 2244 1200 2283 Antonino,
1224 2243 1354 2282 sciens,
1378 2242 1592 2284 prudensque
1614 2240 1659 2273 in.

210 2299 247 2320 se
270 2298 378 2331 nuper
400 2291 570 2331 gestorum
595 2288 730 2321 simulat
755 2288 976 2328 oblivionem,
1010 2289 1174 2321 nullamve
1201 2293 1362 2331 reputans
1386 2286 1554 2319 infamiam
1577 2290 1650 2318 stu-

210 2332 286 2377 pri,
319 2331 348 2365 si
380 2332 480 2365 filiam
514 2333 632 2376 nuptui
665 2334 715 2366 sic
746 2333 846 2367 alteri
881 2333 1082 2374 collocaret,
1114 2339 1230 2377 spreto
1255 2333 1421 2374 desponso
1445 2329 1651 2364 Theodorae

210 2381 353 2421 nepote,
379 2377 480 2410 filiam
506 2388 589 2410 sane
612 2377 750 2411 invitam
774 2379 817 2411 ab
842 2377 913 2411 eius
937 2389 1048 2412 amore
1073 2389 1134 2422 per
1157 2377 1222 2410 vim
1249 2375 1397 2410 abducit.
1443 2375 1552 2416 Quam
1575 2374 1650 2418 qui-

210 2422 284 2455 dem
310 2422 351 2455 ob
375 2433 443 2455 rem
469 2422 559 2465 apud
584 2433 696 2456 omnes
720 2434 872 2466 magnam
895 2422 1012 2456 retulit
1033 2422 1261 2466 improbitatis
1281 2421 1488 2464 opinionem:
1511 2420 1651 2452 venien·

211 2472 280 2500 tem
305 2477 385 2500 vero
411 2478 452 2498 ex
475 2466 574 2499 Italia
599 2469 774 2511 coniugem
799 2468 833 2500 in
857 2472 988 2512 partem
1013 2467 1099 2500 tanti
1123 2466 1261 2500 sceleris
1293 2465 1399 2499 trahit
1429 2465 1517 2498 nullo
1545 2475 1650 2508 nego-

211 2513 274 2546 tio.
322 2511 368 2544 Et
398 2511 531 2554 quidem
564 2511 732 2554 ingenium
761 2513 904 2546 Belisari
928 2516 1046 2556 aperte
1069 2512 1203 2546 taudem
1226 2511 1468 2555 deprehensum
1491 2514 1561 2542 tum
1586 2512 1652 2542 est.

211 2556 302 2590 Nam
336 2557 427 2600 quod
455 2556 582 2600 pridem
607 2557 748 2598 photio,
778 2557 1011 2601 nonnullisque
1043 2555 1242 2590 necessariis
1276 2553 1428 2599 promissi
1455 2553 1552 2587 fidem
1585 2564 1650 2587 non

214 2601 446 2645 praestiterit,
469 2601 570 2634 facile
596 2601 723 2636 veniam
748 2603 838 2646 apud
862 2613 974 2635 omnes
997 2601 1145 2642 invenit,
1169 2600 1225 2644 qui
1248 2611 1414 2644 nunquam
1437 2599 1652 2642 suspicaren-

213 2653 272 2679 tur
304 2645 457 2689 coniugis
491 2645 686 2685 dominatu,
722 2647 781 2680 sed
807 2646 1034 2691 Imperatricis
1059 2645 1234 2680 formidine
1266 2644 1367 2678 fidem
1389 2644 1650 2677 labefactatam:

212 2702 328 2728 verum
353 2702 412 2731 ea,
446 2693 483 2723 ut
505 2690 596 2724 dixi.
632 2691 791 2725 defuncta
814 2703 885 2725 cum
910 2692 1032 2725 nullam
1057 2690 1190 2731 photii,
1218 2689 1336 2723 nullam
1359 2687 1570 2722 familiarium
1594 2698 1650 2721 ra-

211 2735 335 2769 tionem
360 2736 522 2778 (luceret,
547 2736 605 2770 sed
629 2737 821 2780 coniugem,
849 2738 986 2781 eiusque
1010 2738 1158 2770 lenonem
1183 2734 1393 2778 Calligonum
1416 2733 1650 2777 imperitantes
