1858 3126
343 175 437 221 226
793 195 799 203 ¹
914 175 1172 218 PROCOPII

336 286 495 343 χρόνοις
513 286 704 340 ἐδείματο.
739 284 1011 334 Ἰουστινιανός
1027 285 1070 325 δὲ
1089 289 1207 326 τανῦν
1221 285 1407 340 βασιλεὺς
1419 283 1564 342 χρόνου
1582 301 1623 327 τε
1641 282 1755 339 μήκει

341 352 466 410 εὖρών
487 354 692 409 συντριβὲς
714 353 891 407 γεγονὸς,
919 352 1211 405 ἀπημελημένον
1228 354 1270 394 δὲ
1294 355 1359 394 καὶ
1381 353 1510 402 ἄλλως
1531 350 1756 407 ἀφύλακτον

340 419 408 471 ὃν,
442 421 480 469 ἐς
508 418 697 475 ὀχύρωμα
723 417 980 471 βεβαιότατον
1010 416 1292 471 μετεστήσατο,
1325 417 1437 460 πόλιν
1461 437 1501 461 τε
1523 416 1755 474 διεπράξατο

338 488 495 541 μεγέθει
516 488 581 527 καὶ
611 484 740 526 κάλλει
761 490 956 541 περιφανῆ
981 483 1090 526 εἶναι.
1156 485 1437 538 Διοκλητιανός
1456 486 1527 539 μὲν
1551 485 1627 540 γὰρ
1648 501 1752 538 τηνι-

289 559 320 594 Β
343 552 435 594 κάδε
460 552 503 594 τὸ
526 550 715 607 φρούριον
739 553 941 605 πεποίηται
962 556 1075 592 τοῦτο
1098 551 1170 603 οὐχ
1191 550 1281 592 ὅλον
1299 551 1342 591 ε”ν
1361 550 1489 607 κύκλῳ
1511 553 1624 604 τείχει
1645 561 1787 606 περι-5

339 619 489 672 βαλὼν,
516 619 619 659 ἀλλὰ
636 618 750 672 μέχρι
766 618 836 671 μὲν
857 619 895 667 ἒς
914 617 1088 670 ποταμὸν
1108 614 1324 673 Εὐφράτην
1334 617 1580 671 ἓπεξαγαγιὺν
1596 616 1667 670 τὴν
1686 620 1757 657 τοῦ

337 684 547 740 περιβόλου
570 686 795 736 οἷκοδομίαν
817 686 881 726 καὶ
903 684 1049 739 πύργον
1067 683 1284 739 ἑκατέρωθι
1304 682 1620 739 ἀπεργασάμενος
1636 682 1756 735 ἴσχα-

337 768 419 801 τον,
442 751 642 792 ἀπολιπὼν
660 751 702 791 δὲ
721 751 791 804 τὴν
806 751 962 793 ἐνθένδε
982 752 1212 806 τοῦχωρίου
1229 750 1400 804 πλευρὰν
1416 749 1629 803 ἀτείχιστον
1641 748 1757 800 ὅλως,

340 817 575 873 ἀποχρῆναι,
610 815 733 870 οἶμαι,
760 817 804 858 τὸ
823 822 892 859 τοῦ
913 822 1093 870 ποταμοῦ
1110 817 1217 873 ὕδωρ
1240 818 1279 865 ἔς
1301 816 1344 857 τὸ
1362 819 1433 857 τοῦ
1453 817 1642 871 φρουρίου
1663 813 1758 868 ὀχύ-

340 901 458 939 ρωμα
479 885 571 938 τῇδε
593 882 817 937 ἡγούμενος.
884 883 1086 939 προϊόντος
1102 885 1144 924 δὲ
1159 882 1304 938 χρόνου
1325 882 1393 924 τὸν
1414 882 1576 935 ἔσχατον
1596 879 1756 937 πύργον,
1771 890 1812 922 10

340 949 384 999 ὃς
400 950 454 1003 δὴ
481 950 687 1005 ἐτέτραπτο
714 950 813 1005 πρὸς
835 949 975 1003 ἄνεμον
995 949 1128 1000 νότον,
1162 950 1206 991 τὸ
1229 953 1300 991 τοῦ
1320 953 1498 1002 ποταμοῦ
1517 947 1654 1004 ῥόθιον
1681 964 1759 988 πα-

341 1015 488 1072 ραξύον
516 1016 814 1069 ἕνδελεχέστατα
834 1018 1051 1060 κατέσεισεν
1078 1017 1190 1067 ὅλον,
1217 1015 1376 1069 ἴνδηλός
1396 1032 1436 1057 τε
1465 1009 1514 1068 ἦν
1545 1013 1619 1065 ὡς,
1644 1016 1682 1055 εἶ
1703 1013 1760 1067 μὴ

339 1084 513 1136 βοηθοίη
535 1100 594 1131 τις
611 1082 634 1122 ὃ
650 1099 687 1123 τι
710 1081 895 1135 τάχιστα,
930 1090 1199 1125 καταπεσεΐται
1219 1082 1361 1124 αὐτίκα
1379 1083 1428 1135 δὴ
1446 1080 1569 1134 μάλα.
1635 1079 1759 1136 ἐφάνη
1819 1116 1822 1119 ⁴

289 1155 320 1190 C
341 1150 470 1190 τοίνυν
492 1148 761 1196 Ἰουστινιανὸς
785 1150 971 1201 βασιλεὺς
1001 1154 1115 1191 τοῦτο
1146 1149 1244 1204 πρὸς
1270 1153 1341 1189 τοῦ
1363 1152 1464 1190 θεοῦ
1487 1147 1761 1199 κεκομισμένος

338 1214 516 1267 ἀξίωμα,
550 1213 679 1267 πάσης
707 1216 975 1267 ἐπιμελεῖσθαι
1007 1218 1070 1256 καὶ
1094 1214 1146 1263 ὡς
1177 1214 1232 1255 ἕνι
1261 1213 1434 1267 μάλιστα
1460 1217 1759 1267 μεταποιεῖσθαι
1773 1221 1812 1254 15

338 1286 411 1334 τῆς
425 1279 627 1334 Ῥωμαίων
645 1281 787 1335 ἀρχῆς·
823 1280 865 1330 ὃς
882 1281 930 1334 δὴ
955 1281 1000 1321 οὗ
1022 1281 1141 1334 μόνον
1163 1280 1230 1322 τὸν
1251 1277 1478 1321 πεπονθότα
1494 1278 1641 1334 πύργον
1661 1276 1760 1320 ἐσιό-

337 1363 457 1398 σατο,
492 1346 898 1401 ἀνοικοδομησάμενος
928 1347 1046 1389 αὐτὸν
1065 1349 1195 1403 μυλίῳ
1222 1349 1326 1402 λίθῳ
1355 1348 1421 1387 καὶ
1449 1344 1564 1401 φύσει
1588 1349 1760 1401 σκληρῷ,

338 1413 439 1455 ἀλλὰ
461 1415 527 1455 καὶ
551 1417 622 1455 τοῦ
639 1415 833 1470 φρουρίου
856 1414 927 1466 τὴν
952 1414 1167 1467 ἀτείχιστον
1193 1412 1364 1467 πλευρὰν
1383 1410 1590 1464 ξύμπασαν
1605 1411 1760 1466 ὀχυρω-

336 1479 444 1537 τάτῳ
465 1480 716 1535 περιβέβληκε
736 1481 873 1534 τείχει,
908 1479 1167 1528 διπλασιάσας
1187 1479 1287 1534 αὐτῇ
1309 1478 1407 1533 πρὸς
1427 1483 1483 1534 τῷ
1503 1482 1669 1534 ποταμῷ
1689 1477 1760 1531 τὴν

337 1547 381 1587 ἓκ
409 1552 480 1588 τοῦ
503 1546 714 1602 περιβόλου
740 1546 971 1603 ἀσφάλειαν.
1037 1546 1135 1599 πρὸς
1166 1546 1227 1586 ἐπὶ
1257 1543 1411 1594 τούτοις
1439 1545 1482 1585 δὲ
1511 1546 1577 1585 καὶ
1604 1546 1814 1599 προτεί-ΞΟ

199 1621 231 1654 V
253 1621 318 1655 419
338 1629 465 1665 χισμα
486 1611 732 1667 ἐχυρώτατον
754 1614 1030 1668 προσεποίησεν
1048 1612 1166 1662 αὐτὸς
1185 1617 1231 1666 τῇ
1251 1611 1380 1662 πόλει,
1409 1614 1475 1652 καὶ
1498 1609 1762 1667 διαφερόντως

284 1687 316 1721 D
341 1674 386 1720 οὗ
415 1679 465 1731 δὴ
495 1685 577 1721 τοῖν
607 1686 798 1732 ποταμοῖν
825 1678 850 1732 ἡ
880 1680 919 1728 ἐς
949 1677 1141 1732 ἀλλήλους
1172 1679 1344 1730 ἐπιμιξία
1373 1678 1559 1732 τρίγωνον
1585 1677 1768 1718 ἀποτελεῖ

337 1750 494 1798 σχῆμα,
522 1743 646 1801 ταύτῃ
671 1763 711 1787 τε
737 1747 808 1796 τὰς
835 1746 989 1787 ἐνθένδε
1009 1750 1086 1786 τῶν
1113 1745 1306 1797 πολεμίοιν
1327 1743 1538 1796 ἐπιβουλὰς
1568 1742 1761 1799 ἀπεκρού-

337 1827 449 1854 σατο.
516 1813 582 1853 καὶ
604 1816 896 1868 στρατιωτικῶν
920 1813 964 1853 δὲ
992 1810 1218 1866 καταλόγων
1247 1810 1420 1866 ἄρχοντα
1447 1811 1539 1866 τῇδε
1563 1827 1760 1864 καταστη-

427 1939 481 1972 17.
503 1937 615 1983 μυλίῳ
637 1938 742 1984 λίθῳ]
765 1938 915 1980 μυλίτου
937 1937 1046 1972 λίθου
1074 1948 1109 1983 p.
1122 1937 1169 1972 38
1182 1937 1219 1972 b.
1263 1935 1372 1972 λίθου
1397 1934 1527 1980 pul-lov
1548 1935 1594 1972 43
1615 1936 1650 1972 d.
1691 1947 1759 1981 μυ-

427 1982 507 2022 λίας
527 1982 656 2021 λίθους
678 1983 722 2017 84
736 1982 770 2018 d.

336 2090 554 2134 Iustiniana,
576 2092 683 2136 ipsum
697 2091 853 2137 temporis
867 2091 1103 2136 longinquitate
1117 2091 1350 2126 labefactatum
1359 2117 1369 2134 ‚
1392 2091 1575 2135 neglectum
1589 2094 1626 2125 et
1638 2091 1758 2126 immu-

335 2135 439 2168 nitum
462 2140 595 2177 nactus,
620 2137 743 2180 optime
765 2137 927 2178 firmavit,
951 2138 1128 2180 urbemque
1153 2137 1373 2180 magnitudine
1395 2147 1436 2169 ac
1458 2136 1578 2170 decore
1598 2136 1756 2171 illustrem

333 2179 425 2212 fecit.
471 2180 593 2224 Neque
616 2181 701 2214 enim
724 2181 893 2215 castellum
910 2182 972 2214 hoc
986 2182 1210 2215 Diocletianus
1233 2186 1336 2215 totum
1351 2181 1518 2214 moenibus
1535 2181 1758 2215 circumdede-

333 2228 406 2256 rat:
428 2223 488 2256 sed
510 2225 553 2257 ad
575 2224 712 2258 fluvium
728 2226 856 2269 quidem
876 2225 1080 2270 Euphratem
1097 2227 1258 2271 producto
1276 2237 1389 2269 muro,
1410 2225 1525 2259 turrim
1544 2230 1700 2270 posuerat
1721 2226 1756 2259 in

334 2273 478 2311 utroque
494 2272 642 2302 extremo
653 2282 663 2302 τ
687 2270 772 2303 latus
789 2275 907 2310 autem,
930 2270 1018 2314 quod
1036 2270 1111 2304 hinc
1125 2271 1315 2315 porrigitur,
1339 2270 1466 2303 omnim>
1481 2269 1599 2303 nudum
1614 2270 1757 2314 relique-

333 2317 399 2352 rat,
421 2317 525 2355 ratus,
549 2313 582 2346 ni
597 2314 712 2355 fallor,
733 2314 815 2348 satis
829 2315 862 2347 id
876 2315 1065 2348 communiri
1080 2326 1165 2359 equa
1179 2315 1332 2348 fluminis.
1375 2314 1582 2348 Procedente
1594 2319 1757 2359 tempore,

334 2362 512 2390 extremam
529 2359 655 2401 turrim,
677 2364 791 2392 austro
808 2359 992 2401 obversam,
1014 2359 1184 2404 profluens
1198 2360 1300 2393 amnis
1314 2359 1444 2392 assiduo
1460 2369 1568 2392 morsu
1583 2358 1756 2403 adederat,

334 2404 369 2434 et
389 2402 575 2446 apparebat
598 2403 684 2436 illam
699 2403 890 2448 propediem
908 2404 1144 2448 collapsurum,
1166 2405 1228 2437 nisi
1243 2404 1316 2449 quis
1332 2414 1523 2436 succurrere
1537 2404 1756 2448 praefestina-

333 2451 397 2480 ret.
441 2446 534 2489 Ergo
550 2447 748 2481 Iustinianus
762 2450 950 2491 Augustus,
973 2449 1130 2482 honorem
1145 2450 1230 2483 hunc
1251 2459 1407 2482 summum
1421 2447 1560 2492 adeptus
1583 2448 1756 2482 manifesto

333 2489 389 2522 dei
407 2500 560 2534 munere,
585 2496 623 2525 ut
638 2492 818 2526 Romanum
833 2493 1015 2537 imperium,
1035 2504 1133 2537 quam
1148 2493 1316 2527 maximum
1332 2496 1395 2533 est,
1420 2496 1562 2535 curaret,
1585 2492 1678 2537 eique
1693 2503 1755 2536 pro

332 2533 421 2566 virili
438 2539 535 2586 parte
560 2537 767 2578 consuleret,
789 2547 852 2569 non
868 2537 972 2569 solum
986 2538 1102 2571 turrim
1117 2538 1266 2571 vitiatam
1288 2537 1452 2578 servavit,
1475 2547 1546 2570 eam
1570 2537 1753 2582 reparando

332 2578 448 2611 molan
470 2589 511 2612 ac
531 2579 614 2613 duro
639 2584 757 2614 natura.
780 2581 910 2624 lapide,
933 2581 991 2614 sed
1010 2586 1116 2615 totum
1131 2583 1226 2616 etiam
1242 2581 1369 2615 castelli
1393 2581 1498 2624 latus,
1520 2581 1607 2625 quod
1632 2581 1752 2627 nudum

334 2627 430 2663 erat,
458 2634 550 2656 muro
573 2625 770 2659 validissimo
796 2625 919 2666 cinxit,
951 2630 1051 2670 atque
1075 2627 1124 2660 ita
1147 2626 1373 2660 munimentum
1397 2626 1595 2669 geminavit,
1627 2624 1752 2660 flumini

332 2677 450 2711 nempe
474 2667 585 2702 addita
610 2670 770 2703 moenium
795 2669 964 2703 firmitate.
1010 2671 1222 2705 Exteriorem
1248 2671 1346 2704 etiam
1370 2681 1496 2704 murum
1521 2670 1595 2703 urbi
1618 2669 1750 2710 adiecit,

328 2711 523 2764 praesertim
546 2713 601 2747 ubi
625 2714 792 2747 confluens
810 2714 952 2748 absolvit
974 2715 1188 2758 triquetrum=
1211 2715 1323 2760 itaque
1338 2715 1478 2748 hostium
1493 2715 1616 2749 insidiis
1631 2713 1749 2748 nullum

326 2756 375 2791 nbi
406 2756 513 2792 locum
537 2758 678 2803 reliquit.
727 2759 909 2794 Praeterea
932 2760 1109 2795 constituto
1135 2771 1345 2795 numerurm
1369 2759 1550 2794 militarium
1576 2761 1657 2794 duce
1682 2757 1749 2802 (sic
