1858 3126
338 182 433 232 146
918 176 1179 221 PROCOPII

337 300 506 350 πτωχοῖς
520 292 793 350 χειροποίητον
812 289 852 332 ἔν
871 289 1086 343 εὗθηνοῧσι
1098 285 1255 343 χρόνοις
1275 286 1335 329 ἀεὶ
1362 284 1470 342 παρὰ
1493 281 1613 335 δόξαν
1635 280 1768 339 εἶργᾶ-

336 366 472 415 ζοντο,
509 363 589 403 ἐπεὶ
617 361 710 402 οὐδὲ
736 365 844 401 σῖτον
869 355 1063 412 ἕτέρωθέν
1088 372 1163 396 τινι
1193 355 1484 407 εἶσκυμίζεσθαι
1515 352 1560 394 τὸ
1581 349 1767 406 παράπαν

337 432 451 484 ἐξῆν,
486 428 588 470 ἀλλὰ
623 427 835 480 ἀναγκαῖον
862 419 912 477 ἦν
942 422 1067 464 ἅπασι
1099 419 1262 470 τούτους
1287 421 1336 473 δὴ
1364 419 1606 471 ὠνουμένους
1623 417 1770 474 ἄρτους

340 498 504 539 ἐσθίειν.
570 494 640 536 τὸν
675 494 718 534 δὲ
748 497 820 545 τῆς
851 489 1002 539 πόλεως
1032 489 1166 542 ὀχετὸν
1195 485 1436 543 διερρωγότα
1459 502 1500 527 τε
1521 483 1686 541 δρῶντες
1705 485 1770 524 καὶ

339 570 486 620 μοῖραν
508 561 656 609 ὕδατος
682 559 752 600 οὐκ
775 559 906 612 ὀλίγην
928 557 1015 599 τινὰ
1035 558 1075 605 ἐς
1097 556 1166 609 τὴν
1184 553 1297 596 πόλιν
1315 550 1520 606 εἶσάγοντα
1537 548 1802 606 ὕπερεώρωνὸ

339 647 383 673 τε
413 632 479 672 καὶ
513 629 599 669 οὐδ’
633 625 763 668 ὁτιοῦν
790 625 898 681 αὐτῷ
932 624 1130 679 προέσθαι
1156 621 1324 676 ἤθελον,
1370 620 1509 674 καίπερ
1538 615 1678 670 ὁμίλου
1713 617 1774 657 ἀεὶ

341 697 449 752 ἀμφὶ
464 695 536 744 τὰς
556 692 702 749 κρήνας
721 693 1029 746 ἀποπνιγομένου
1047 694 1217 739 πολλοῦ,
1251 690 1317 730 καὶ
1342 691 1420 729 τῶν
1435 685 1656 739 βαλανείων
1672 683 1774 724 ἀπο-

289 776 320 811 Β
344 761 623 814 κεκλεισμένων
656 758 839 800 ἁπάντων
847 790 859 809 ,
890 760 1015 800 καίτοι
1047 759 1086 806 ἐς
1117 757 1344 809 οἰκοδομίας
1374 753 1622 800 θαλασσίους
1646 766 1687 792 τε
1709 751 1775 791 καὶ

340 827 534 883 ἀνοήτους
558 826 682 875 ἄλλας
701 827 871 880 μέγεθος
885 824 1104 880 χρημάτων
1130 824 1258 865 οὐδενὶ
1286 821 1389 877 λόγῳ
1412 822 1591 876 προίετο,
1625 834 1776 859 παντα-

336 895 439 951 χόθι
458 898 535 936 τῶν
554 895 795 949 προαστείων
819 891 1131 945 ἐπιτεχνώμενος,
1151 890 1281 945 ὥσπερ
1304 893 1382 930 τῶν
1401 887 1612 940 βασιλείων
1631 883 1775 933 αὐτοὺς
1789 891 1832 926 10

342 964 389 1006 οὗ
408 960 658 1018 χωρούντων,
677 962 716 1002 ἕν
742 957 801 1010 οἷς
820 959 868 1013 δὴ
891 959 1059 1008 ἅπαντες
1078 958 1114 1000 οἱ
1133 956 1327 1013 πρότερον
1343 950 1668 1009 βεβασιλευκότες
1688 953 1779 992 δια-

343 1034 458 1083 βιοῦν
481 1030 520 1078 ἒς
539 1028 598 1069 ἀεὶ
620 1027 782 1081 ἤθελον.
850 1026 977 1076 οὕτως
1007 1026 1052 1067 οὗ
1073 1023 1293 1081 χρημάτων
1323 1024 1467 1079 φειδοῖ,
1493 1019 1595 1062 ἀλλὰ
1618 1017 1780 1075 φθόρου

343 1095 572 1151 ἀνθρώπων
593 1095 715 1144 ἕνεκα,
739 1098 810 1147 τῆς
826 1098 897 1136 τοῦ
920 1094 1056 1147 ὀχετοῦ
1076 1093 1305 1144 οἰκοδομίας
1326 1090 1527 1144 ὀλιγωρεῖν
1543 1086 1653 1141 ἔγνω,
1700 1085 1782 1126 ἐπεὶ
1831 1111 1833 1114 -

346 1163 475 1211 οὐδεὶς
496 1163 538 1202 ἐκ
557 1165 628 1203 τοῦ
650 1161 796 1210 παντὸς
812 1159 959 1216 χρόνου
973 1160 1250 1201 Ἰουστινιανοῦ
1264 1160 1380 1199 τοῦδε
1400 1152 1648 1210 ἑτοιμότερος
1670 1152 1783 1206 »γέγο-

342 1246 406 1271 νεν
426 1226 652 1283 ἀνθρώπων
669 1226 853 1269 ἁπάντων
869 1226 1060 1283 χρήματα
1079 1228 1388 1282 προσποιεῖσθαι
1408 1226 1552 1271 κακῶς,
1573 1221 1639 1261 καὶ
1655 1223 1781 1260 ταῦτα
1795 1226 1836 1261 15

210 1311 240 1345 A
260 1311 325 1347 117
341 1292 532 1351 χειρόνως
563 1292 703 1334 αὐτίκα
732 1295 781 1345 δὴ
811 1293 922 1345 μάλα
946 1294 1158 1348 προέσθαι.
1226 1294 1335 1333 δυοῖν
1357 1291 1486 1332 τοίνυν
1505 1285 1787 1338 ἀπολελειμμέ-

347 1379 430 1404 νοιν
450 1360 489 1402 ἕν
510 1377 550 1402 τε
571 1363 681 1416 ποτῷ
705 1361 770 1400 καὶ
793 1365 876 1408 τοῖς
894 1359 1102 1411 ἓδωδίμοις
1125 1364 1207 1406 τοῖς
1230 1357 1281 1399 τὰ
1306 1355 1453 1409 ἔσχατα
1476 1353 1699 1407 πενομένοις
1720 1353 1787 1393 καὶ

297 1435 328 1470 C
351 1433 521 1481 πτωχοῖς
538 1421 663 1477 οὖσιν,
691 1425 838 1475 ὕδατος
857 1428 925 1468 καὶ
952 1425 1089 1481 ἄρτου,
1113 1425 1168 1466 δι’
1195 1426 1345 1479 ἀμφοῖν
1366 1422 1523 1471 αὐτοὺς,
1559 1419 1691 1475 ὥσπερ
1716 1435 1788 1472 μοι

350 1494 595 1549 ὃεδιήγηται,
628 1493 817 1546 βασιλεὺς
850 1492 916 1534 ὅδε
947 1490 1115 1546 ἔβλαψε,
1147 1492 1192 1532 τὸ
1223 1491 1296 1544 μὲν
1326 1489 1476 1546 ἄπορον
1492 1489 1620 1544 σφίσι,
1653 1485 1721 1528 τὸν
1743 1486 1787 1527 δὲ

349 1565 484 1618 πολλῷ
513 1559 725 1616 ἀξιώτερον
759 1557 1036 1616 ἐργασάμενος.
1113 1558 1159 1600 οὗ
1188 1557 1308 1610 μόνον
1335 1557 1379 1600 δὲ
1401 1556 1494 1605 τοὺς
1514 1556 1554 1597 ἐν
1582 1554 1842 1609 Βυζαντίῳὲο

350 1627 632 1685 προσαιτητὰς,
652 1626 755 1668 ἀλλὰ
772 1628 838 1668 καὶ
855 1631 933 1668 τῶν
946 1625 1114 1683 ἑτέρωθι
1130 1626 1339 1682 ᾠκημένων
1361 1624 1470 1672 τινὰς
1487 1623 1630 1678 ἔδρασε
1646 1624 1787 1669 ταῦτα,

352 1695 485 1751 ὥσπερ
505 1711 575 1747 μοι
597 1694 738 1736 αὐτίκα
756 1694 962 1743 λελέξεται.
1025 1694 1194 1735 Ἰταλίαν
1218 1692 1294 1748 γὰρ
1319 1691 1556 1746 Θευδέριχος
1577 1687 1674 1730 ἑλὼν
1696 1686 1790 1735 τοὺς

354 1763 395 1804 ἓν
422 1767 478 1818 τῷ
504 1759 668 1814 ιΡιόμης
699 1762 877 1818 παλατίῳ
914 1760 1247 1817 στρατευομένους
1274 1758 1397 1800 αὐτοῦ
1427 1758 1576 1806 εἴασεν,
1610 1753 1716 1803 ὅπως
1750 1770 1789 1795 τι

356 1827 590 1879 διασώζοιτο
608 1820 807 1878 πολιτείας
832 1831 904 1882 τῆς
925 1831 1098 1877 παλαιᾶς
1118 1827 1222 1880 ἴχνος
1232 1858 1244 1876 ,
1270 1828 1366 1880 μίαν
1385 1823 1588 1867 ἀπολιπών
1608 1819 1789 1870 σύνταξιν

445 1934 480 1967 3.
508 1930 752 1977 ω’νουμένους]
781 1930 1004 1976 ω’νουμέυοις
1021 1932 1210 1969 Maltretus.
1377 1930 1410 1965 5.
1433 1925 1502 1965 min
1523 1926 1650 1962 addidit
1672 1925 1791 1962 Reisk.

447 1978 503 2013 23:
525 1974 642 2011 αὐτοῦ
666 1979 782 2014 Reisk.
829 1975 968 2017 αὐτοὺς
990 1978 1059 2012 ΑΡ.

355 2066 452 2101 xiore
478 2077 622 2107 annona,
645 2066 765 2099 famem
785 2066 987 2111 inopinatam
1010 2064 1182 2108 ingeniose
1203 2063 1427 2108 quaesierunt.
1471 2063 1560 2098 Nam
1576 2061 1707 2097 aliunde
1721 2073 1792 2096 rem

355 2111 604 2144 frumentariam
627 2122 745 2144 curare
762 2111 891 2144 omnino
917 2110 1035 2143 nemini
1059 2109 1169 2151 licuit,
1198 2110 1257 2143 sed
1273 2109 1424 2153 emptitio
1440 2120 1526 2153 pane
1541 2108 1660 2151 cuique
1674 2109 1793 2141 viven-

356 2156 433 2189 dum
449 2155 524 2190 fuit.
561 2155 714 2188 Effracto
731 2166 888 2199 aquarum
906 2155 1015 2192 ductu,
1042 2154 1233 2188 tenuissime
1246 2155 1279 2188 in
1296 2155 1411 2187 urbem
1425 2163 1528 2206 aquas
1543 2152 1686 2187 derivari
1701 2152 1792 2196 prin—

358 2200 452 2244 cipes
467 2200 706 2241 observat-ann
735 2211 804 2234 rem
820 2204 927 2234 tamen
941 2199 1119 2243 neglexere
1131 2225 1141 2241 ‚
1166 2203 1201 2231 et
1216 2199 1364 2233 omnibus
1381 2199 1572 2233 abstinuere
1586 2197 1794 2241 sumptibus3

357 2255 556 2288 quamquam
579 2245 734 2288 frequens
757 2245 930 2279 multitudo
952 2254 1109 2288 aquarum
1131 2243 1266 2278 veniens
1289 2255 1363 2277 sese
1387 2244 1430 2277 ad
1456 2244 1564 2276 sontes
1579 2242 1793 2286 opprimeret,

356 2289 564 2333 balneaeque
579 2289 644 2322 iam
660 2289 768 2323 nullae
784 2293 960 2333 paterentg
990 2294 1092 2333 atque
1114 2288 1240 2322 Caesar
1255 2288 1458 2322 nihilominus
1470 2287 1608 2331 singulis
1620 2287 1655 2320 in
1669 2287 1794 2321 subur-

357 2333 422 2367 biis
446 2333 488 2367 ad
511 2334 673 2367 maritima
695 2334 849 2369 aedificia
871 2335 1028 2368 immanes
1050 2334 1206 2378 pecunias
1241 2344 1397 2377 perquam
1429 2332 1543 2366 insane
1565 2331 1795 2376 profunderet,

359 2378 454 2422 quasi
469 2389 573 2422 seque
592 2384 626 2411 et
641 2390 776 2412 uxorem
790 2379 883 2423 regia
903 2391 968 2412 non
997 2384 1153 2423 caperet,
1182 2378 1217 2411 in
1241 2389 1306 2431 qua
1329 2378 1457 2422 priores
1483 2377 1649 2411 Caesares
1670 2375 1794 2410 diutius

358 2434 486 2468 perque
511 2423 653 2456 libenter
677 2424 803 2458 versati
829 2425 977 2459 fuissent.
1025 2424 1083 2457 Sic
1108 2423 1207 2468 plane
1230 2423 1292 2456 visi
1314 2427 1392 2456 sunt
1407 2433 1470 2455 non
1495 2421 1710 2466 parsimonia,
1732 2420 1793 2455 sed

357 2467 449 2501 nulla
472 2467 669 2501 intereuntis
691 2469 805 2513 populi
828 2468 1035 2502 miseratione
1052 2479 1159 2513 aquae
1174 2467 1292 2501 ductus
1307 2466 1582 2500 restaurationem
1597 2465 1795 2510 praetermi-

359 2512 456 2546 sisse.
500 2512 588 2546 Nam
602 2513 727 2557 alioqui
741 2514 849 2547 nullus
865 2519 940 2558 post
956 2513 1099 2546 homines
1114 2517 1210 2546 natos
1228 2512 1280 2545 vel
1295 2511 1507 2545 corradendis
1522 2511 1635 2555 inique
1649 2509 1792 2555 pecuniis

358 2556 562 2602 promptior,
595 2557 650 2590 vel
682 2563 820 2602 repente
845 2558 1063 2602 dilapidandis
1087 2556 1255 2602 profusior
1280 2556 1473 2590 Iustiniana.
1521 2555 1626 2600 Igitur
1647 2559 1794 2589 extrema

358 2601 562 2646 pauperibus
577 2601 759 2645 indigentia
782 2603 1030 2644 laborantibus,
1059 2602 1180 2646 quibus
1209 2601 1373 2635 vescendo
1397 2601 1513 2646 panis,
1537 2600 1681 2654 potando
1705 2608 1793 2642 aqua

360 2646 534 2680 dumtaxat
547 2647 675 2690 reliqua
689 2651 797 2690 esset,
821 2652 998 2691 utrumque
1012 2647 1209 2680 Iustinianus
1227 2646 1380 2689 vexavit,
1404 2646 1499 2680 buius
1514 2645 1724 2684 difficultate,
1749 2641 1792 2675 il-

356 2689 420 2723 lius
436 2691 575 2725 caritate
589 2691 734 2726 invecta.
781 2693 904 2726 Verum
926 2703 991 2725 non
1007 2692 1163 2736 Byzantii
1183 2691 1285 2724 solum
1298 2716 1308 2732 ‚
1331 2691 1390 2726 sed
1406 2690 1486 2725 alibi
1505 2690 1552 2724 sic
1565 2699 1688 2734 egenos
1699 2686 1792 2723 affii-

357 2734 417 2775 xit,
440 2735 528 2778 quod
551 2747 631 2770 sane
651 2748 717 2770 non
743 2737 873 2781 pigebit
893 2739 1033 2771 referre.
1078 2736 1320 2777 Tbeodoficus,
1342 2735 1440 2770 Italia
1459 2735 1646 2779 subiugata.
1665 2735 1704 2765 ¹¹¹·
1717 2730 1791 2765 ΒΟ·

354 2789 428 2813 mae
449 2780 582 2825 aliquod
604 2779 807 2828 reipublicae
822 2786 956 2817 extaret
972 2781 1149 2827 vestigium
1159 2806 1171 2825 ,
1193 2780 1424 2827 praetorianos
1437 2779 1570 2824 milites,
1589 2775 1706 2828 relicto
1719 2775 1789 2811 nin-
