<?xml version="1.0" encoding="UTF-8"?>
<!DOCTYPE html PUBLIC "-//W3C//DTD XHTML 1.0 Transitional//EN"
    "http://www.w3.org/TR/xhtml1/DTD/xhtml1-transitional.dtd">
<html xmlns="http://www.w3.org/1999/xhtml" xml:lang="en" lang="en">
 <head>
  <title>
</title>
<meta http-equiv="Content-Type" content="text/html;charset=utf-8" />
  <meta name='ocr-system' content='tesseract 3.04.00' />
  <meta name='ocr-capabilities' content='ocr_page ocr_carea ocr_par ocr_line ocrx_word'/>
</head>
<body>
  <div class='ocr_page' id='page_1' title='image "./corpusscriptorum45niebuoft_0406.png"; bbox 0 0 1800 3126; ppageno 0'>
   <div class='ocr_carea' id='block_1_1' title="bbox 291 145 1259 192">
    <p class='ocr_par' dir='ltr' id='par_1_1' title="bbox 291 145 1259 192">
     <span class='ocr_line' id='line_1_1' title="bbox 291 145 1259 192; baseline 0 -1"><span class='ocrx_word' id='word_1_1' title='bbox 291 146 388 192; x_wconf 88' lang='grc'><strong>366</strong></span> <span class='ocrx_word' id='word_1_2' title='bbox 739 147 799 191; x_wconf 87' lang='grc' dir='ltr'><strong>ΙΝ</strong></span> <span class='ocrx_word' id='word_1_3' title='bbox 830 145 972 190; x_wconf 86' lang='lat' dir='ltr'><strong>HIST.</strong></span> <span class='ocrx_word' id='word_1_4' title='bbox 1005 146 1259 191; x_wconf 81' lang='lat' dir='ltr'>ARGANAM</span> 
     </span>
    </p>
   </div>
   <div class='ocr_carea' id='block_1_2' title="bbox 288 252 1716 416">
    <p class='ocr_par' dir='ltr' id='par_1_2' title="bbox 288 252 1716 416">
     <span class='ocr_line' id='line_1_2' title="bbox 289 252 1716 306; baseline 0.001 -14"><span class='ocrx_word' id='word_1_5' title='bbox 289 256 374 292; x_wconf 90' lang='lat' dir='ltr'><strong>Hoc</strong></span> <span class='ocrx_word' id='word_1_6' title='bbox 403 255 631 306; x_wconf 71' lang='lat' dir='ltr'><strong>epigr-mma,</strong></span> <span class='ocrx_word' id='word_1_7' title='bbox 662 252 768 306; x_wconf 83' lang='lat' dir='ltr'><strong>quod</strong></span> <span class='ocrx_word' id='word_1_8' title='bbox 795 255 960 291; x_wconf 88' lang='lat' dir='ltr'><strong>Ioannes</strong></span> <span class='ocrx_word' id='word_1_9' title='bbox 992 252 1190 291; x_wconf 87' lang='lat' dir='ltr'><strong>Brodaeus</strong></span> <span class='ocrx_word' id='word_1_10' title='bbox 1227 267 1364 306; x_wconf 86' lang='lat' dir='ltr'><strong>parum</strong></span> <span class='ocrx_word' id='word_1_11' title='bbox 1402 254 1622 304; x_wconf 77' lang='lat' dir='ltr'><strong>intellexit,</strong></span> <span class='ocrx_word' id='word_1_12' title='bbox 1663 267 1716 293; x_wconf 80' lang='lat' dir='ltr'><strong>ex</strong></span> 
     </span>
     <span class='ocr_line' id='line_1_3' title="bbox 288 308 1716 361; baseline 0.001 -14"><span class='ocrx_word' id='word_1_13' title='bbox 288 309 364 347; x_wconf 87' lang='lat' dir='ltr'><strong>hoc</strong></span> <span class='ocrx_word' id='word_1_14' title='bbox 392 311 572 360; x_wconf 87' lang='lat' dir='ltr'><strong>Procopii</strong></span> <span class='ocrx_word' id='word_1_15' title='bbox 601 313 687 348; x_wconf 93' lang='lat' dir='ltr'><strong>loco</strong></span> <span class='ocrx_word' id='word_1_16' title='bbox 716 310 943 346; x_wconf 86' lang='lat' dir='ltr'><strong>illustratur.</strong></span> <span class='ocrx_word' id='word_1_17' title='bbox 999 308 1110 356; x_wconf 80' lang='lat' dir='ltr'><strong>Quod</strong></span> <span class='ocrx_word' id='word_1_18' title='bbox 1139 311 1192 347; x_wconf 89' lang='lat' dir='ltr'><strong>ait</strong></span> <span class='ocrx_word' id='word_1_19' title='bbox 1220 310 1268 348; x_wconf 89' lang='lat' dir='ltr'><strong>de</strong></span> <span class='ocrx_word' id='word_1_20' title='bbox 1297 312 1520 361; x_wconf 76' lang='lat' dir='ltr'><strong>consulatu,</strong></span> <span class='ocrx_word' id='word_1_21' title='bbox 1562 309 1612 348; x_wconf 86' lang='lat' dir='ltr'><strong>de</strong></span> <span class='ocrx_word' id='word_1_22' title='bbox 1638 308 1716 349; x_wconf 90' lang='lat' dir='ltr'><strong>ho-</strong></span> 
     </span>
     <span class='ocr_line' id='line_1_4' title="bbox 288 367 952 416; baseline 0 -14"><span class='ocrx_word' id='word_1_23' title='bbox 288 367 442 403; x_wconf 84' lang='lat' dir='ltr'><strong>norario</strong></span> <span class='ocrx_word' id='word_1_24' title='bbox 471 367 665 416; x_wconf 84' lang='lat' dir='ltr'><strong>intelligas</strong></span> <span class='ocrx_word' id='word_1_25' title='bbox 693 377 852 402; x_wconf 89' lang='lat' dir='ltr'><strong>necesse</strong></span> <span class='ocrx_word' id='word_1_26' title='bbox 881 371 952 402; x_wconf 83' lang='lat' dir='ltr'><strong>est.</strong></span> 
     </span>
    </p>
   </div>
   <div class='ocr_carea' id='block_1_3' title="bbox 286 427 1719 813">
    <p class='ocr_par' dir='ltr' id='par_1_3' title="bbox 286 427 1719 813">
     <span class='ocr_line' id='line_1_5' title="bbox 395 427 1716 483; baseline -0.001 -14"><span class='ocrx_word' id='word_1_27' title='bbox 395 434 442 469; x_wconf 92' lang='lat' dir='ltr'><strong>P.</strong></span> <span class='ocrx_word' id='word_1_28' title='bbox 473 430 538 479; x_wconf 87' lang='lat'><strong>44,</strong></span> <span class='ocrx_word' id='word_1_29' title='bbox 570 430 637 471; x_wconf 83' lang='lat'><strong>14.</strong></span> <span class='ocrx_word' id='word_1_30' title='bbox 691 430 736 468; x_wconf 86' lang='lat' dir='ltr'><em>A</em></span> <span class='ocrx_word' id='word_1_31' title='bbox 761 432 1027 482; x_wconf 70' lang='lat' dir='ltr'><strong>magistratu,</strong></span> <span class='ocrx_word' id='word_1_32' title='bbox 1054 430 1126 480; x_wconf 83' lang='lat' dir='ltr'><strong>qui</strong></span> <span class='ocrx_word' id='word_1_33' title='bbox 1153 427 1201 466; x_wconf 80' lang='lat' dir='ltr'><strong>id</strong></span> <span class='ocrx_word' id='word_1_34' title='bbox 1225 432 1395 468; x_wconf 74' lang='lat' dir='ltr'><strong>muneri-5·</strong></span> <span class='ocrx_word' id='word_1_35' title='bbox 1420 431 1550 483; x_wconf 78' lang='lat' dir='ltr'><strong>habet]</strong></span> <span class='ocrx_word' id='word_1_36' title='bbox 1583 431 1716 468; x_wconf 88' lang='lat' dir='ltr'><strong>Habe-</strong></span> 
     </span>
     <span class='ocr_line' id='line_1_6' title="bbox 286 486 1716 537; baseline -0.001 -14"><span class='ocrx_word' id='word_1_37' title='bbox 286 487 353 524; x_wconf 89' lang='lat' dir='ltr'><strong>bat</strong></span> <span class='ocrx_word' id='word_1_38' title='bbox 380 486 423 523; x_wconf 90' lang='lat' dir='ltr'><strong>id</strong></span> <span class='ocrx_word' id='word_1_39' title='bbox 450 500 592 523; x_wconf 89' lang='lat' dir='ltr'><strong>munus</strong></span> <span class='ocrx_word' id='word_1_40' title='bbox 616 486 824 537; x_wconf 90' lang='lat' dir='ltr'><strong>primarius</strong></span> <span class='ocrx_word' id='word_1_41' title='bbox 862 499 884 522; x_wconf 88' lang='lat' dir='ltr'><strong>a</strong></span> <span class='ocrx_word' id='word_1_42' title='bbox 923 486 1101 534; x_wconf 85' lang='lat' dir='ltr'><strong>secretis,</strong></span> <span class='ocrx_word' id='word_1_43' title='bbox 1144 498 1262 536; x_wconf 91' lang='lat' dir='ltr'><strong>quem</strong></span> <span class='ocrx_word' id='word_1_44' title='bbox 1296 487 1528 536; x_wconf 86' lang='lat' dir='ltr'><strong>posteriores</strong></span> <span class='ocrx_word' id='word_1_45' title='bbox 1557 487 1716 524; x_wconf 83' lang='lat' dir='ltr'><strong>orientis</strong></span> 
     </span>
     <span class='ocr_line' id='line_1_7' title="bbox 286 536 1716 592; baseline 0 -14"><span class='ocrx_word' id='word_1_46' title='bbox 286 544 540 592; x_wconf 85' lang='lat' dir='ltr'><strong>imperatores</strong></span> <span class='ocrx_word' id='word_1_47' title='bbox 572 541 847 590; x_wconf 79' lang='grc' dir='ltr'><strong><em>Κανικλίωνοι,</em></strong></span> <span class='ocrx_word' id='word_1_48' title='bbox 885 542 966 578; x_wconf 85' lang='lat' dir='ltr'><strong>sive</strong></span> <span class='ocrx_word' id='word_1_49' title='bbox 995 538 1064 580; x_wconf 74' lang='grc' dir='ltr'><strong>τόν</strong></span> <span class='ocrx_word' id='word_1_50' title='bbox 1101 536 1180 580; x_wconf 65' lang='lat' dir='ltr'><strong>cino</strong></span> <span class='ocrx_word' id='word_1_51' title='bbox 1211 541 1425 581; x_wconf 82' lang='grc' dir='ltr'><strong><em>Κανικλίου</em></strong></span> <span class='ocrx_word' id='word_1_52' title='bbox 1451 544 1716 580; x_wconf 86' lang='lat' dir='ltr'><strong>nominarunt.</strong></span> 
     </span>
     <span class='ocr_line' id='line_1_8' title="bbox 286 595 1718 648; baseline 0 -15"><span class='ocrx_word' id='word_1_53' title='bbox 286 599 487 648; x_wconf 85' lang='lat' dir='ltr'><strong>Frequens</strong></span> <span class='ocrx_word' id='word_1_54' title='bbox 528 603 586 634; x_wconf 88' lang='lat' dir='ltr'><strong>est</strong></span> <span class='ocrx_word' id='word_1_55' title='bbox 626 598 708 634; x_wconf 87' lang='lat' dir='ltr'><strong>eius</strong></span> <span class='ocrx_word' id='word_1_56' title='bbox 750 598 897 634; x_wconf 90' lang='lat' dir='ltr'><strong>mentio</strong></span> <span class='ocrx_word' id='word_1_57' title='bbox 936 595 1041 647; x_wconf 88' lang='lat' dir='ltr'><strong>apud</strong></span> <span class='ocrx_word' id='word_1_58' title='bbox 1078 596 1330 646; x_wconf 84' lang='lat' dir='ltr'><strong>Gregentium</strong></span> <span class='ocrx_word' id='word_1_59' title='bbox 1372 598 1596 648; x_wconf 88' lang='lat' dir='ltr'><strong>episcopum</strong></span> <span class='ocrx_word' id='word_1_60' title='bbox 1632 599 1718 634; x_wconf 85' lang='lat' dir='ltr'><strong>Ta·-</strong></span> 
     </span>
     <span class='ocr_line' id='line_1_9' title="bbox 287 650 1718 703; baseline -0.001 -15"><span class='ocrx_word' id='word_1_61' title='bbox 287 652 514 703; x_wconf 88' lang='lat' dir='ltr'><strong>phrensem,</strong></span> <span class='ocrx_word' id='word_1_62' title='bbox 544 651 758 700; x_wconf 86' lang='lat' dir='ltr'><strong>Codiuum,</strong></span> <span class='ocrx_word' id='word_1_63' title='bbox 785 654 981 699; x_wconf 88' lang='lat' dir='ltr'><strong>Nicetam,</strong></span> <span class='ocrx_word' id='word_1_64' title='bbox 1012 658 1050 688; x_wconf 88' lang='lat' dir='ltr'><strong>et</strong></span> <span class='ocrx_word' id='word_1_65' title='bbox 1078 653 1308 689; x_wconf 85' lang='lat' dir='ltr'><strong>recentiores</strong></span> <span class='ocrx_word' id='word_1_66' title='bbox 1337 650 1519 690; x_wconf 79' lang='lat' dir='ltr'><strong>historiae</strong></span> <span class='ocrx_word' id='word_1_67' title='bbox 1549 653 1718 690; x_wconf 82' lang='lat' dir='ltr'><strong>Graecae</strong></span> 
     </span>
     <span class='ocr_line' id='line_1_10' title="bbox 288 707 1719 758; baseline -0.001 -13"><span class='ocrx_word' id='word_1_68' title='bbox 288 709 508 758; x_wconf 74' lang='lat' dir='ltr'><strong>scriptores.</strong></span> <span class='ocrx_word' id='word_1_69' title='bbox 566 709 692 744; x_wconf 88' lang='lat' dir='ltr'><strong>Huius</strong></span> <span class='ocrx_word' id='word_1_70' title='bbox 720 709 969 758; x_wconf 79' lang='lat' dir='ltr'><strong>magistratus</strong></span> <span class='ocrx_word' id='word_1_71' title='bbox 1007 707 1201 756; x_wconf 85' lang='lat' dir='ltr'><strong>officium,</strong></span> <span class='ocrx_word' id='word_1_72' title='bbox 1241 719 1285 744; x_wconf 90' lang='lat' dir='ltr'><strong>ac</strong></span> <span class='ocrx_word' id='word_1_73' title='bbox 1322 709 1492 746; x_wconf 85' lang='lat' dir='ltr'><strong>nominis</strong></span> <span class='ocrx_word' id='word_1_74' title='bbox 1530 709 1719 746; x_wconf 84' lang='lat' dir='ltr'><strong>rationem</strong></span> 
     </span>
     <span class='ocr_line' id='line_1_11' title="bbox 287 763 750 813; baseline 0 -13"><span class='ocrx_word' id='word_1_75' title='bbox 287 765 423 801; x_wconf 86' lang='lat' dir='ltr'><strong>statim</strong></span> <span class='ocrx_word' id='word_1_76' title='bbox 452 763 750 813; x_wconf 80' lang='lat' dir='ltr'><strong>explicabimus.</strong></span> 
     </span>
    </p>
   </div>
   <div class='ocr_carea' id='block_1_4' title="bbox 289 827 1722 1046">
    <p class='ocr_par' dir='ltr' id='par_1_4' title="bbox 289 827 1722 1046">
     <span class='ocr_line' id='line_1_12' title="bbox 397 827 1721 880; baseline -0.002 -14"><span class='ocrx_word' id='word_1_77' title='bbox 397 831 443 866; x_wconf 90' lang='lat' dir='ltr'><strong>P.</strong></span> <span class='ocrx_word' id='word_1_78' title='bbox 473 829 547 876; x_wconf 85' lang='lat'><strong>44,</strong></span> <span class='ocrx_word' id='word_1_79' title='bbox 583 829 647 870; x_wconf 88' lang='grc'><strong>15.</strong></span> <span class='ocrx_word' id='word_1_80' title='bbox 709 829 821 878; x_wconf 84' lang='lat' dir='ltr'><strong>Quae</strong></span> <span class='ocrx_word' id='word_1_81' title='bbox 848 828 927 879; x_wconf 80' lang='lat' dir='ltr'><strong>legi</strong></span> <span class='ocrx_word' id='word_1_82' title='bbox 953 829 1101 866; x_wconf 83' lang='lat' dir='ltr'><strong>Latine</strong></span> <span class='ocrx_word' id='word_1_83' title='bbox 1123 828 1308 880; x_wconf 73' lang='lat' dir='ltr'><strong>possent]</strong></span> <span class='ocrx_word' id='word_1_84' title='bbox 1349 829 1577 866; x_wconf 79' lang='lat' dir='ltr'><strong>Etiamnum</strong></span> <span class='ocrx_word' id='word_1_85' title='bbox 1607 827 1721 866; x_wconf 80' lang='lat' dir='ltr'><strong>vide-</strong></span> 
     </span>
     <span class='ocr_line' id='line_1_13' title="bbox 289 883 1722 935; baseline -0.001 -14"><span class='ocrx_word' id='word_1_86' title='bbox 289 898 379 922; x_wconf 86' lang='lat' dir='ltr'><strong>mus</strong></span> <span class='ocrx_word' id='word_1_87' title='bbox 418 883 468 921; x_wconf 86' lang='lat' dir='ltr'><strong>ad</strong></span> <span class='ocrx_word' id='word_1_88' title='bbox 507 886 653 922; x_wconf 88' lang='lat' dir='ltr'><strong>calcem</strong></span> <span class='ocrx_word' id='word_1_89' title='bbox 683 885 918 921; x_wconf 85' lang='lat' dir='ltr'><strong>Graecarum</strong></span> <span class='ocrx_word' id='word_1_90' title='bbox 947 885 1265 921; x_wconf 86' lang='lat' dir='ltr'><strong>constitutionum</strong></span> <span class='ocrx_word' id='word_1_91' title='bbox 1305 884 1605 935; x_wconf 87' lang='lat' dir='ltr'><strong>subscriptiones</strong></span> <span class='ocrx_word' id='word_1_92' title='bbox 1642 884 1722 920; x_wconf 88' lang='lat' dir='ltr'><strong>im-</strong></span> 
     </span>
     <span class='ocr_line' id='line_1_14' title="bbox 289 938 1722 991; baseline -0.001 -15"><span class='ocrx_word' id='word_1_93' title='bbox 289 947 526 991; x_wconf 87' lang='lat' dir='ltr'><strong>peratorum,</strong></span> <span class='ocrx_word' id='word_1_94' title='bbox 556 947 746 991; x_wconf 87' lang='lat' dir='ltr'><strong>notasque</strong></span> <span class='ocrx_word' id='word_1_95' title='bbox 776 941 981 977; x_wconf 87' lang='lat' dir='ltr'><strong>consulum</strong></span> <span class='ocrx_word' id='word_1_96' title='bbox 1000 941 1169 987; x_wconf 86' lang='lat' dir='ltr'><strong>Latinas,</strong></span> <span class='ocrx_word' id='word_1_97' title='bbox 1196 938 1266 977; x_wconf 87' lang='lat' dir='ltr'><strong>sed</strong></span> <span class='ocrx_word' id='word_1_98' title='bbox 1290 953 1370 977; x_wconf 87' lang='lat' dir='ltr'><strong>non</strong></span> <span class='ocrx_word' id='word_1_99' title='bbox 1397 941 1452 976; x_wconf 86' lang='lat' dir='ltr'><strong>ita</strong></span> <span class='ocrx_word' id='word_1_100' title='bbox 1479 939 1604 976; x_wconf 87' lang='lat' dir='ltr'><strong>multo</strong></span> <span class='ocrx_word' id='word_1_101' title='bbox 1633 944 1722 990; x_wconf 84' lang='lat' dir='ltr'><strong>post</strong></span> 
     </span>
     <span class='ocr_line' id='line_1_15' title="bbox 291 992 1722 1046; baseline -0.001 -14"><span class='ocrx_word' id='word_1_102' title='bbox 291 996 577 1033; x_wconf 83' lang='lat' dir='ltr'><strong>obsoleverunt.</strong></span> <span class='ocrx_word' id='word_1_103' title='bbox 633 998 739 1046; x_wconf 87' lang='lat' dir='ltr'><strong>Lege</strong></span> <span class='ocrx_word' id='word_1_104' title='bbox 767 994 835 1037; x_wconf 83' lang='lat'><strong>74.</strong></span> <span class='ocrx_word' id='word_1_105' title='bbox 864 995 1064 1034; x_wconf 84' lang='lat' dir='ltr'><strong>novellam</strong></span> <span class='ocrx_word' id='word_1_106' title='bbox 1090 995 1312 1044; x_wconf 86' lang='lat' dir='ltr'><strong>Iustiniani,</strong></span> <span class='ocrx_word' id='word_1_107' title='bbox 1356 1001 1395 1032; x_wconf 89' lang='lat' dir='ltr'><strong>et</strong></span> <span class='ocrx_word' id='word_1_108' title='bbox 1429 993 1502 1033; x_wconf 84' lang='lat' dir='ltr'><strong>has</strong></span> <span class='ocrx_word' id='word_1_109' title='bbox 1530 1000 1642 1032; x_wconf 85' lang='lat' dir='ltr'><strong>notas</strong></span> <span class='ocrx_word' id='word_1_110' title='bbox 1671 992 1722 1030; x_wconf 86' lang='lat' dir='ltr'><strong>ad</strong></span> 
     </span>
    </p>
   </div>
   <div class='ocr_carea' id='block_1_5' title="bbox 289 1050 603 1102">
    <p class='ocr_par' dir='ltr' id='par_1_5' title="bbox 289 1050 603 1102">
     <span class='ocr_line' id='line_1_16' title="bbox 289 1050 603 1102; baseline 0 -14"><span class='ocrx_word' id='word_1_111' title='bbox 289 1064 331 1102; x_wconf 84' lang='lat' dir='ltr'><strong>p.</strong></span> <span class='ocrx_word' id='word_1_112' title='bbox 362 1054 413 1093; x_wconf 82' lang='lat'><strong>63</strong></span> <span class='ocrx_word' id='word_1_113' title='bbox 443 1052 511 1088; x_wconf 90' lang='lat' dir='ltr'><strong>lin.</strong></span> <span class='ocrx_word' id='word_1_114' title='bbox 535 1050 603 1090; x_wconf 82' lang='grc'><strong>28.</strong></span> 
     </span>
    </p>
   </div>
   <div class='ocr_carea' id='block_1_6' title="bbox 144 1113 1724 1940">
    <p class='ocr_par' dir='ltr' id='par_1_6' title="bbox 283 1113 1724 1775">
     <span class='ocr_line' id='line_1_17' title="bbox 398 1113 1723 1167; baseline -0.002 -14"><span class='ocrx_word' id='word_1_115' title='bbox 398 1118 447 1154; x_wconf 87' lang='grc' dir='ltr'><strong>Ρ.</strong></span> <span class='ocrx_word' id='word_1_116' title='bbox 475 1114 549 1163; x_wconf 82' lang='grc'><strong>44,</strong></span> <span class='ocrx_word' id='word_1_117' title='bbox 582 1115 649 1156; x_wconf 87' lang='grc'><strong>15.</strong></span> <span class='ocrx_word' id='word_1_118' title='bbox 703 1117 892 1154; x_wconf 84' lang='lat' dir='ltr'><strong>Formam</strong></span> <span class='ocrx_word' id='word_1_119' title='bbox 930 1122 1103 1167; x_wconf 77' lang='lat' dir='ltr'><strong>quatuor</strong></span> <span class='ocrx_word' id='word_1_120' title='bbox 1139 1116 1387 1167; x_wconf 77' lang='lat' dir='ltr'><strong>litterarum]</strong></span> <span class='ocrx_word' id='word_1_121' title='bbox 1427 1113 1642 1154; x_wconf 86' lang='lat' dir='ltr'><strong>Audieram</strong></span> <span class='ocrx_word' id='word_1_122' title='bbox 1678 1114 1723 1150; x_wconf 87' lang='lat' dir='ltr'><strong>in</strong></span> 
     </span>
     <span class='ocr_line' id='line_1_18' title="bbox 289 1169 1722 1222; baseline -0.002 -14"><span class='ocrx_word' id='word_1_123' title='bbox 289 1169 448 1208; x_wconf 80' lang='lat' dir='ltr'><strong>archivo</strong></span> <span class='ocrx_word' id='word_1_124' title='bbox 491 1172 712 1208; x_wconf 78' lang='lat' dir='ltr'><strong>cassinensi</strong></span> <span class='ocrx_word' id='word_1_125' title='bbox 754 1170 890 1208; x_wconf 91' lang='lat' dir='ltr'><strong>haberi</strong></span> <span class='ocrx_word' id='word_1_126' title='bbox 931 1172 1071 1208; x_wconf 88' lang='lat' dir='ltr'><strong>Iustini</strong></span> <span class='ocrx_word' id='word_1_127' title='bbox 1117 1169 1330 1222; x_wconf 84' lang='lat' dir='ltr'><strong>diplomata</strong></span> <span class='ocrx_word' id='word_1_128' title='bbox 1376 1170 1562 1217; x_wconf 13' lang='lat' dir='ltr'><strong>eiusdem&gt;</strong></span> <span class='ocrx_word' id='word_1_129' title='bbox 1600 1182 1722 1207; x_wconf 87' lang='lat' dir='ltr'><strong>manu</strong></span> 
     </span>
     <span class='ocr_line' id='line_1_19' title="bbox 288 1226 1723 1278; baseline -0.002 -15"><span class='ocrx_word' id='word_1_130' title='bbox 288 1228 538 1277; x_wconf 86' lang='lat' dir='ltr'><strong>consignata:</strong></span> <span class='ocrx_word' id='word_1_131' title='bbox 578 1239 629 1263; x_wconf 81' lang='lat' dir='ltr'><strong>ex</strong></span> <span class='ocrx_word' id='word_1_132' title='bbox 657 1226 798 1276; x_wconf 89' lang='lat' dir='ltr'><strong>quibus</strong></span> <span class='ocrx_word' id='word_1_133' title='bbox 829 1227 998 1262; x_wconf 84' lang='lat' dir='ltr'><strong>formam</strong></span> <span class='ocrx_word' id='word_1_134' title='bbox 1024 1227 1184 1263; x_wconf 86' lang='lat' dir='ltr'><strong>illarmn</strong></span> <span class='ocrx_word' id='word_1_135' title='bbox 1212 1234 1377 1278; x_wconf 87' lang='lat' dir='ltr'><strong>quatuor</strong></span> <span class='ocrx_word' id='word_1_136' title='bbox 1403 1228 1620 1266; x_wconf 83' lang='lat' dir='ltr'><strong>litterarum</strong></span> <span class='ocrx_word' id='word_1_137' title='bbox 1649 1237 1723 1261; x_wconf 84' lang='lat' dir='ltr'><strong>ex-</strong></span> 
     </span>
     <span class='ocr_line' id='line_1_20' title="bbox 288 1279 1723 1333; baseline -0.001 -15"><span class='ocrx_word' id='word_1_138' title='bbox 288 1284 429 1332; x_wconf 87' lang='lat' dir='ltr'><strong>cipere,</strong></span> <span class='ocrx_word' id='word_1_139' title='bbox 460 1279 1335 1333; x_wconf 86' lang='lat' dir='ltr'><strong>earumquelongitudinemlatitudinemque,</strong></span> <span class='ocrx_word' id='word_1_140' title='bbox 1365 1288 1403 1319; x_wconf 89' lang='lat' dir='ltr'><strong>et</strong></span> <span class='ocrx_word' id='word_1_141' title='bbox 1431 1283 1586 1332; x_wconf 81' lang='lat' dir='ltr'><strong>apicum</strong></span> <span class='ocrx_word' id='word_1_142' title='bbox 1613 1281 1723 1330; x_wconf 90' lang='lat' dir='ltr'><strong>ipso-</strong></span> 
     </span>
     <span class='ocr_line' id='line_1_21' title="bbox 285 1334 1722 1387; baseline -0.002 -13"><span class='ocrx_word' id='word_1_143' title='bbox 285 1351 374 1374; x_wconf 89' lang='lat' dir='ltr'><strong>rum</strong></span> <span class='ocrx_word' id='word_1_144' title='bbox 401 1339 605 1387; x_wconf 87' lang='lat' dir='ltr'><strong>ingenium</strong></span> <span class='ocrx_word' id='word_1_145' title='bbox 641 1350 795 1374; x_wconf 84' lang='lat' dir='ltr'><strong>summa</strong></span> <span class='ocrx_word' id='word_1_146' title='bbox 826 1349 903 1387; x_wconf 88' lang='lat' dir='ltr'><strong>qua</strong></span> <span class='ocrx_word' id='word_1_147' title='bbox 931 1336 1015 1372; x_wconf 86' lang='lat' dir='ltr'><strong>fieri</strong></span> <span class='ocrx_word' id='word_1_148' title='bbox 1048 1338 1238 1387; x_wconf 87' lang='lat' dir='ltr'><strong>potuisset</strong></span> <span class='ocrx_word' id='word_1_149' title='bbox 1265 1335 1455 1374; x_wconf 87' lang='lat' dir='ltr'><strong>industria</strong></span> <span class='ocrx_word' id='word_1_150' title='bbox 1483 1334 1722 1373; x_wconf 82' lang='lat' dir='ltr'><strong>adamussim</strong></span> 
     </span>
     <span class='ocr_line' id='line_1_22' title="bbox 285 1389 1724 1444; baseline -0.002 -14"><span class='ocrx_word' id='word_1_151' title='bbox 285 1395 530 1444; x_wconf 83' lang='lat' dir='ltr'><strong>exprimere,</strong></span> <span class='ocrx_word' id='word_1_152' title='bbox 569 1393 721 1444; x_wconf 87' lang='lat' dir='ltr'><strong>tibique</strong></span> <span class='ocrx_word' id='word_1_153' title='bbox 747 1394 888 1430; x_wconf 87' lang='lat' dir='ltr'><strong>Lector</strong></span> <span class='ocrx_word' id='word_1_154' title='bbox 915 1405 1131 1443; x_wconf 87' lang='lat' dir='ltr'><strong>proponere</strong></span> <span class='ocrx_word' id='word_1_155' title='bbox 1168 1394 1457 1429; x_wconf 88' lang='lat' dir='ltr'><strong>constitueram.</strong></span> <span class='ocrx_word' id='word_1_156' title='bbox 1514 1389 1596 1428; x_wconf 87' lang='lat' dir='ltr'><strong>Sed</strong></span> <span class='ocrx_word' id='word_1_157' title='bbox 1629 1403 1724 1441; x_wconf 84' lang='lat' dir='ltr'><strong>per-</strong></span> 
     </span>
     <span class='ocr_line' id='line_1_23' title="bbox 283 1444 1723 1497; baseline -0.002 -11"><span class='ocrx_word' id='word_1_158' title='bbox 283 1449 408 1486; x_wconf 88' lang='lat' dir='ltr'><strong>fertur</strong></span> <span class='ocrx_word' id='word_1_159' title='bbox 448 1448 498 1485; x_wconf 87' lang='lat' dir='ltr'><strong>ad</strong></span> <span class='ocrx_word' id='word_1_160' title='bbox 532 1463 597 1486; x_wconf 90' lang='lat' dir='ltr'><strong>me</strong></span> <span class='ocrx_word' id='word_1_161' title='bbox 631 1449 687 1485; x_wconf 89' lang='lat' dir='ltr'><strong>ibi</strong></span> <span class='ocrx_word' id='word_1_162' title='bbox 715 1449 855 1485; x_wconf 87' lang='lat' dir='ltr'><strong>Iustiui</strong></span> <span class='ocrx_word' id='word_1_163' title='bbox 883 1460 1029 1485; x_wconf 79' lang='lat' dir='ltr'><strong>nomen</strong></span> <span class='ocrx_word' id='word_1_164' title='bbox 1055 1449 1252 1497; x_wconf 88' lang='lat' dir='ltr'><strong>integrum</strong></span> <span class='ocrx_word' id='word_1_165' title='bbox 1281 1461 1379 1485; x_wconf 87' lang='lat' dir='ltr'><strong>esse.</strong></span> <span class='ocrx_word' id='word_1_166' title='bbox 1437 1447 1562 1492; x_wconf 80' lang='lat' dir='ltr'><strong>Quare</strong></span> <span class='ocrx_word' id='word_1_167' title='bbox 1592 1444 1723 1496; x_wconf 82' lang='lat' dir='ltr'><strong>diplo-</strong></span> 
     </span>
     <span class='ocr_line' id='line_1_24' title="bbox 283 1502 1722 1555; baseline -0.003 -14"><span class='ocrx_word' id='word_1_168' title='bbox 283 1511 391 1541; x_wconf 86' lang='lat' dir='ltr'><strong>mata</strong></span> <span class='ocrx_word' id='word_1_169' title='bbox 420 1517 520 1555; x_wconf 88' lang='lat' dir='ltr'><strong>quae</strong></span> <span class='ocrx_word' id='word_1_170' title='bbox 553 1505 639 1541; x_wconf 87' lang='lat' dir='ltr'><strong>aliis</strong></span> <span class='ocrx_word' id='word_1_171' title='bbox 670 1505 788 1541; x_wconf 84' lang='lat' dir='ltr'><strong>etiam</strong></span> <span class='ocrx_word' id='word_1_172' title='bbox 826 1503 874 1540; x_wconf 90' lang='lat' dir='ltr'><strong>de</strong></span> <span class='ocrx_word' id='word_1_173' title='bbox 907 1504 1031 1540; x_wconf 89' lang='lat' dir='ltr'><strong>causis</strong></span> <span class='ocrx_word' id='word_1_174' title='bbox 1067 1510 1268 1553; x_wconf 86' lang='lat' dir='ltr'><strong>suspectae</strong></span> <span class='ocrx_word' id='word_1_175' title='bbox 1305 1502 1398 1539; x_wconf 86' lang='lat' dir='ltr'><strong>fidei</strong></span> <span class='ocrx_word' id='word_1_176' title='bbox 1430 1503 1527 1539; x_wconf 88' lang='lat' dir='ltr'><strong>olim</strong></span> <span class='ocrx_word' id='word_1_177' title='bbox 1553 1502 1722 1539; x_wconf 80' lang='lat' dir='ltr'><strong>Barouio</strong></span> 
     </span>
     <span class='ocr_line' id='line_1_25' title="bbox 284 1557 1722 1610; baseline -0.003 -14"><span class='ocrx_word' id='word_1_178' title='bbox 284 1562 369 1597; x_wconf 83' lang='lat' dir='ltr'><strong>visa</strong></span> <span class='ocrx_word' id='word_1_179' title='bbox 398 1566 508 1608; x_wconf 88' lang='lat' dir='ltr'><strong>sunt,</strong></span> <span class='ocrx_word' id='word_1_180' title='bbox 539 1573 591 1596; x_wconf 84' lang='lat' dir='ltr'><strong>ex</strong></span> <span class='ocrx_word' id='word_1_181' title='bbox 619 1558 694 1596; x_wconf 89' lang='lat' dir='ltr'><strong>hoc</strong></span> <span class='ocrx_word' id='word_1_182' title='bbox 722 1560 903 1609; x_wconf 87' lang='lat' dir='ltr'><strong>Procopii</strong></span> <span class='ocrx_word' id='word_1_183' title='bbox 925 1559 1010 1596; x_wconf 89' lang='lat' dir='ltr'><strong>loco</strong></span> <span class='ocrx_word' id='word_1_184' title='bbox 1037 1559 1276 1610; x_wconf 86' lang='lat' dir='ltr'><strong>imposturae</strong></span> <span class='ocrx_word' id='word_1_185' title='bbox 1303 1560 1385 1595; x_wconf 87' lang='lat' dir='ltr'><strong>iam</strong></span> <span class='ocrx_word' id='word_1_186' title='bbox 1414 1559 1580 1610; x_wconf 88' lang='lat' dir='ltr'><strong>quisque</strong></span> <span class='ocrx_word' id='word_1_187' title='bbox 1606 1557 1722 1593; x_wconf 86' lang='lat' dir='ltr'><strong>facile</strong></span> 
     </span>
     <span class='ocr_line' id='line_1_26' title="bbox 286 1614 1724 1665; baseline -0.002 -14"><span class='ocrx_word' id='word_1_188' title='bbox 286 1617 505 1652; x_wconf 85' lang='lat' dir='ltr'><strong>convincat.</strong></span> <span class='ocrx_word' id='word_1_189' title='bbox 563 1616 770 1651; x_wconf 88' lang='lat' dir='ltr'><strong>Caeterum</strong></span> <span class='ocrx_word' id='word_1_190' title='bbox 806 1615 967 1651; x_wconf 88' lang='lat' dir='ltr'><strong>Proclus</strong></span> <span class='ocrx_word' id='word_1_191' title='bbox 1015 1621 1195 1665; x_wconf 88' lang='lat' dir='ltr'><strong>quaestor</strong></span> <span class='ocrx_word' id='word_1_192' title='bbox 1238 1621 1403 1665; x_wconf 89' lang='lat' dir='ltr'><strong>quatuor</strong></span> <span class='ocrx_word' id='word_1_193' title='bbox 1441 1614 1531 1650; x_wconf 83' lang='lat' dir='ltr'><strong>illas</strong></span> <span class='ocrx_word' id='word_1_194' title='bbox 1569 1618 1724 1648; x_wconf 86' lang='lat' dir='ltr'><strong>tantum</strong></span> 
     </span>
     <span class='ocr_line' id='line_1_27' title="bbox 285 1668 1724 1707; baseline -0.003 0"><span class='ocrx_word' id='word_1_195' title='bbox 285 1671 435 1707; x_wconf 82' lang='lat' dir='ltr'><strong>litteras</strong></span> <span class='ocrx_word' id='word_1_196' title='bbox 466 1671 631 1707; x_wconf 86' lang='lat' dir='ltr'><strong>tabellae</strong></span> <span class='ocrx_word' id='word_1_197' title='bbox 667 1669 876 1707; x_wconf 89' lang='lat' dir='ltr'><strong>incidendo</strong></span> <span class='ocrx_word' id='word_1_198' title='bbox 905 1683 985 1706; x_wconf 90' lang='lat' dir='ltr'><strong>non</strong></span> <span class='ocrx_word' id='word_1_199' title='bbox 1014 1669 1282 1706; x_wconf 85' lang='lat' dir='ltr'><strong>commoditati</strong></span> <span class='ocrx_word' id='word_1_200' title='bbox 1312 1668 1431 1706; x_wconf 86' lang='lat' dir='ltr'><strong>modo</strong></span> <span class='ocrx_word' id='word_1_201' title='bbox 1459 1669 1599 1704; x_wconf 78' lang='lat' dir='ltr'><strong>Iustini</strong></span> <span class='ocrx_word' id='word_1_202' title='bbox 1627 1680 1724 1704; x_wconf 91' lang='lat' dir='ltr'><strong>con-</strong></span> 
     </span>
     <span class='ocr_line' id='line_1_28' title="bbox 286 1724 1724 1775; baseline -0.002 -13"><span class='ocrx_word' id='word_1_203' title='bbox 286 1727 428 1773; x_wconf 87' lang='lat' dir='ltr'><strong>suluit,</strong></span> <span class='ocrx_word' id='word_1_204' title='bbox 468 1725 538 1762; x_wconf 88' lang='lat' dir='ltr'><strong>sed</strong></span> <span class='ocrx_word' id='word_1_205' title='bbox 579 1728 698 1762; x_wconf 85' lang='lat' dir='ltr'><strong>etiam</strong></span> <span class='ocrx_word' id='word_1_206' title='bbox 736 1727 910 1775; x_wconf 85' lang='lat' dir='ltr'><strong>priscum</strong></span> <span class='ocrx_word' id='word_1_207' title='bbox 937 1727 1205 1762; x_wconf 84' lang='lat' dir='ltr'><strong>Romanormn</strong></span> <span class='ocrx_word' id='word_1_208' title='bbox 1235 1738 1354 1762; x_wconf 84' lang='lat' dir='ltr'><strong>usum</strong></span> <span class='ocrx_word' id='word_1_209' title='bbox 1385 1731 1598 1774; x_wconf 87' lang='lat' dir='ltr'><strong>utcumque</strong></span> <span class='ocrx_word' id='word_1_210' title='bbox 1628 1724 1724 1759; x_wconf 86' lang='lat' dir='ltr'><strong>reti-</strong></span> 
     </span>
    </p>

    <p class='ocr_par' dir='ltr' id='par_1_7' title="bbox 144 1778 1724 1940">
     <span class='ocr_line' id='line_1_29' title="bbox 144 1778 1724 1832; baseline -0.004 -12"><span class='ocrx_word' id='word_1_211' title='bbox 144 1785 175 1819; x_wconf 88' lang='lat' dir='ltr'><strong>P</strong></span> <span class='ocrx_word' id='word_1_212' title='bbox 201 1786 267 1820; x_wconf 85' lang='lat'><strong>103</strong></span> <span class='ocrx_word' id='word_1_213' title='bbox 290 1783 400 1828; x_wconf 86' lang='lat' dir='ltr'><strong>nuit3</strong></span> <span class='ocrx_word' id='word_1_214' title='bbox 440 1783 529 1832; x_wconf 85' lang='lat' dir='ltr'><strong>qui,</strong></span> <span class='ocrx_word' id='word_1_215' title='bbox 571 1789 704 1817; x_wconf 90' lang='lat' dir='ltr'><strong>autore</strong></span> <span class='ocrx_word' id='word_1_216' title='bbox 733 1779 968 1829; x_wconf 84' lang='lat' dir='ltr'><strong>Plutarcho,</strong></span> <span class='ocrx_word' id='word_1_217' title='bbox 1006 1782 1259 1831; x_wconf 87' lang='lat' dir='ltr'><strong>praenomina</strong></span> <span class='ocrx_word' id='word_1_218' title='bbox 1285 1782 1436 1831; x_wconf 81' lang='lat' dir='ltr'><strong>integra</strong></span> <span class='ocrx_word' id='word_1_219' title='bbox 1469 1792 1549 1816; x_wconf 86' lang='lat' dir='ltr'><strong>non</strong></span> <span class='ocrx_word' id='word_1_220' title='bbox 1577 1778 1724 1816; x_wconf 87' lang='lat' dir='ltr'><strong>scribe-</strong></span> 
     </span>
     <span class='ocr_line' id='line_1_30' title="bbox 286 1834 1724 1885; baseline -0.002 -12"><span class='ocrx_word' id='word_1_221' title='bbox 286 1838 406 1885; x_wconf 87' lang='lat' dir='ltr'><strong>bant,</strong></span> <span class='ocrx_word' id='word_1_222' title='bbox 445 1836 517 1873; x_wconf 86' lang='lat' dir='ltr'><strong>sed</strong></span> <span class='ocrx_word' id='word_1_223' title='bbox 543 1849 623 1872; x_wconf 89' lang='lat' dir='ltr'><strong>una</strong></span> <span class='ocrx_word' id='word_1_224' title='bbox 651 1837 786 1884; x_wconf 88' lang='lat' dir='ltr'><strong>litera,</strong></span> <span class='ocrx_word' id='word_1_225' title='bbox 823 1843 868 1873; x_wconf 90' lang='lat' dir='ltr'><strong>ut</strong></span> <span class='ocrx_word' id='word_1_226' title='bbox 897 1849 943 1874; x_wconf 77' lang='lat' dir='ltr'><strong>M.</strong></span> <span class='ocrx_word' id='word_1_227' title='bbox 974 1849 1015 1874; x_wconf 83' lang='lat' dir='ltr'><strong>T.</strong></span> <span class='ocrx_word' id='word_1_228' title='bbox 1045 1849 1083 1874; x_wconf 88' lang='lat' dir='ltr'><strong>L.</strong></span> <span class='ocrx_word' id='word_1_229' title='bbox 1114 1835 1286 1885; x_wconf 89' lang='lat' dir='ltr'><strong>duabus,</strong></span> <span class='ocrx_word' id='word_1_230' title='bbox 1326 1843 1372 1874; x_wconf 87' lang='lat' dir='ltr'><strong>ut</strong></span> <span class='ocrx_word' id='word_1_231' title='bbox 1406 1847 1467 1874; x_wconf 68' lang='lat' dir='ltr'><strong>cn.</strong></span> <span class='ocrx_word' id='word_1_232' title='bbox 1494 1834 1640 1884; x_wconf 86' lang='lat' dir='ltr'><strong>tribus,</strong></span> <span class='ocrx_word' id='word_1_233' title='bbox 1679 1839 1724 1871; x_wconf 90' lang='lat' dir='ltr'><strong>ut</strong></span> 
     </span>
     <span class='ocr_line' id='line_1_31' title="bbox 290 1893 743 1940; baseline -0.002 -10"><span class='ocrx_word' id='word_1_234' title='bbox 290 1905 381 1930; x_wconf 72' lang='lat' dir='ltr'><strong>sex.</strong></span> <span class='ocrx_word' id='word_1_235' title='bbox 413 1904 500 1929; x_wconf 66' lang='lat' dir='ltr'><strong>sen.</strong></span> <span class='ocrx_word' id='word_1_236' title='bbox 531 1893 743 1940; x_wconf 88' lang='lat' dir='ltr'><strong>Ausonius,</strong></span> 
     </span>
    </p>
   </div>
   <div class='ocr_carea' id='block_1_7' title="bbox 426 1955 1567 2064">
    <p class='ocr_par' dir='ltr' id='par_1_8' title="bbox 426 1955 1567 2064">
     <span class='ocr_line' id='line_1_32' title="bbox 426 1955 1567 2009; baseline -0.001 -15"><span class='ocrx_word' id='word_1_237' title='bbox 426 1958 585 1994; x_wconf 72' lang='lat' dir='ltr'><strong>Lucius</strong></span> <span class='ocrx_word' id='word_1_238' title='bbox 615 1971 700 1995; x_wconf 82' lang='lat' dir='ltr'><strong>una</strong></span> <span class='ocrx_word' id='word_1_239' title='bbox 728 1957 906 2008; x_wconf 83' lang='lat' dir='ltr'><strong>quidem,</strong></span> <span class='ocrx_word' id='word_1_240' title='bbox 932 1958 1105 2009; x_wconf 68' lang='lat' dir='ltr'><strong>gemini-s·</strong></span> <span class='ocrx_word' id='word_1_241' title='bbox 1135 1955 1207 1994; x_wconf 71' lang='lat' dir='ltr'><strong>ced</strong></span> <span class='ocrx_word' id='word_1_242' title='bbox 1232 1955 1379 1994; x_wconf 69' lang='lat' dir='ltr'><strong>dissita</strong></span> <span class='ocrx_word' id='word_1_243' title='bbox 1399 1958 1567 2007; x_wconf 71' lang='lat' dir='ltr'><strong>punctio·</strong></span> 
     </span>
     <span class='ocr_line' id='line_1_33' title="bbox 483 2012 1372 2064; baseline -0.002 -14"><span class='ocrx_word' id='word_1_244' title='bbox 483 2015 644 2050; x_wconf 78' lang='lat' dir='ltr'><strong>Littera</strong></span> <span class='ocrx_word' id='word_1_245' title='bbox 664 2026 904 2064; x_wconf 84' lang='lat' dir='ltr'><strong>praenomen</strong></span> <span class='ocrx_word' id='word_1_246' title='bbox 932 2015 991 2050; x_wconf 77' lang='grc' dir='ltr'><strong>εἰσ</strong></span> <span class='ocrx_word' id='word_1_247' title='bbox 1019 2020 1112 2050; x_wconf 85' lang='lat' dir='ltr'><strong>nota</strong></span> <span class='ocrx_word' id='word_1_248' title='bbox 1141 2013 1229 2050; x_wconf 75' lang='lat' dir='ltr'><strong>sola</strong></span> <span class='ocrx_word' id='word_1_249' title='bbox 1247 2012 1372 2063; x_wconf 80' lang='lat' dir='ltr'><strong>jacit.</strong></span> 
     </span>
    </p>
   </div>
   <div class='ocr_carea' id='block_1_8' title="bbox 277 2076 1725 2797">
    <p class='ocr_par' dir='ltr' id='par_1_9' title="bbox 277 2076 1725 2797">
     <span class='ocr_line' id='line_1_34' title="bbox 284 2076 1724 2128; baseline -0.003 -11"><span class='ocrx_word' id='word_1_250' title='bbox 284 2080 431 2117; x_wconf 90' lang='lat' dir='ltr'><strong>Verum</strong></span> <span class='ocrx_word' id='word_1_251' title='bbox 457 2077 555 2116; x_wconf 89' lang='lat' dir='ltr'><strong>haec</strong></span> <span class='ocrx_word' id='word_1_252' title='bbox 585 2077 826 2116; x_wconf 90' lang='lat' dir='ltr'><strong>cousuetudo</strong></span> <span class='ocrx_word' id='word_1_253' title='bbox 854 2079 971 2128; x_wconf 90' lang='lat' dir='ltr'><strong>paulo</strong></span> <span class='ocrx_word' id='word_1_254' title='bbox 997 2085 1085 2128; x_wconf 83' lang='lat' dir='ltr'><strong>post</strong></span> <span class='ocrx_word' id='word_1_255' title='bbox 1114 2079 1334 2115; x_wconf 88' lang='lat' dir='ltr'><strong>intermissa</strong></span> <span class='ocrx_word' id='word_1_256' title='bbox 1363 2084 1441 2115; x_wconf 86' lang='lat' dir='ltr'><strong>est:</strong></span> <span class='ocrx_word' id='word_1_257' title='bbox 1469 2090 1565 2114; x_wconf 87' lang='lat' dir='ltr'><strong>nam</strong></span> <span class='ocrx_word' id='word_1_258' title='bbox 1593 2076 1724 2114; x_wconf 89' lang='lat' dir='ltr'><strong>orien-</strong></span> 
     </span>
     <span class='ocr_line' id='line_1_35' title="bbox 285 2130 1725 2185; baseline -0.002 -14"><span class='ocrx_word' id='word_1_259' title='bbox 285 2136 336 2171; x_wconf 87' lang='lat' dir='ltr'><strong>tis</strong></span> <span class='ocrx_word' id='word_1_260' title='bbox 375 2136 630 2185; x_wconf 86' lang='lat' dir='ltr'><strong>imperatores</strong></span> <span class='ocrx_word' id='word_1_261' title='bbox 658 2136 857 2184; x_wconf 87' lang='lat' dir='ltr'><strong>integrum</strong></span> <span class='ocrx_word' id='word_1_262' title='bbox 889 2146 1033 2170; x_wconf 86' lang='lat' dir='ltr'><strong>nomen</strong></span> <span class='ocrx_word' id='word_1_263' title='bbox 1069 2135 1217 2171; x_wconf 86' lang='lat' dir='ltr'><strong>arcanis</strong></span> <span class='ocrx_word' id='word_1_264' title='bbox 1249 2132 1485 2185; x_wconf 84' lang='lat' dir='ltr'><strong>quibusdam</strong></span> <span class='ocrx_word' id='word_1_265' title='bbox 1511 2130 1644 2180; x_wconf 86' lang='lat' dir='ltr'><strong>nodis,</strong></span> <span class='ocrx_word' id='word_1_266' title='bbox 1686 2138 1725 2168; x_wconf 91' lang='lat' dir='ltr'><strong>et</strong></span> 
     </span>
     <span class='ocr_line' id='line_1_36' title="bbox 285 2189 1724 2240; baseline -0.001 -14"><span class='ocrx_word' id='word_1_267' title='bbox 285 2190 619 2240; x_wconf 83' lang='lat' dir='ltr'><strong>implicationibus</strong></span> <span class='ocrx_word' id='word_1_268' title='bbox 661 2190 880 2226; x_wconf 87' lang='lat' dir='ltr'><strong>litterarum</strong></span> <span class='ocrx_word' id='word_1_269' title='bbox 916 2190 1082 2226; x_wconf 84' lang='lat' dir='ltr'><strong>scribere</strong></span> <span class='ocrx_word' id='word_1_270' title='bbox 1120 2196 1352 2240; x_wconf 84' lang='lat' dir='ltr'><strong>coeperunt,</strong></span> <span class='ocrx_word' id='word_1_271' title='bbox 1390 2195 1435 2226; x_wconf 90' lang='lat' dir='ltr'><strong>ut</strong></span> <span class='ocrx_word' id='word_1_272' title='bbox 1471 2189 1515 2225; x_wconf 86' lang='lat' dir='ltr'><strong>in</strong></span> <span class='ocrx_word' id='word_1_273' title='bbox 1553 2189 1724 2240; x_wconf 82' lang='lat' dir='ltr'><strong>antiquis</strong></span> 
     </span>
     <span class='ocr_line' id='line_1_37' title="bbox 287 2243 1723 2296; baseline -0.001 -14"><span class='ocrx_word' id='word_1_274' title='bbox 287 2258 423 2282; x_wconf 89' lang='lat' dir='ltr'><strong>eorum</strong></span> <span class='ocrx_word' id='word_1_275' title='bbox 454 2244 732 2296; x_wconf 84' lang='lat' dir='ltr'><strong>diplomatibus</strong></span> <span class='ocrx_word' id='word_1_276' title='bbox 763 2252 944 2296; x_wconf 82' lang='lat' dir='ltr'><strong>apparet3</strong></span> <span class='ocrx_word' id='word_1_277' title='bbox 986 2252 1024 2282; x_wconf 92' lang='lat' dir='ltr'><strong>et</strong></span> <span class='ocrx_word' id='word_1_278' title='bbox 1060 2247 1208 2283; x_wconf 90' lang='lat' dir='ltr'><strong>mentio</strong></span> <span class='ocrx_word' id='word_1_279' title='bbox 1245 2253 1304 2283; x_wconf 88' lang='lat' dir='ltr'><strong>est</strong></span> <span class='ocrx_word' id='word_1_280' title='bbox 1337 2247 1379 2282; x_wconf 90' lang='lat' dir='ltr'><strong>in</strong></span> <span class='ocrx_word' id='word_1_281' title='bbox 1411 2250 1524 2282; x_wconf 83' lang='lat' dir='ltr'><strong>sexta</strong></span> <span class='ocrx_word' id='word_1_282' title='bbox 1558 2243 1723 2295; x_wconf 85' lang='lat' dir='ltr'><strong>synodo,</strong></span> 
     </span>
     <span class='ocr_line' id='line_1_38' title="bbox 286 2296 1724 2353; baseline 0 -17"><span class='ocrx_word' id='word_1_283' title='bbox 286 2303 437 2337; x_wconf 85' lang='lat' dir='ltr'><strong>actione</strong></span> <span class='ocrx_word' id='word_1_284' title='bbox 461 2302 512 2340; x_wconf 78' lang='lat'><strong>12</strong></span> <span class='ocrx_word' id='word_1_285' title='bbox 543 2296 822 2353; x_wconf 77' lang='grc' dir='ltr'><em>μονογρᾶμμου</em></span> <span class='ocrx_word' id='word_1_286' title='bbox 851 2302 1094 2351; x_wconf 86' lang='lat' dir='ltr'><strong>imperatoris</strong></span> <span class='ocrx_word' id='word_1_287' title='bbox 1123 2302 1366 2338; x_wconf 85' lang='lat' dir='ltr'><strong>Constantini</strong></span> <span class='ocrx_word' id='word_1_288' title='bbox 1385 2301 1588 2350; x_wconf 78' lang='lat' dir='ltr'><strong>Pogonafi,</strong></span> <span class='ocrx_word' id='word_1_289' title='bbox 1617 2297 1724 2352; x_wconf 85' lang='lat' dir='ltr'><strong>quod</strong></span> 
     </span>
     <span class='ocr_line' id='line_1_39' title="bbox 287 2354 1723 2406; baseline -0.001 -14"><span class='ocrx_word' id='word_1_290' title='bbox 287 2356 512 2393; x_wconf 84' lang='lat' dir='ltr'><strong>continebat</strong></span> <span class='ocrx_word' id='word_1_291' title='bbox 541 2355 612 2394; x_wconf 90' lang='lat' dir='ltr'><strong>has</strong></span> <span class='ocrx_word' id='word_1_292' title='bbox 642 2369 772 2404; x_wconf 75' lang='lat' dir='ltr'><strong>voceS,</strong></span> <span class='ocrx_word' id='word_1_293' title='bbox 805 2357 1108 2397; x_wconf 82' lang='grc' dir='ltr'><strong><em>Κωνσταντίνου</em></strong></span> <span class='ocrx_word' id='word_1_294' title='bbox 1139 2354 1338 2397; x_wconf 80' lang='grc' dir='ltr'><strong>δεσπότου.</strong></span> <span class='ocrx_word' id='word_1_295' title='bbox 1393 2357 1444 2393; x_wconf 89' lang='lat' dir='ltr'><strong>Et</strong></span> <span class='ocrx_word' id='word_1_296' title='bbox 1472 2357 1515 2391; x_wconf 87' lang='lat' dir='ltr'><strong>in</strong></span> <span class='ocrx_word' id='word_1_297' title='bbox 1543 2355 1723 2406; x_wconf 86' lang='lat' dir='ltr'><strong>capitulis</strong></span> 
     </span>
     <span class='ocr_line' id='line_1_40' title="bbox 286 2411 1724 2450; baseline -0.002 -1"><span class='ocrx_word' id='word_1_298' title='bbox 286 2413 416 2449; x_wconf 88' lang='lat' dir='ltr'><strong>Caroli</strong></span> <span class='ocrx_word' id='word_1_299' title='bbox 446 2412 568 2448; x_wconf 83' lang='lat' dir='ltr'><strong>Calvi.</strong></span> <span class='ocrx_word' id='word_1_300' title='bbox 637 2412 687 2448; x_wconf 82' lang='lat' dir='ltr'><strong>Ut</strong></span> <span class='ocrx_word' id='word_1_301' title='bbox 723 2414 766 2448; x_wconf 82' lang='lat' dir='ltr'><strong>in</strong></span> <span class='ocrx_word' id='word_1_302' title='bbox 795 2411 972 2449; x_wconf 67' lang='lat' dir='ltr'><strong>denariis</strong></span> <span class='ocrx_word' id='word_1_303' title='bbox 999 2426 1124 2450; x_wconf 78' lang='lat' dir='ltr'><strong>novae</strong></span> <span class='ocrx_word' id='word_1_304' title='bbox 1159 2419 1318 2450; x_wconf 69' lang='lat' dir='ltr'><strong>nostrae</strong></span> <span class='ocrx_word' id='word_1_305' title='bbox 1350 2417 1526 2448; x_wconf 78' lang='lat' dir='ltr'><strong>monetae</strong></span> <span class='ocrx_word' id='word_1_306' title='bbox 1559 2424 1606 2447; x_wconf 82' lang='lat' dir='ltr'><strong>ex</strong></span> <span class='ocrx_word' id='word_1_307' title='bbox 1640 2421 1724 2447; x_wconf 81' lang='lat' dir='ltr'><strong>una</strong></span> 
     </span>
     <span class='ocr_line' id='line_1_41' title="bbox 277 2466 1724 2518; baseline -0.001 -15"><span class='ocrx_word' id='word_1_308' title='bbox 277 2474 396 2518; x_wconf 79' lang='lat' dir='ltr'><strong>parte</strong></span> <span class='ocrx_word' id='word_1_309' title='bbox 434 2481 574 2504; x_wconf 86' lang='lat' dir='ltr'><strong>nomen</strong></span> <span class='ocrx_word' id='word_1_310' title='bbox 612 2474 792 2504; x_wconf 64' lang='lat' dir='ltr'><strong>noctram</strong></span> <span class='ocrx_word' id='word_1_311' title='bbox 829 2468 1026 2504; x_wconf 73' lang='lat' dir='ltr'><strong>habeatur</strong></span> <span class='ocrx_word' id='word_1_312' title='bbox 1053 2469 1096 2505; x_wconf 83' lang='lat' dir='ltr'><strong>in</strong></span> <span class='ocrx_word' id='word_1_313' title='bbox 1129 2481 1248 2518; x_wconf 82' lang='lat' dir='ltr'><strong>gyro,</strong></span> <span class='ocrx_word' id='word_1_314' title='bbox 1285 2474 1321 2504; x_wconf 81' lang='lat' dir='ltr'><strong>et</strong></span> <span class='ocrx_word' id='word_1_315' title='bbox 1358 2468 1400 2504; x_wconf 84' lang='grc' dir='ltr'><strong>ἱη</strong></span> <span class='ocrx_word' id='word_1_316' title='bbox 1435 2466 1561 2503; x_wconf 81' lang='lat' dir='ltr'><strong>medio</strong></span> <span class='ocrx_word' id='word_1_317' title='bbox 1595 2466 1724 2503; x_wconf 72' lang='lat' dir='ltr'><strong>nostri</strong></span> 
     </span>
     <span class='ocr_line' id='line_1_42' title="bbox 286 2523 1721 2572; baseline -0.001 -13"><span class='ocrx_word' id='word_1_318' title='bbox 286 2523 459 2559; x_wconf 70' lang='lat' dir='ltr'><strong>nomini-e</strong></span> <span class='ocrx_word' id='word_1_319' title='bbox 497 2535 815 2572; x_wconf 83' lang='lat' dir='ltr'><strong>monogramma.</strong></span> <span class='ocrx_word' id='word_1_320' title='bbox 871 2525 1017 2560; x_wconf 86' lang='lat' dir='ltr'><strong>Verum</strong></span> <span class='ocrx_word' id='word_1_321' title='bbox 1055 2525 1171 2559; x_wconf 87' lang='lat' dir='ltr'><strong>unica</strong></span> <span class='ocrx_word' id='word_1_322' title='bbox 1206 2523 1335 2559; x_wconf 88' lang='lat' dir='ltr'><strong>littera</strong></span> <span class='ocrx_word' id='word_1_323' title='bbox 1364 2524 1396 2559; x_wconf 92' lang='lat'><strong>1.</strong></span> <span class='ocrx_word' id='word_1_324' title='bbox 1435 2534 1552 2559; x_wconf 85' lang='lat' dir='ltr'><strong>suum</strong></span> <span class='ocrx_word' id='word_1_325' title='bbox 1588 2527 1721 2558; x_wconf 87' lang='lat' dir='ltr'><strong>notare</strong></span> 
     </span>
     <span class='ocr_line' id='line_1_43' title="bbox 286 2575 1719 2629; baseline -0.001 -15"><span class='ocrx_word' id='word_1_326' title='bbox 286 2579 547 2620; x_wconf 87' lang='lat' dir='ltr'><strong>Iustinianum</strong></span> <span class='ocrx_word' id='word_1_327' title='bbox 577 2579 824 2615; x_wconf 85' lang='lat' dir='ltr'><strong>consuevisse</strong></span> <span class='ocrx_word' id='word_1_328' title='bbox 850 2591 994 2615; x_wconf 89' lang='lat' dir='ltr'><strong>nomen</strong></span> <span class='ocrx_word' id='word_1_329' title='bbox 1022 2579 1210 2629; x_wconf 87' lang='lat' dir='ltr'><strong>Corippus</strong></span> <span class='ocrx_word' id='word_1_330' title='bbox 1239 2577 1411 2615; x_wconf 86' lang='lat' dir='ltr'><strong>indicare</strong></span> <span class='ocrx_word' id='word_1_331' title='bbox 1439 2575 1593 2615; x_wconf 85' lang='lat' dir='ltr'><strong>videtur</strong></span> <span class='ocrx_word' id='word_1_332' title='bbox 1621 2576 1719 2613; x_wconf 86' lang='lat' dir='ltr'><strong>libro</strong></span> 
     </span>
     <span class='ocr_line' id='line_1_44' title="bbox 287 2633 1719 2685; baseline -0.002 -15"><span class='ocrx_word' id='word_1_333' title='bbox 287 2635 414 2684; x_wconf 88' lang='lat' dir='ltr'><strong>primo</strong></span> <span class='ocrx_word' id='word_1_334' title='bbox 445 2640 621 2670; x_wconf 80' lang='lat' dir='ltr'><strong>extremo</strong></span> <span class='ocrx_word' id='word_1_335' title='bbox 635 2662 645 2680; x_wconf 88' lang='lat'>‚</span> <span class='ocrx_word' id='word_1_336' title='bbox 682 2633 938 2685; x_wconf 87' lang='lat' dir='ltr'><strong>quamobrem</strong></span> <span class='ocrx_word' id='word_1_337' title='bbox 963 2641 1000 2670; x_wconf 88' lang='lat' dir='ltr'><strong>et</strong></span> <span class='ocrx_word' id='word_1_338' title='bbox 1028 2635 1106 2670; x_wconf 87' lang='lat' dir='ltr'><strong>iota</strong></span> <span class='ocrx_word' id='word_1_339' title='bbox 1129 2635 1389 2671; x_wconf 80' lang='lat' dir='ltr'><strong>lastinianum</strong></span> <span class='ocrx_word' id='word_1_340' title='bbox 1417 2633 1569 2684; x_wconf 87' lang='lat' dir='ltr'><strong>apicem</strong></span> <span class='ocrx_word' id='word_1_341' title='bbox 1594 2637 1719 2671; x_wconf 80' lang='lat' dir='ltr'><strong>vocat.</strong></span> 
     </span>
     <span class='ocr_line' id='line_1_45' title="bbox 452 2687 1522 2739; baseline 0 -13"><span class='ocrx_word' id='word_1_342' title='bbox 452 2690 521 2726; x_wconf 78' lang='lat' dir='ltr'><strong>Sic</strong></span> <span class='ocrx_word' id='word_1_343' title='bbox 550 2687 669 2726; x_wconf 72' lang='lat' dir='ltr'><strong>decue</strong></span> <span class='ocrx_word' id='word_1_344' title='bbox 697 2690 854 2739; x_wconf 81' lang='lat' dir='ltr'><strong>imperii</strong></span> <span class='ocrx_word' id='word_1_345' title='bbox 882 2696 1083 2738; x_wconf 69' lang='lat' dir='ltr'><strong>sanctum,</strong></span> <span class='ocrx_word' id='word_1_346' title='bbox 1112 2691 1172 2726; x_wconf 67' lang='lat' dir='ltr'><strong>eie</strong></span> <span class='ocrx_word' id='word_1_347' title='bbox 1201 2689 1288 2727; x_wconf 84' lang='lat' dir='ltr'><strong>Iota</strong></span> <span class='ocrx_word' id='word_1_348' title='bbox 1315 2702 1522 2739; x_wconf 63' lang='lat' dir='ltr'><strong>resurgens</strong></span> 
     </span>
     <span class='ocr_line' id='line_1_46' title="bbox 454 2743 1481 2797; baseline -0.001 -15"><span class='ocrx_word' id='word_1_349' title='bbox 454 2746 651 2783; x_wconf 83' lang='lat' dir='ltr'><strong>Exortum</strong></span> <span class='ocrx_word' id='word_1_350' title='bbox 677 2751 735 2784; x_wconf 77' lang='lat' dir='ltr'><strong>est</strong></span> <span class='ocrx_word' id='word_1_351' title='bbox 763 2743 811 2782; x_wconf 79' lang='lat' dir='ltr'><strong>de</strong></span> <span class='ocrx_word' id='word_1_352' title='bbox 827 2744 914 2796; x_wconf 85' lang='lat' dir='ltr'><strong>fine</strong></span> <span class='ocrx_word' id='word_1_353' title='bbox 941 2758 1014 2783; x_wconf 74' lang='lat' dir='ltr'><strong>eno</strong></span> <span class='ocrx_word' id='word_1_354' title='bbox 1043 2747 1270 2797; x_wconf 71' lang='lat' dir='ltr'><strong>seniumque</strong></span> <span class='ocrx_word' id='word_1_355' title='bbox 1297 2757 1481 2796; x_wconf 66' lang='lat' dir='ltr'><strong>reponens</strong></span> 
     </span>
    </p>
   </div>
  </div>
 </body>
</html>
