1858 3126
339 177 431 222 150
922 177 1186 220 PROCOPII

285 317 315 352 0
335 296 486 354 μάτων.
568 299 738 356 ἄρξομαι
768 300 811 340 ὁὲ
842 298 1013 340 ἐνθένδε.
1081 297 1264 355 ἀρχιερέα
1297 299 1562 357 κατεστήσατο
1587 302 1769 354 Ἀλεξαν-

336 369 494 423 δρεῦσιν
525 365 644 416 αὐτὸς
671 370 840 407 Παῦλον
872 365 1010 418 ὄνομα.
1079 365 1262 420 ἐτύγχανε
1300 370 1342 410 δὲ
1363 368 1510 411 Ῥόδων
1541 387 1599 420 τις
1626 374 1768 420 Φοῖνιξ

333 435 445 490 γένος
475 434 573 487 ἔχων
599 433 780 487 τηνικάδε
813 432 884 486 τὴν
907 433 1202 489 Ἀλεξανδρείας
1225 434 1362 491 ἀρχήν.
1430 431 1462 493 ᾧ
1482 437 1531 492 δὴ
1548 437 1770 480 ἐπέστελλεν

335 503 376 551 ἒς
394 500 548 543 ἅπαντα
566 500 721 557 Παύλῳ
738 499 942 556 ὑπηρετεῖν
964 502 1173 559 προθυμία
1193 507 1241 557 τῇ
1266 501 1387 558 πάσῃ,
1410 502 1587 557 ὅπωςνόὴ
1611 500 1770 546 ἀτελεῦ·

333 585 452 622 τητον
482 568 591 621 μένοι
617 572 696 609 τῶν
723 567 822 623 πρὸς
844 567 967 610 αὐτοῦ
985 569 1325 622 ἐπαγγελλομένων
1345 571 1487 623 μηδέν.
1545 570 1670 627 ταύτῃ
1693 572 1803 627 γὰρό

333 640 414 678 τῶν
436 629 723 690 Ἀλεξανδρέων
751 634 844 683 τοὺς
866 633 914 655 **
945 633 1210 690 ἕταιρίζεσθαι
1243 636 1364 678 αὐτὸν
1381 639 1420 686 ἐς
1451 637 1521 691 τὴν
1545 639 1585 680 ἓν
1603 640 1771 692 Καλχη-

334 700 420 744 δόνι
454 701 621 743 σύνοδον
642 700 738 757 ᾤετο
770 701 938 743 δυνατὸν
965 702 1142 744 ἔσεσθαι.
1185 698 1233 757 ἦν
1265 705 1309 745 δέ
1328 721 1387 752 τις
1399 704 1594 759 Ἀρσένιος
1607 707 1771 747 Παλαιι-

334 775 466 817 στΐνος
487 769 608 823 γένος,
643 767 764 824 ὅσπερ
794 768 987 828 Θεοδώρα
1009 773 1186 822 βασιλίδι
1205 772 1244 812 ἓν
1263 777 1345 820 τοῖς
1362 770 1538 824 μάλιστα
1559 772 1772 826 ἀναγκαιο-

335 834 471 884 τάτοις
498 834 715 889 ἐπιτήδειος
736 837 925 890 γεγονώς,
955 839 1021 878 καὶ
1040 838 1115 878 ἀπ’
1139 839 1263 879 αὐτοῦ
1285 837 1449 891 δύναμίν
1475 856 1515 880 τε
1536 839 1687 892 πολλὴν
1705 840 1772 880 καὶ

333 901 489 957 μεγάλα
507 901 839 958 περιβαλλόμενος
858 902 1046 960 χρήματα
1071 906 1110 954 ἒς
1131 909 1281 959 βουλῆς
1303 906 1458 959 ἀξίωμα
1477 901 1580 960 ’ἦλθε
1591 937 1604 957 ,
1631 908 1768 962 καίπερ
1782 910 1826 944 10

333 968 588 1026 μιαρώτατος
606 969 673 1011 ὤν.
740 965 857 1020 οὗτος
877 973 1130 1028 Σαμαρείτης
1150 974 1221 1026 μὲν
1238 968 1299 1026 ἦν,
1320 978 1390 1014 τοῦ
1414 973 1456 1014 δὲ
1476 973 1532 1027 μὴ
1554 972 1626 1027 τὴν
1639 971 1772 1029 ὑπάρ-

330 1053 485 1090 χουσαν
510 1039 708 1093 προέσθαι
737 1036 905 1091 δύναμιν
938 1038 1131 1093 ὀνόματος
1158 1041 1445 1092 ἀντιλαβέσθαι
1475 1045 1548 1082 τοῦ
1572 1042 1773 1096 Χριστια-

278 1115 311 1149 D
334 1108 413 1146 νῶν
445 1104 556 1159 ἔγνω.
621 1102 641 1146 ὃ
677 1105 811 1157 μέντοι
843 1103 974 1162 πατήρ
1009 1124 1050 1148 τε
1081 1109 1147 1148 καὶ
1171 1107 1344 1163 ἀδελφὸς
1366 1111 1414 1163 τῇ
1437 1106 1578 1149 τούτου
1605 1105 1771 1160 δυνάμει

330 1175 581 1227 θαρροῦντες
611 1169 857 1226 ὃιαγεγόνασι
879 1173 952 1225 μὲν
982 1174 1022 1214 ἐν
1055 1173 1329 1225 Σκυθοπόλει,
1364 1175 1678 1229 περιστέλλοντες
1697 1174 1770 1228 τὴν

330 1237 498 1293 πάτριον
525 1236 645 1286 δόξαν
657 1269 670 1288 ,
703 1237 840 1294 γνώμῃ
864 1240 906 1280 δὲ
928 1239 1052 1281 αὐτοῦ
1074 1239 1268 1295 ἀνήκεστα
1287 1240 1381 1290 τοὺς
1403 1241 1672 1298 Χριστιανοὺς
1689 1243 1770 1296 εῗρ-
1784 1244 1827 1280 15

328 1303 493 1360 γάζοντο
524 1302 688 1353 πάντας.
757 1305 818 1345 διὸ
852 1306 902 1358 δὴ
932 1307 969 1348 οἳ
998 1312 1155 1349 πολῖται
1184 1310 1320 1363 σφίσιν
1340 1307 1629 1356 ἐπαναστάντες
1648 1306 1774 1364 ἄμφω

328 1371 501 1413 ἔκτειναν
531 1370 699 1428 θανάτῳ
727 1373 932 1430 οἲκτίστῳ,
960 1372 1063 1415 κακά
1087 1391 1128 1415 τε
1157 1374 1286 1415 πολλὰ
1309 1375 1528 1429 ’ξυνηνέχθη
1545 1375 1772 1417 Παλαιστί-

326 1456 411 1492 νοις
446 1437 604 1480 ἐνθένδε
632 1438 830 1493 γενέσθαι.
898 1438 986 1482 τότε
1014 1441 1088 1494 μὲν
1123 1436 1192 1483 οὖν
1222 1441 1343 1482 αὐτὸν
1374 1440 1464 1484 οὔτε
1497 1441 1773 1492 Ἰουστινιανός

327 1505 418 1547 οὕτε
438 1508 600 1560 βασιλὶς
624 1504 746 1547 κακόν
771 1524 807 1547 τι
825 1505 998 1562 ἔδρασαν
1011 1539 1023 1558 ,
1053 1509 1192 1564 καίπερ
1213 1506 1445 1550 αἰτιώτατον
1466 1507 1653 1564 γεγονότα
1673 1511 1771 1550 δυσ-

327 1572 455 1615 κόλων
475 1571 683 1624 ἁπάντων,
719 1573 883 1615 ἀπεῖπον
903 1575 946 1615 ὁὲ
967 1575 1076 1632 αὐτῷ
1096 1577 1136 1625 ἐς
1163 1574 1356 1618 παλάτιον
1384 1577 1521 1630 μηκέτι
1553 1577 1672 1621 ἴέναι·
1708 1577 1770 1618 ἓν·
1781 1580 1827 1614 20

329 1642 588 1694 δελεχέστατα
609 1640 684 1697 γὰρ
720 1639 863 1683 τούτου
888 1643 937 1695 δὴ
965 1643 1076 1684 ἕνεκα
1101 1643 1201 1698 πρὸς
1227 1646 1482 1700 Χριστιανῶν
1507 1644 1772 1697 ἠνωχλοῦντο.

212 1718 241 1752 Ρ
263 1719 307 1754 79
331 1702 447 1758 οὗτος
460 1709 658 1764 Ἀρσένιος
672 1712 836 1762 βασιλεῖ’
845 1715 1078 1765 χαριεῖσθαι
1097 1709 1274 1763 οἰόμενος
1296 1711 1342 1751 οὗ
1360 1714 1496 1767 πολλῷ
1513 1710 1678 1767 ὕστερον
1702 1711 1772 1760 ’ξὺν

184 1789 214 1818 Δ
241 1788 304 1823 121
327 1780 386 1834 τῷ
417 1775 574 1834 Παύλῳ
612 1776 653 1825 ἐς
686 1776 757 1830 τὴν
781 1775 1078 1834 Ἀλεξάνδρειαν
1107 1779 1329 1829 στέλλεται,
1365 1776 1419 1828 ὥς
1447 1777 1496 1832 δὴ
1522 1777 1573 1820 τά
1605 1795 1646 1820 τε
1667 1777 1772 1819 ἄλλα

416 1891 448 1925 6.
475 1890 564 1931 τοὺς
586 1892 646 1937 **]
678 1892 804 1938 Supple
821 1891 1128 1939 εὖδοκιμωτέρους
1148 1894 1204 1928 vel
1223 1891 1502 1938 λογιμωτάτους.
1520 1894 1636 1927 Ama.
1671 1891 1772 1936 προό-

416 1947 504 1975 τους
528 1937 581 1970 vel
603 1939 793 1978 πλείστους
815 1939 930 1973 Reisk.
1069 1940 1122 1974 18.
1146 1936 1232 1974 οὔτε
1249 1959 1294 1965 -
1311 1935 1412 1984 οὔτε]
1437 1935 1679 1974 οὐδὲ-οὐδὲ
1698 1939 1780 1975 ΑΡ..

419 1982 476 2016 20.
500 1977 662 2017 ἀπεῖπον
685 1984 792 2019 Alem.
813 1984 856 2020 P.
901 1981 1070 2018 ἀπειπών
1087 1986 1127 2019 Α.

324 2085 491 2115 terrarum
520 2082 603 2116 orbe
626 2082 853 2128 pecuniarum.
898 2081 1048 2117 Dederat
1065 2082 1216 2127 Paulum,
1239 2085 1277 2117 ut
1289 2083 1364 2117 hinc
1380 2082 1547 2126 exordiar,
1572 2081 1770 2118 Alexandri-

323 2126 375 2159 nis
401 2126 600 2168 antistitem,
633 2128 796 2161 Rhodone
822 2128 965 2172 quodam
990 2139 1032 2161 ex
1056 2128 1237 2162 Phoenicia
1261 2129 1349 2162 illius
1373 2129 1464 2162 urbis
1487 2130 1682 2174 praefecto;
1715 2127 1770 2161 cui

322 2170 482 2215 scripsit,
506 2176 544 2204 ut
561 2172 686 2216 Paulo,
707 2173 794 2206 omni
817 2174 898 2207 data
919 2172 1111 2214 occasione,
1135 2185 1233 2218 quam
1256 2173 1501 2217 diligentissime
1516 2178 1651 2219 praesto
1667 2178 1769 2215 esset,

321 2225 366 2249 ne
395 2216 471 2259 quid
497 2216 654 2251 infectum
680 2218 833 2260 caderet,
858 2217 946 2261 quod
963 2218 1034 2262 ipse
1052 2219 1176 2252 factum
1196 2224 1324 2261 averet,
1347 2219 1438 2252 cuius
1455 2230 1558 2263 opera
1573 2218 1670 2251 facile
1687 2217 1769 2251 Ale-

321 2260 557 2294 xandrinorum
583 2262 759 2307 primatum
784 2263 896 2296 studia
919 2263 963 2297 ad
991 2262 1270 2297 calchedonensis
1295 2263 1421 2297 concilii
1444 2264 1631 2296 firmitatem
1651 2263 1769 2297 crede·

320 2310 377 2339 ret
393 2306 583 2340 excitanda.
631 2308 788 2342 Arsenius
812 2307 943 2352 quidam
969 2319 1011 2341 ex
1035 2309 1228 2342 Palaestina
1248 2309 1344 2342 homo
1359 2308 1642 2351 sceleratissimus,
1665 2307 1699 2340 in
1715 2319 1771 2340 re-

321 2349 385 2384 bus
402 2352 661 2395 pernecessariis
677 2353 879 2386 Theodorae
894 2354 1064 2396 Augustae
1078 2354 1125 2387 sic
1139 2353 1278 2388 animum
1292 2358 1442 2397 ceperat,
1466 2357 1505 2386 ut
1517 2363 1667 2396 magnam
1684 2363 1768 2386 con-

321 2399 458 2429 secutus
482 2397 714 2431 auctoritatem
739 2402 773 2431 et
796 2398 1012 2442 pecuniarum
1037 2398 1124 2441 vim,
1158 2398 1292 2432 tandem
1323 2398 1357 2431 in
1384 2403 1535 2432 senatum
1561 2397 1767 2442 pervenerit.

323 2439 503 2473 Sentiebat
526 2441 583 2474 ille
607 2454 680 2475 cum
703 2443 894 2486 Samnitis,
918 2454 1032 2476 verum
1057 2455 1099 2477 ne
1122 2448 1239 2478 tantae
1267 2443 1436 2487 potentiae
1451 2443 1616 2476 iacturam>
1627 2443 1767 2486 faceret,

323 2484 586 2519 Christianorum
604 2487 666 2520 sibi
681 2488 832 2521 consulto
850 2498 967 2521 nomen
989 2488 1199 2531 adsciverat3
1234 2487 1326 2522 cuius
1342 2499 1465 2532 parens
1485 2488 1656 2532 fraterque
1680 2487 1768 2531 Scy-

323 2529 454 2575 thopoli
468 2530 576 2574 patria
591 2536 686 2564 secta
701 2532 917 2574 dissimulata,
935 2532 1007 2567 eius
1022 2533 1102 2567 freti
1117 2533 1330 2574 auctoritate,
1353 2536 1387 2566 et
1402 2533 1611 2566 suasionibus
1625 2531 1766 2576 impulsi,

324 2574 652 2608 contumeliosissime
675 2577 884 2610 Christianos
909 2583 1082 2612 vexarunt.
1130 2577 1354 2619 Quamobrem
1379 2578 1524 2611 factione
1547 2577 1667 2611 civium
1689 2587 1767 2609 cru-

324 2619 524 2654 delissimum
548 2621 747 2664 supplicium
769 2623 864 2655 ambo
888 2622 1063 2666 dederunt,
1087 2634 1195 2668 eaque
1213 2623 1388 2656 multorum
1412 2622 1573 2657 malorum
1587 2622 1652 2656 fuit
1670 2620 1719 2654 ori
1745 2631 1766 2653 o

322 2663 535 2698 Palaestinis.
593 2666 767 2699 Arsenium
794 2677 876 2700 vero
907 2677 1104 2712 quamquam
1134 2667 1275 2702 omnium
1290 2668 1460 2701 turbarum
1482 2673 1599 2701 auctor
1620 2677 1651 2700 m
1677 2665 1764 2699 nulo

324 2707 491 2753 principes
506 2709 693 2744 affecerunt
707 2710 936 2753 incommodo,
965 2712 1027 2746 nisi
1053 2713 1142 2757 quod
1158 2713 1254 2756 regia
1269 2712 1492 2757 prohibuere,
1516 2723 1559 2746 ne
1581 2710 1701 2746 diutius
1726 2719 1767 2742 ea

323 2763 425 2796 super
440 2764 478 2787 re
493 2754 757 2790 Christianorum
772 2756 863 2790 votis
878 2757 1113 2801 fatigarentur.
1137 2757 1295 2791 Arsenius
1315 2757 1368 2791 hic
1383 2769 1464 2802 ergo
1480 2757 1576 2802 quasi
1592 2765 1660 2790 rem
1675 2754 1766 2787 Cae·-

323 2797 390 2832 sari
405 2799 556 2835 facturus
571 2803 701 2845 gratam
711 2827 722 2846 ‚
746 2813 812 2837 non
826 2801 874 2836 ita
887 2803 989 2837 multo
1005 2810 1083 2849 post
1099 2813 1171 2838 cum
1186 2802 1293 2838 Paulo
1313 2802 1546 2838 Alexandriam
1561 2799 1670 2842 venit,
1692 2809 1765 2832 cum
