1858 3126
363 149 459 198 ‘208
947 153 1213 196 PROCOPII·

364 280 434 312 νας
453 263 492 305 ἓν
509 263 683 320 δημοσίῳ
703 265 768 306 καὶ
785 263 833 306 τὰ
855 261 955 305 ἄλλα
975 262 1114 317 σχεδόν
1130 281 1168 306 τι
1184 261 1330 308 πάντα·
1364 264 1462 309 ὥστε
1485 266 1534 321 δὴ
1552 270 1674 310 ταῦτα
1694 269 1771 309 τῶν

363 331 402 371 ἓν
429 335 479 386 τῇ
509 329 617 372 πόλει
637 333 842 383 βασιλείων
864 331 1130 373 ἐλασσοῦσθαι
1150 334 1283 386 μηδέν.
1302 360 1306 367 ·
1348 337 1412 375 καὶ
1432 336 1565 387 λιμένα
1584 337 1626 376 δὲ
1653 334 1772 376 ἄλλον
1804 387 1808 391 ⁴

363 395 588 450 ἐτεκτήνατο
607 400 646 439 ἓν
668 402 718 452 τῇ
737 398 941 453 ἀντιπέρας
959 398 1103 454 ἠπείρῳ
1113 429 1125 449 ,
1161 400 1200 440 ἓν
1217 407 1298 449 τοῖς
1312 401 1529 457 Εὗτροπίου
1546 401 1772 455 ἐπωνύμοις,

362 469 431 505 τοῦ
455 463 623 518 ἸΙραιόυ
657 466 770 505 τοῦδε
799 464 843 504 οὗ
876 469 1008 521 πολλῷ
1038 465 1209 516 ἄποθεν,
1243 467 1342 508 κατὰ
1371 468 1495 510 ’ταῦτὰ
1525 469 1772 525 εἲργασμένον

359 537 441 579 τοῖς
460 530 615 581 ἄλλοις,
642 526 766 586 ὧνπερ
789 531 1035 586 ἐπεμνήσθην
1058 532 1212 588 ἀρτίως.
1783 545 1804 579 5

496 599 561 638 Τὰ
589 598 659 650 μὲν
681 598 939 654 Ἰουστινιανῷ
963 603 1122 651 βασιλεῖ
1143 601 1500 654 δεδημιουργημένα
1525 601 1566 643 ἓν
1591 599 1699 643 πόλει
1726 605 1775 657 τῇ

361 665 549 716 βασιλίδι,
580 663 633 713 ὡς
655 665 719 705 διὰ
739 663 997 720 βραχυτάτων
1018 669 1134 708 εἰπεῖν
1143 697 1155 716 ,
1189 665 1311 721 ταύτῃ
1331 684 1384 719 πη
1403 666 1491 719 ἔχει.
1557 667 1580 710 ὃ
1597 669 1639 710 δὲ
1655 667 1775 725 μόνον

361 729 454 782 ἡμῖν
481 731 654 772 ἓνταῦθα
682 732 731 784 δὴ
763 732 1033 774 ἀπολέλειπται
1053 733 1191 774 αὐτίκα
1213 731 1391 787 δηλώσω.
1456 736 1634 789 τῇδετοῦ
1656 740 1776 786 βασι-

363 797 459 846 λέως
481 798 528 838 τὰ
550 796 794 853 διαιτητήρια
815 798 988 852 ἔχοντος,
1018 801 1084 841 διὰ
1101 801 1269 854 μέγεθος
1294 804 1364 853 τῆς
1384 802 1606 853 βασιλείας,
1637 803 1678 844 ἐκ
1697 799 1777 842 πά-

238 872 268 904 Ρ
296 871 341 906 27
364 880 436 916 σης
468 868 538 917 γῆς
571 863 705 917 ὅμιλος
742 864 963 921 ἀνθρώπων
1000 872 1048 921 τῇ
1082 866 1190 908 πόλει
1225 867 1473 916 παντοδαπὸς
1506 868 1775 924 ἐπεισέρχεται.
1790 879 1832 911 10

361 932 611 985 παραγίνεται
638 933 681 973 δὲ
708 932 835 974 αὐτῶν
860 933 1020 982 ἕκαστος
1047 933 1073 987 ἢ
1098 932 1235 990 πράξει
1260 935 1332 975 τινὶ
1353 932 1642 988 ποδηγούμενος
1665 933 1692 988 ἢ
1715 936 1780 975 ἐλ-

361 998 445 1038 πίδι
472 997 498 1050 ἢ
520 996 640 1053 τύχῃ,
675 1002 811 1041 πολλοὶ
840 1001 886 1041 δέ
910 1017 1028 1051 τινες,
1057 999 1116 1049 οἷς
1138 1001 1186 1054 δὴ
1212 1001 1262 1042 τὰ
1285 1001 1384 1042 κατὰ
1406 1002 1477 1054 τὴν
1497 1003 1621 1042 οἰκίαν
1647 1001 1717 1042 οὐκ
1740 1002 1780 1042 ἐν

361 1067 471 1119 καλῷ
490 1071 631 1115 κεῖται,
664 1068 857 1118 βασιλέως
877 1066 1121 1119 δεησόμενοι,
1154 1071 1202 1122 τῇ
1225 1065 1332 1108 πόλει
1350 1067 1509 1120 ἕνδημοι
1527 1070 1695 1122 γίνονται
1715 1067 1782 1108 διὰ
1821 1098 1823 1101 -

360 1132 453 1182 βίαν
483 1131 569 1171 τινὰ
602 1131 628 1184 ἢ
658 1133 863 1182 πιέζουσαν
889 1132 914 1184 ἢ
939 1134 1155 1187 ἕγκειμένην
1174 1133 1200 1186 ἢ
1218 1135 1450 1186 μέλλουσαν.
1515 1132 1651 1190 οἷσπερ
1679 1151 1782 1187 συμ-

360 1198 485 1249 βαίνει
505 1197 603 1252 πρὸς
622 1203 671 1253 τῇ
689 1198 788 1254 ἄλλῃ
814 1199 1012 1256 ἀμηχανία
1032 1201 1097 1240 καὶ
1125 1201 1248 1249 οἰκίας
1266 1198 1535 1251 ὗποσπανίζειν
1544 1232 1558 1251 ,
1592 1201 1664 1253 οὐχ
1685 1203 1781 1250 οἵοις
1794 1210 1835 1244 15

361 1281 405 1305 τε
439 1258 525 1305 οὖσι
559 1265 628 1317 τὴν
661 1263 758 1320 ὑπὲρ,
791 1270 860 1318 τῆς
893 1266 1068 1308 ἐνταῦθα
1103 1268 1306 1321 διατριβῆς
1342 1267 1537 1322 προέσθαι
1573 1267 1786 1320 μίσθωσιν.

363 1328 510 1383 ταύτην
531 1332 572 1372 δὲ
594 1331 726 1380 αὐτοῖς
743 1331 928 1384 βασιλεύς
946 1349 985 1374 τε
1004 1333 1276 1382 Ἰουστινιανὸς
1293 1335 1358 1373 καὶ
1376 1332 1400 1386 ἡ
1421 1335 1578 1386 βασιλὶς
1593 1331 1786 1389 Θεοδῶρα

363 1397 433 1450 τὴν
457 1399 623 1453 ἀπορίαν
645 1399 838 1440 διέλυσαν.
905 1403 975 1452 τῆς
997 1399 1073 1454 γὰρ
1093 1397 1304 1452 θαλάσσης
1327 1397 1380 1448 ὡς
1400 1398 1623 1453 dommim,
1645 1402 1712 1441 ἵνα
1736 1401 1785 1454 δὴ

364 1462 533 1506 Στάδιον
564 1463 584 1505 ὃ
608 1470 741 1520 χῶρος
764 1469 936 1507 καλεῖται
959 1466 1101 1520 (ἀγῶσι
1118 1466 1218 1522 γὰρ,
1253 1464 1374 1519 οἶμαι,
1409 1467 1453 1507 τὸ
1474 1467 1640 1508 παλαιὸν
1659 1465 1786 1508 ἀνεῖτό

364 1531 462 1584 τισι)
489 1535 654 1580 ’ξενῶνας
672 1531 949 1587 ὑπερμεγέθεις
967 1533 1167 1585 ἕδείμαντο
1179 1564 1192 1583 ,
1225 1539 1307 1581 τοῖς
1328 1532 1379 1574 τὰ
1403 1537 1566 1576 τοιαῦτα
1584 1538 1841 1585 vastatum-,20

366 1599 569 1653 ρουμένοις
583 1599 644 1639 ἐπὶ
662 1603 803 1655 καιροῦ
819 1600 1096 1654 γενησομένους
1113 1598 1390 1656 καταλυτήρια.

364 1726 442 1757 sunt
463 1724 568 1757 omnia
581 1749 590 1766 ‚
613 1735 677 1758 uno
696 1725 728 1758 in
754 1730 882 1771 portum
903 1726 1021 1759 relicto
1037 1726 1176 1759 navibus
1195 1725 1297 1760 aditu.
1340 1725 1392 1759 Ibi
1417 1725 1558 1770 templa,
1579 1736 1667 1770 qnae
1690 1736 1788 1771 supra

363 1769 527 1808 recensui,
551 1770 707 1813 porticus,
731 1771 816 1812 fora,
841 1771 973 1804 balneas
988 1771 1137 1814 publicas
1149 1796 1159 1812 ‚
1183 1781 1222 1803 ac
1238 1774 1367 1804 caetera
1384 1771 1455 1803 fere
1470 1771 1574 1803 omnia
1589 1770 1789 1813 aedificavit,

363 1812 412 1845 ita
436 1818 472 1845 ut
494 1814 624 1856 palatiis
648 1815 738 1847 urbis
755 1815 834 1848 nihii
852 1815 1046 1850 concedant.
1092 1816 1130 1848 ln
1153 1815 1313 1848 adversae
1335 1814 1532 1848 continentis
1554 1815 1648 1856 loco,
1671 1815 1726 1859 qui
1749 1816 1790 1848 ab

369 1857 529 1902 Eutropio
554 1869 670 1891 nomen
696 1860 813 1900 habet,
836 1871 902 1894 non
926 1860 1040 1904 procul
1064 1860 1105 1893 ab
1120 1860 1275 1902 Heraeo,
1297 1865 1427 1905 portum
1441 1860 1580 1894 alterum
1593 1859 1684 1902 fecit,
1707 1860 1790 1901 aliis,

363 1912 503 1946 quorum
519 1903 615 1936 modo
632 1904 776 1948 memini,
799 1905 944 1939 similem.

454 1948 547 1981 Haec
564 1953 658 1989 sunt,
684 1954 722 1981 ut
737 1960 834 1993 quam
850 1949 1042 1983 brevissime
1058 1948 1163 1983 dicam
1173 1973 1184 1990 ,
1206 1948 1378 1982 Iustiniani
1392 1949 1478 1992 Aug.
1493 1948 1527 1982 in
1540 1949 1624 1982 urbe
1643 1948 1791 1994 principe

365 1991 526 2026 aedificia.
573 1993 673 2033 Quod
691 2005 787 2027 unum
804 1999 972 2039 superest,
995 1994 1091 2027 modo
1109 1994 1295 2027 edisseram.
1341 1994 1504 2033 Quoniam
1521 1994 1573 2027 hic
1587 1994 1716 2027 habitat
1730 1994 1791 2026 im—

365 2041 521 2080 perator,
545 2038 586 2070 ob
609 2038 736 2082 imperii
755 2039 1010 2081 magnitudinem
1026 2050 1066 2071 ex
1081 2042 1154 2070 toto
1171 2039 1251 2070 orbe
1266 2037 1437 2071 multitudo
1454 2038 1617 2072 hominum
1633 2037 1791 2081 cuiusque

366 2080 496 2122 generis
520 2081 552 2113 in
575 2083 688 2115 urbem
706 2083 858 2116 confluit:
885 2094 924 2115 ac
939 2083 1032 2115 venit
1049 2093 1159 2115 eorum
1174 2082 1310 2126 quisque
1325 2081 1379 2114 vel
1394 2081 1542 2124 negotio,
1566 2081 1621 2115 vel
1635 2093 1713 2126 spe,
1736 2082 1791 2115 vel

366 2125 501 2158 fortuna
517 2125 646 2162 ductus.
689 2127 805 2167 Multi,
828 2138 966 2170 quorum
984 2137 1038 2160 res
1052 2127 1135 2160 domi
1150 2127 1234 2159 male
1249 2127 1389 2167 habent,
1411 2131 1450 2159 ut
1462 2127 1648 2178 imperatori
1663 2126 1792 2172 suppli·

368 2175 462 2210 cent,
488 2169 520 2202 ln
543 2171 624 2203 urbe
648 2172 772 2214 degunt
795 2172 908 2214 inviti,
931 2172 1018 2215 quod
1035 2171 1125 2214 ipsos
1141 2171 1305 2204 calamitas
1325 2171 1377 2203 vel
1392 2170 1563 2214 implimtos
1580 2175 1711 2214 teneat,
1734 2171 1791 2204 vel

368 2218 504 2256 urgeat,
526 2215 581 2248 vel
605 2222 773 2260 sequatur.
819 2217 882 2250 His
899 2217 980 2250 tecti
1001 2216 1112 2259 inopia
1127 2216 1170 2248 ad
1185 2216 1343 2259 reliquam
1359 2219 1536 2258 egestatem
1553 2216 1702 2257 accedit,
1725 2227 1791 2249 non

366 2257 563 2292 habentibus
578 2261 666 2303 quod
685 2273 745 2304 pro
767 2262 1020 2295 commoratione
1037 2260 1070 2293 in
1086 2261 1168 2293 urbe
1183 2260 1324 2295 solvant.
1370 2261 1446 2300 Qua
1460 2260 1532 2293 illos
1547 2260 1683 2304 penuria
1697 2260 1791 2293 leva-

369 2308 445 2336 runt
461 2304 657 2338 lastinianus
671 2306 750 2349 imp.
761 2311 808 2340 ⁴ac
823 2306 1004 2340 Theodora
1019 2306 1103 2348 Aug.
1148 2305 1236 2338 Nam
1251 2316 1311 2349 pro
1335 2307 1388 2338 ter
1401 2315 1500 2347 mare,
1523 2315 1563 2338 eo
1576 2304 1610 2338 in
1623 2305 1710 2347 loco,
1733 2304 1791 2348 qui

367 2347 504 2382 stadium
515 2375 525 2393 ,
549 2355 586 2382 ut
601 2350 748 2393 equidem
764 2362 882 2384 censeo
894 2377 904 2393 ‚
927 2350 1051 2384 idcirco
1066 2349 1202 2392 dicitur,
1226 2350 1304 2393 quia
1330 2350 1400 2383 udis
1415 2360 1455 2383 ac
1469 2349 1698 2383 certaminibus
1714 2349 1790 2382 olim

368 2391 550 2427 destinatus
566 2400 658 2437 erat,
681 2396 884 2429 xenodochia
898 2394 1095 2440 amplissima
1108 2394 1312 2438 aedificavit,
1334 2394 1390 2428 ubi
1403 2394 1571 2428 commode
1584 2394 1790 2440 hospitaren-

369 2441 424 2470 tur
446 2438 503 2481 qui
521 2450 560 2472 eo
580 2438 710 2484 inopiae
723 2441 849 2475 redacti
866 2445 987 2475 essent.
