1800 3126
608 133 798 179 NOTAE
830 132 1125 180 ALEMANNI.
1331 110 1334 111 ⁷
1498 131 1595 180 355

250 245 298 283 Ρ.
312 243 380 292 80,
395 244 437 286 8.
493 242 634 282 Morbo
658 242 907 296 dzffieillimo
936 240 1167 295 laborabat]
1195 243 1276 283 τῶν
1299 241 1466 283 αἰδοίων
1488 239 1600 296 αὐτῷ

139 296 329 354 πονήρως
364 296 552 352 ἐχόντων,
594 299 663 342 καὶ
700 303 772 353 τῆς
799 296 974 349 κύστεως
1009 300 1114 342 ἕλκει
1150 301 1307 354 χαλεπῷ
1335 299 1601 347 κακωθείσης.

140 358 290 409 ,Νὶνηρε
312 356 518 408 pudendis
546 359 646 396 vitio
676 358 852 410 affec-tia,
881 365 918 395 et
942 359 1121 409 graviter
1147 357 1332 394 ulcerata
1359 357 1518 394 vesica.-
1545 356 1601 392 ita

137 412 425 465 metaphrastes
453 415 496 452 in
526 415 608 452 vita
636 416 762 452 sancti
790 414 1022 466 Sampsonis
1051 414 1205 466 patricii
1233 414 1426 461 Romani,
1467 425 1490 450 a
1521 424 1599 463 quo

138 468 268 508 adhuc
307 471 398 509 vivo
437 471 600 512 mirifice
629 472 871 509 lastinianus
900 478 1060 508 sanatus
1100 477 1172 508 est.
1230 471 1368 521 Longe
1399 470 1602 521 antiquio-

137 540 223 565 rem
249 529 466 566 Iustiniano
496 529 759 580 Sampsonem
789 526 914 565 credit
949 526 1160 565 cardinalis
1189 527 1384 565 Baronius
1421 527 1463 563 iu
1495 525 1602 563 notIs

136 583 191 623 ad
221 591 385 636 martyr.
417 591 455 622 et
483 586 669 623 vacillare
699 583 821 622 fidem
847 585 957 621 illius
986 582 1176 622 historiae
1212 590 1349 636 putat,
1394 595 1496 634 quae
1524 580 1602 618 ha-

135 640 230 679 beat
255 643 536 680 Nosocomium
565 642 795 693 Sampsonis
826 639 967 678 eodem
994 647 1181 692 rogante,
1210 654 1235 677 a
1263 641 1483 679 Iustiniano
1514 652 1603 675 ere-

138 704 276 747 ctum3
307 711 398 735 cum
415 700 634 751 ‚Procopius
664 697 768 736 dicat
797 703 1072 746 restauratum,
1103 695 1210 748 quod
1239 697 1320 733 iam
1350 703 1466 734 antea
1494 694 1604 732 idem

137 754 335 807 Sampson
381 755 691 794 exaedificasset.
748 755 895 794 Verum
938 752 1037 792 adeo
1086 754 1278 804 exiguum
1319 753 1396 790 fuit
1430 754 1606 804 primum

137 810 243 849 illud
268 812 500 864 Sampsonis
530 811 778 860 aedificium,
807 818 892 849 tam
921 811 1075 848 illustre
1104 822 1222 857 vero,
1250 816 1414 861 tamque
1443 809 1604 859 magni-

136 867 259 906 ficum
294 869 344 906 ab
381 870 598 907 Iustiniano
633 869 810 916 factum,
854 874 899 906 ut
930 868 999 921 qui
1035 868 1234 917 integram
1272 867 1603 903 constructionem
1629 864 1657 899 Α
1680 864 1704 899 9

136 926 357 964 Iustiniano
393 924 580 963 adscribit
617 923 906 977 Metaphrastes
939 922 1046 961 nihil
1083 924 1240 960 veritati
1281 921 1500 960 detraxisse
1540 922 1606 958 vi—

137 980 224 1020 deri
263 983 404 1034 possit.
475 981 590 1029 Quod
632 981 743 1020 addit
787 981 836 1019 de
881 981 1187 1032 conflagratione
1238 980 1324 1017 eius
1363 980 1604 1027 Nosocomii,

125 1051 259 1091 -quam
298 1045 384 1076 tum
421 1041 633 1091 contigisse
674 1039 907 1087 arbitratur,
951 1051 1043 1076 cum
1084 1037 1156 1075 sub
1195 1037 1405 1074 Anastasio
1445 1042 1604 1073 sanctae

133 1094 309 1147 Sophiae
347 1097 544 1148 templum
587 1103 774 1135 exustum
809 1097 908 1144 fuit,
952 1096 1104 1133 clarum
1143 1100 1202 1132 est
1236 1095 1280 1130 in
1308 1091 1484 1131 historiis
1522 1105 1606 1130 non

133 1153 261 1190 semel
308 1151 413 1190 illud
449 1154 646 1206 templum
696 1151 892 1191 incendiis
937 1152 1157 1190 obnoxium
1195 1151 1342 1198 fuisse3
1394 1149 1606 1187 Iustiniani

133 1221 227 1247 vero
258 1222 360 1248 anno
390 1211 529 1262 quinto
557 1209 660 1248 illud
688 1210 971 1248 Nosocomium
999 1210 1207 1246 incensum
1230 1219 1340 1255 esse,
1370 1205 1480 1243 idem
1504 1207 1606 1243 Pro-

134 1267 271 1316 copius
309 1267 430 1304 refert
469 1267 499 1306 l.
533 1269 554 1307 1
589 1266 711 1304 aedif.
750 1274 791 1302 et
830 1269 849 1304 1
890 1263 987 1300 bell.
1022 1264 1133 1300 Pers.
1175 1269 1214 1300 et
1252 1260 1523 1314 Theophanes
1553 1261 1606 1299 ad

133 1334 285 1358 annum
324 1324 510 1374 quintum
539 1321 763 1359 Iustiniani.
821 1321 1002 1358 Fortasse
1041 1320 1202 1358 maioris
1241 1321 1435 1357 momenti
1475 1320 1525 1357 sit
1561 1319 1606 1356 in

131 1376 209 1416 hac
245 1391 310 1426 re,
350 1377 458 1430 quod
492 1379 708 1430 Procopius
747 1376 796 1415 de
837 1377 1070 1428 Sampsonis
1109 1383 1236 1415 aetate
1277 1378 1360 1413 ait}
1400 1371 1504 1427 οἷνήρ
1544 1390 1605 1423 τις

131 1431 331 1488 θεοσεβὴς
367 1434 412 1475 ἐν
447 1438 531 1483 τοῖς
569 1432 655 1475 ἅνω
691 1429 846 1487 χρόνοις
879 1431 1069 1486 Σαμψών
1110 1430 1250 1485 ὄνομα.
1314 1434 1391 1472 Vir
1430 1430 1606 1484 quidam.

125 1493 254 1544 pius,
287 1492 361 1543 qui
387 1491 658 1543 superioribus·
685 1493 807 1529 anni-5·
828 1491 990 1541 floruit.
1047 1492 1100 1528 At
1127 1488 1205 1528 hoc
1235 1490 1356 1528 etiam
1385 1488 1488 1526 nihil
1519 1495 1603 1536 θεῖς

132 1561 229 1586 nam
257 1549 474 1600 Procopius
503 1549 651 1587 librum
677 1549 796 1586 illum
830 1546 880 1585 de
910 1546 1099 1585 aedificiis
1128 1547 1198 1584 ubi
1235 1545 1313 1584 hoc
1340 1545 1484 1594 habet,
1528 1559 1604 1583 ex-

131 1606 260 1644 tremo
284 1607 493 1644 Iustiniani
520 1607 689 1658 imperio
718 1606 897 1657 scripsit,
928 1618 1074 1656 nempe
1099 1617 1174 1642 sex
1205 1610 1242 1641 et
1270 1605 1452 1654 triginta,
1483 1609 1604 1654 atque

133 1663 307 1714 amplius
345 1674 469 1700 annos
504 1670 595 1714 post
629 1669 801 1700 mortem
829 1662 1078 1713 Sampsonis.
1135 1660 1305 1712 Vigebat
1337 1667 1472 1697 tamen
1502 1658 1603 1696 adeo

133 1720 219 1756 eius
247 1721 463 1768 memoria,
497 1727 541 1758 ut
569 1722 812 1757 Iustinianus
847 1719 1007 1756 novella
1037 1719 1091 1760 59
1123 1724 1161 1754 et
1196 1720 1269 1759 131
1304 1717 1373 1754 ubi
1403 1716 1452 1754 de
1482 1716 1603 1754 Sam-

132 1789 257 1828 psone
294 1776 496 1828 loquitur,
537 1774 562 1816 ὁ
595 1778 670 1828 τῆς
705 1774 815 1823 ὁσίας
854 1774 1015 1827 μνήμης
1045 1771 1235 1826 Σαμψών
1271 1772 1395 1821 dicat,
1437 1780 1603 1810 sanctae

132 1834 346 1886 memoriae
368 1834 581 1884 Sampson.
639 1831 753 1879 Quod
783 1830 946 1884 (obiter)
976 1845 1067 1868 cnm
1103 1833 1146 1867 in
1175 1831 1349 1882 antiquis
1378 1830 1603 1867 manuscri-

132 1891 226 1941 ptis,
254 1890 396 1927 litteris
425 1890 691 1941 singularibus
722 1890 763 1930 S.
787 1891 852 1927 M.
882 1895 1065 1926 notatum
1094 1894 1210 1934 esset,
1239 1888 1347 1924 male
1376 1888 1418 1923 in
1447 1886 1602 1923 Latinis

131 1945 373 1984 editionibus
391 1947 539 1984 novell.
563 1949 638 1989 131
662 1952 887 1998 exceptum,
915 1952 1081 1982 sanetae
1100 1944 1263 1981 Mariae
1287 1943 1429 1983 Sango,
1488 1940 1602 1988 Quod

130 2010 266 2040 autem
282 2004 325 2040 in
343 2002 610 2055 Metaphraste
631 2001 909 2054 corrigendum
937 2002 1056 2052 plane
1088 2013 1243 2047 censeo,
1274 2007 1334 2037 est
1363 2000 1461 2036 ratio
1492 2006 1599 2036 tem·
1622 1997 1652 2033 V
1672 1997 1742 2033 344

130 2061 240 2112 poris
279 2061 384 2097 vitae
419 2061 675 2112 Sampsonis,
722 2067 760 2097 et
799 2071 996 2096 annorum
1034 2059 1193 2109 imperii
1221 2057 1460 2094 Iustiniani:
1503 2069 1600 2093 nam

130 2117 317 2156 Antistite
346 2118 486 2166 Mena,
517 2118 782 2168 Sampsonem
811 2115 1067 2167 superfuisse,
1096 2112 1207 2151 haud
1236 2114 1338 2151 bene
1367 2111 1601 2164 Metaphra-

131 2181 211 2212 stes
237 2180 389 2223 narrat,
430 2187 522 2212 cum
551 2181 642 2212 ante
670 2174 921 2212 consulatum
948 2172 1131 2209 Belisarii
1161 2171 1325 2218 obiisse,
1365 2183 1419 2207 ex
1447 2170 1599 2207 novell.

131 2231 185 2273 59
212 2232 419 2283 perspicue
449 2237 613 2269 constet.
670 2233 794 2269 Porro
825 2228 1006 2268 eiusdem
1041 2229 1226 2267 novellae
1257 2228 1497 2279 publicatio,
1538 2233 1602 2264 at-

133 2299 210 2339 que
233 2288 371 2326 electio
391 2289 546 2337 Menae,
576 2289 660 2326 fere
686 2289 730 2325 in
757 2286 868 2325 idem
896 2293 1055 2338 tempus
1084 2284 1290 2333 incidunt,
1321 2297 1467 2335 nempe
1498 2284 1601 2321 circa

134 2355 282 2382 annum
309 2347 519 2383 Iustiniani
546 2344 826 2382 undecimum:
862 2351 902 2382 at
929 2357 1024 2382 vero
1054 2350 1145 2380 ante
1176 2355 1327 2379 annum
1361 2342 1446 2379 eius
1480 2342 1602 2392 quin—

133 2405 240 2450 tum,
281 2409 484 2440 mortuum
521 2402 788 2454 Sampsonem
822 2401 968 2449 fnisse,
1008 2413 1128 2438 nemo
1168 2398 1334 2436 dubitet.
1392 2397 1456 2436 Ad
1493 2396 1602 2433 hunc

133 2456 330 2496 calculum
354 2458 579 2498 revocanda
607 2466 711 2508 sunt,
742 2471 845 2511 quae
876 2457 925 2495 de
948 2455 1133 2495 incendio
1161 2456 1394 2494 Nosocomi'r
1419 2468 1441 2491 a
1471 2455 1602 2491 Meta-

135 2510 292 2563 phraste
319 2524 542 2555 narrantur.
599 2517 659 2554 De
682 2516 770 2554 aliis
789 2515 1000 2553 Iustiniani
1028 2514 1176 2552 morbis
1203 2514 1308 2551 infra
1336 2511 1386 2549 ad
1415 2523 1507 2562 pag.
1528 2509 1600 2551 43.

246 2572 293 2610 P.
304 2574 423 2621 30,9.
482 2575 632 2612 Petrus·
661 2580 698 2611 et
718 2573 890 2612 Ioannes·
909 2571 1061 2623 Helue]
1092 2571 1223 2609 Ambo
1242 2572 1285 2607 in
1316 2569 1494 2606 exercitu
1516 2568 1601 2603 Ro-

136 2637 255 2665 mano
293 2628 388 2667 clari
425 2628 566 2678 duces3
608 2629 658 2668 de
699 2630 843 2683 quibus
880 2629 1031 2681 passim
1065 2629 1283 2679 Procopius
1321 2627 1362 2662 in
1401 2623 1599 2674 prioribus

134 2681 261 2721 libris·
339 2686 472 2725 1Ἰεῖαο
522 2689 672 2725 Graece
715 2694 775 2726 est
823 2683 978 2741 φαγοῖς,
1027 2681 1174 2739 φάγων
1225 2682 1332 2734 apud
1368 2681 1599 2730 Vopiscum·

134 2738 372 2779 Huiusmodi
417 2746 699 2794 cognominum
746 2743 1055 2796 significationes
1095 2741 1190 2779 dare
1226 2740 1366 2777 Latine
1412 2742 1599 2787 praestat,

136 2806 259 2847 quam
296 2809 438 2837 sonum
466 2801 638 2840 Graecae
674 2802 783 2841 vocis
822 2800 982 2839 referre.
1040 2798 1297 2837 Marcellinus
1331 2796 1375 2832 iu
1413 2791 1600 2831 chronico
