1754 3132
1645 605 1746 643 A13

204 671 522 732 IDEM
617 677 769 735 AD
868 672 1582 735 LECTOREM
1643 688 1754 725 Pxx

383 810 451 851 DE
478 811 704 866 Pfloeorn
731 812 886 854 Limus
915 812 983 853 ET
1011 812 1112 854 HAG
1139 811 1391 853 Enmoxss.
1642 815 1674 849 v
1696 813 1754 850 274

150 1036 267 1106 Pars
294 1065 391 1107 haee
418 1066 648 1109 historiarum
677 1067 849 1124 Procopii
880 1066 1154 1118 Caesariensis,
1186 1083 1292 1124 quam
1322 1065 1388 1108 tibi
1416 1064 1618 1114 fruendam,

150 1134 345 1182 Laeron,
383 1137 639 1190 proponimus,
678 1137 777 1178 mole
807 1136 894 1176 licet
923 1135 1083 1192 exigua,
1122 1145 1158 1177 et
1188 1137 1317 1177 ordIne
1348 1142 1536 1190 postrema
1554 1133 1620 1181 sit;

151 1201 221 1242 erit
242 1209 362 1243 tamen
384 1203 531 1245 minimo
551 1204 763 1254 iniucunda,
800 1219 880 1245 cum
912 1203 991 1258 ipsa
1014 1219 1080 1259 per
1107 1219 1212 1252 sese,
1250 1214 1321 1244 tum
1352 1203 1436 1258 quia
1469 1202 1620 1257 primum

151 1268 187 1309 in
204 1269 323 1310 lucem
351 1286 444 1311 nunc
473 1273 613 1327 prodit,
645 1280 754 1328 atque
776 1272 841 1313 tibi
865 1271 911 1312 ab
933 1272 1073 1312 Autore
1102 1271 1288 1312 lucubrata
1311 1271 1464 1311 videtur.
1505 1270 1624 1319 Quam

152 1336 249 1376 enim
284 1338 497 1393 aequalibus
527 1339 590 1380 ille
618 1340 691 1381 suis
722 1339 965 1390 ἀνέκδοτον,
1002 1339 1163 1379 abditam
1195 1353 1280 1379 csse
1311 1337 1443 1386 voluit,
1480 1336 1623 1391 solique

150 1404 353 1459 posteritati
375 1406 587 1457 destinavit,
623 1407 687 1448 tihi
710 1423 758 1448 cx
779 1407 937 1463 posteris
964 1406 1128 1447 omnibus
1151 1406 1246 1446 hacc
1268 1405 1377 1446 modo
1398 1404 1621 1445 conceditur.

150 1471 287 1520 Plena,
323 1487 545 1530 prorsusque
579 1475 788 1530 incorrupta
826 1483 862 1515 ut
898 1474 963 1515 tibi
1003 1474 1290 1522 concederetur,
1330 1488 1396 1513 nos
1427 1487 1495 1528 pro
1526 1470 1624 1512 virili

149 1546 256 1593 parte
291 1539 406 1581 adnisi
435 1543 580 1598 quidem
608 1559 743 1590 sumus;
781 1557 908 1584 verum
943 1550 1116 1583 consueta
1145 1550 1198 1583 est
1222 1550 1257 1582 et
1290 1541 1388 1582 bene
1410 1549 1514 1582 vetus
1533 1540 1620 1580 Pro-

151 1607 249 1662 copii
279 1607 627 1652 Commentariorum
657 1611 778 1667 iniqua
809 1611 872 1651 illa
903 1610 1082 1658 conditio,
1116 1618 1152 1650 ut
1182 1609 1316 1650 nullam
1338 1624 1462 1650 eorum
1481 1615 1623 1662 partem

151 1675 200 1716 ab
239 1677 337 1718 omni
374 1678 436 1719 vel
472 1679 679 1729 hominum,
724 1679 784 1720 vel
814 1679 990 1734 temporis
1024 1676 1153 1718 iniuria
1192 1686 1379 1718 teneamus
1415 1676 1621 1716 immunem.

151 1745 366 1787 Leouardus
397 1747 566 1788 Aretinus
588 1747 757 1803 Procopii
786 1748 900 1788 libros
924 1748 970 1788 de
988 1746 1090 1787 bello
1112 1746 1284 1786 (iotthico
1306 1745 1441 1802 primus
1466 1743 1622 1784 omnium

151 1812 368 1868 publicavit;
407 1815 473 1855 sed
492 1815 613 1857 ludum
644 1816 802 1857 cruditus
832 1816 895 1856 ille
916 1815 972 1856 vir
1003 1815 1085 1856 lusit
1116 1814 1221 1854 nobis
1255 1814 1365 1869 plane
1389 1811 1620 1852 illiberalem.

152 1881 248 1921 Nam
267 1896 462 1936 suppressa
483 1885 629 1925 Graeca
654 1884 829 1933 historia,
872 1892 908 1924 et
935 1883 1083 1924 Autoris
1114 1881 1259 1921 nomine
1282 1879 1518 1928 dissimulato,
1549 1879 1621 1919 La-

152 1948 265 1989 tinam
297 1964 403 2005 quam
425 1950 506 2006 ipse
537 1967 584 1993 ex
606 1953 751 1994 Graeca
789 1952 948 2000 lecerat,
992 1959 1160 2005 tanquam
1187 1963 1209 1989 e
1239 1948 1349 1988 variis
1386 1946 1625 2002 scriptoribus

153 2032 177 2056 a
206 2031 247 2057 se
274 2017 504 2072 decerptam,
541 2021 588 2060 de
625 2019 725 2060 bello
763 2020 889 2060 Italico
923 2026 1138 2075 praenotat,
1181 2025 1216 2057 et
1249 2017 1386 2057 luliano
1419 2014 1623 2056 Caesarino

153 2092 388 2139 nuncupatam
420 2084 456 2126 in
485 2087 664 2141 publicum
693 2088 829 2129 emittit.
891 2089 1057 2128 Eandem
1087 2086 1232 2127 Graece
1262 2085 1434 2139 scriptam
1462 2083 1623 2123 Blondus

152 2153 303 2196 Flavius
329 2153 503 2194 industria
523 2155 674 2210 primum
693 2171 756 2196 sua
787 2155 927 2196 ltaliam
956 2154 1130 2195 habuisse
1157 2161 1354 2200 memorat;
1389 2152 1456 2192 sed
1482 2152 1512 2191 is
1542 2166 1622 2191 cum

153 2221 190 2261 in
209 2221 362 2262 historia
380 2222 550 2277 Procopii
570 2223 679 2264 modo
709 2224 893 2264 desideret
913 2237 1008 2278 quae
1037 2222 1149 2263 hodie
1172 2237 1238 2263 nos
1262 2220 1409 2261 minime
1431 2217 1619 2259 desidera-

153 2305 254 2337 mus,
291 2290 400 2331 modo
440 2305 485 2331 ea
510 2300 656 2346 carpat,
703 2306 798 2348 quae
837 2291 873 2332 in
902 2291 1060 2347 vulgatis
1091 2290 1309 2331 editionibus
1341 2289 1439 2329 bene
1476 2286 1622 2327 habere

154 2357 336 2400 videmus:
376 2358 539 2413 antiquas
566 2359 698 2400 Blondi
734 2359 984 2408 membranas,
1020 2359 1080 2399 vel
1115 2359 1372 2414 interpretem,
1413 2370 1520 2412 quem
1556 2354 1620 2394 ille

154 2433 278 2467 nactus
309 2433 383 2474 cst,
419 2425 535 2467 fraudi
563 2427 683 2468 eidem
712 2428 823 2469 fuisse
846 2442 952 2468 nemo
982 2442 1054 2468 non
1084 2427 1200 2475 dicat;
1241 2442 1319 2467 cum
1352 2440 1398 2465 ea
1421 2425 1502 2480 ipse
1534 2431 1620 2463 nota

154 2507 285 2535 carere
305 2493 413 2535 facile
432 2496 569 2550 possit,
605 2495 665 2552 qui
690 2510 731 2537 se
752 2495 903 2552 linguae
929 2496 1099 2537 Graecae
1123 2511 1270 2551 prorsus
1302 2493 1505 2548 imperitum
1529 2490 1617 2530 fate-

153 2570 221 2604 tur.
281 2561 565 2618 Christophorus
584 2565 767 2613 Persona,
809 2564 869 2620 qui
890 2578 1008 2620 aegre
1029 2563 1294 2604 simulationem
1316 2560 1502 2602 Lconardi
1528 2558 1618 2607 tulit,

156 2630 302 2671 Autoris
326 2630 471 2688 integro
500 2632 646 2673 nomine
680 2633 834 2674 candem
860 2631 1047 2673 historiam
1082 2631 1189 2672 vertit
1222 2630 1367 2686 quidem
1398 2643 1419 2669 c
1453 2628 1619 2675 Gracc0;

158 2697 274 2738 multis
295 2707 416 2740 tamen
438 2700 598 2756 partibus
619 2701 845 2750 diminutam,
881 2709 918 2742 et
938 2715 1034 2756 pene
1067 2699 1227 2739 laceram
1260 2697 1371 2738 dedit.
1431 2695 1515 2735 Post
1537 2695 1620 2736 illos

158 2765 327 2820 Raphael
353 2767 615 2810 Volaterranus
648 2769 806 2824 reliquos
832 2770 879 2810 dc
906 2769 1006 2810 bello
1035 2767 1183 2808 Persico
1212 2773 1248 2806 ct
1274 2762 1476 2806 Vandalico
1499 2763 1613 2804 libros
1637 2765 1666 2801 Α
1691 2765 1737 2804 14

157 2834 288 2876 Latine
325 2835 507 2891 vulgavit:
560 2837 626 2878 sed
662 2837 778 2878 nihilo
820 2837 975 2879 meliore
1012 2851 1119 2892 quam
1153 2832 1436 2887 Christophorus
1476 2831 1614 2873 Codice
1636 2839 1754 2875 PXV.
