1858 3126
527 160 603 204 DE
636 159 925 203 AEDIFICIIS
958 157 1032 202 111.
1070 157 1116 204 6.
1461 157 1558 203 257

238 275 295 328 ςῖω
355 273 424 318 Τὰ
441 275 516 331 μὲν
537 268 609 318 οὖν
628 275 669 317 ἓν
680 274 900 332 Ἀρμενίοις
914 273 1180 331 ’Ῑουστινιανῷ
1194 275 1363 327 βασιλεῖ’
1380 273 1479 329 τῇδέ
1500 291 1555 329 πη
1577 279 1608 315 Ρ
1632 281 1676 316 60

103 347 206 403 ἔχειν
248 343 312 388 ’τὰ
347 345 391 388 δὲ
419 346 469 400 δὴ
499 345 604 388 κατὰ
630 344 682 387 τὰ
713 346 880 396 Τζανῶν
911 343 1011 399 ἔθνη
1037 340 1367 400 ἀναγράψασθαί
1388 358 1460 395 μοι
1493 342 1559 384 ἓν-

103 419 242 463 πιόθα
261 418 332 456 τοῦ
349 411 474 470 λόγου
493 413 544 456 02'7'
562 432 601 458 τι
627 412 706 456 ἀπὸ
729 412 881 471 τρόπου
901 411 1033 464 ἔδοξεν
1047 410 1166 463 εἶναι,
1202 411 1283 454 ἐπεὶ
1302 412 1368 453 καὶ
1389 408 1559 467 πρόσοι-

100 479 168 528 κοι
180 483 401 540 Ἀρμενίοις
420 484 529 526 εἰσίν.
597 481 812 536 αὐτόνομοι
830 482 905 536 μὲν
923 483 1070 535 Τζανοὶ
1091 481 1135 523 ἐκ
1153 483 1329 523 παλαιοῦ
1347 481 1414 522 καὶ
1431 478 1559 536 ἄναρ-

68 558 167 608 ⁵201
196 551 340 608 ᾤκουν,
375 550 566 609 θηριώδη
595 551 685 593 τινὰ
710 550 852 606 βιοτὴν
871 550 1044 604 ἔχοντες,
1078 549 1202 600 θεοὺς
1227 550 1302 604 μὲν
1321 548 1373 592 τά
1388 565 1430 591 τε
1453 547 1559 603 ἄλση

101 622 170 664 καὶ
180 619 295 677 ’ὅρνις
321 621 387 662 καὶ
414 620 519 662 ἄλλα
543 620 645 662 ἄττα
665 622 746 677 ζῷα
769 617 986 675 ἡγούμενοί
1001 637 1043 662 τε
1063 621 1130 661 καὶ
1150 619 1354 673 σέβοντες,
1389 619 1430 659 ἓν
1450 616 1562 674 ὄρεσι

102 690 148 732 δὲ
178 688 475 746 οὗρανομήκεσί
499 707 542 732 τε
571 690 640 731 καὶ
672 688 926 746 ἀμφιλαφέσι
951 687 1021 730 τὸν
1052 687 1211 730 ἅπαντα
1240 689 1368 730 αἰῶνα
1403 687 1561 729 δίαιταν

99 755 269 812 ἔχοντες,
299 762 373 814 γῆν
394 758 438 799 δὲ
456 757 616 812 οὐδαμῆ
633 761 909 813 γεωργοῦντες,
939 755 1044 797 ἀλλὰ
1062 755 1317 812 λῃστεύοντές
1333 773 1376 798 τε
1393 756 1460 797 καὶ
1479 760 1564 805 τοῖς

102 828 271 884 φωρίοις
290 826 350 868 ἀεὶ
371 826 605 879 ἀποζῶντες.
650 826 770 868 αὐτοί
784 843 826 868 τε
845 825 924 882 γὰρ
944 823 1181 879 ἄμελέτητοί
1202 827 1302 866 εἰσιν
1319 823 1562 880 ἐργάζεσθαι

36 899 175 950 Χιὀγῆν
195 897 262 937 καὶ
289 892 316 949 ἦ
339 893 457 951 χώρα
481 896 641 952 σφίσιν,
676 894 779 936 ἔνθα
809 893 860 950 δὴ
884 893 942 949 μὴ
972 892 1046 950 ὄρη
1077 891 1375 946 ἀποτομώτατα
1399 892 1561 948 περιβέ-
1583 869 1620 963 g
1645 927 1689 963 31

99 967 269 1018 βληται,
303 962 494 1021 λοφώδης
523 965 641 1006 ἐστίν.
709 963 757 1006 οὗ
780 962 953 1020 γήλοφοι
984 963 1032 1005 δέ
1062 964 1159 1005 εἰσιν
1187 961 1239 1004 τὰ
1264 959 1563 1015 ἐπανεστηκότι»

99 1035 175 1086 τῆς
193 1036 268 1086 γῆς
288 1032 382 1074 οὐδὲ
399 1031 529 1087 γεώδη
548 1032 643 1075 οὐδὲ
667 1029 735 1074 οἶα
756 1031 937 1089 καρποὺς
959 1029 1142 1088 ἀφεῖναι,
1179 1030 1219 1072 εἶ’
1236 1047 1297 1080 τις
1323 1029 1456 1072 αὐτῶν
1475 1031 1564 1071 ἔπι-

98 1090 281 1154 mnatre,
317 1099 422 1142 ἀλλὰ
453 1100 604 1157 τραχέα
631 1117 673 1143 τε
705 1099 1039 1157 ὑπερβαλλόντως
1072 1101 1138 1141 καὶ
1172 1099 1328 1155 σκληρὰ
1358 1095 1563 1155 ὑπεράγαν

100 1169 168 1210 καὶ
196 1173 361 1226 καρπῶν
389 1166 576 1212 ἁπάντων
608 1171 745 1219 δεινῶς
774 1168 926 1226 ἄφορα.
994 1170 1062 1210 καὶ
1092 1167 1183 1210 οὔτε
1213 1165 1360 1224 ἀρόσαι
1389 1166 1462 1221 τὴν
1489 1170 1564 1222 γῆν

48 1247 93 1283 15
104 1234 195 1279 οὔτε
222 1235 466 1292 ἀμήσασθαι
494 1236 609 1293 λήιον
636 1237 726 1281 οὕτε
753 1241 914 1291 λειμῶνι
937 1238 1108 1290 ἐντυχεῖν
1132 1234 1311 1278 ἐνταῦθά
1335 1253 1389 1290 πη
1412 1234 1564 1277 δυνατὰ

101 1306 262 1361 γίνεται,
287 1305 393 1348 ἀλλὰ
409 1307 477 1348 καὶ
494 1313 578 1356 τοῖς
603 1307 796 1363 δένδροις,
824 1303 962 1363 οἷσπερ
981 1303 1008 1360 ἡ
1029 1304 1205 1358 Τζανικὴ
1224 1303 1406 1358 τέθηλεν,
1433 1301 1563 1359 ἀκάρ-

101 1390 193 1423 ποις
216 1391 258 1416 τε
283 1368 398 1416 οὖσιν
428 1369 554 1425 αὖθις
578 1377 646 1416 καὶ
677 1374 781 1424 ὅλως
814 1372 995 1430 ἀγόνοις,
1030 1374 1112 1415 ἐπεὶ
1139 1372 1232 1415 οὐδὲ
1260 1370 1460 1427 ἀλλήλους
1494 1372 1561 1413 ἔκ·-

101 1442 284 1496 δέχονται
308 1444 442 1499 καιροὶ
470 1443 514 1484 ἐκ
545 1447 618 1485 τοῦ
642 1443 913 1494 ε’πιπλεῖστον,
948 1442 1043 1484 οὐδὲ
1073 1445 1144 1484 νῦν
1172 1441 1245 1494 μὲν
1269 1439 1296 1495 ἦ
1327 1446 1378 1497 γῆ
1410 1444 1469 1498 τῷ
1493 1444 1566 1494 τῆς

101 1508 213 1567 ὥρας
230 1508 342 1567 ὑγρῷ
363 1528 405 1553 τε
423 1512 491 1552 καὶ
510 1515 659 1569 ψυχρῷ
677 1510 892 1564 βάλλεται,
921 1514 992 1552 νῦν
1012 1510 1056 1552 δὲ
1080 1509 1131 1565 δὴ
1159 1509 1284 1564 αὐτὴν
1303 1507 1328 1563 ἡ
1351 1514 1423 1551 τοῦ
1450 1507 1565 1563 ἡλίου

39 1578 245 1635 ωθέρμη
269 1579 443 1633 ὀνίνησιν
449 1611 463 1631 ,
498 1579 602 1621 ἀλλὰ
620 1580 802 1635 -ζξςειμῶνί
826 1597 868 1622 τε
899 1577 1109 1636 ἀπεράντῳ
1137 1576 1376 1635 ξινιιόκισται
1397 1575 1423 1633 ἦ
1447 1575 1566 1634 χώρα
1593 1588 1623 1624 c

101 1648 169 1689 καὶ
183 1644 317 1701 χιόσιν
336 1647 478 1698 ἀϊδίοις
505 1646 757 1705 κατάρρυτός
779 1649 878 1690 ε’στι.
947 1647 1014 1689 διὰ
1035 1651 1164 1689 ταῦτα
1184 1647 1259 1700 μὲν
1285 1644 1500 1699 αὐτόνομοι
1520 1645 1567 1687 τὸ

102 1714 276 1757 παλαιὸν
294 1715 333 1757 οἶ
354 1717 502 1767 Τζανοὶ
519 1718 664 1770 ε’βίουν,
688 1718 750 1759 ἐπὶ
769 1715 912 1759 τούτου
931 1717 1268 1758 δὲ’Ῑουστινιανοῦ
1283 1713 1568 1769 βασιλεύοντος

101 1781 341 1839 ἧττήθησάν
360 1801 403 1825 τε
415 1781 623 1838 Ῥωμαίων
639 1789 688 1841 τῇ
711 1783 836 1841 μάχῃ,
868 1787 994 1837 Τζίτα
1013 1788 1332 1841 στρατηγοῦντος
1344 1781 1566 1836 Ῥωμαίων,

105 1853 172 1893 καὶ
194 1852 267 1906 τὴν
291 1849 478 1907 ἇγώνισιν
504 1851 741 1908 ἀπογνόντες
764 1853 888 1902 afflig
910 1851 1223 1910 προσεχώρησαν
1245 1852 1354 1908 αὐτῷ
1381 1850 1565 1901 ἅπαντες,

49 1919 183 1977 2511ρὸ
216 1923 288 1974 τῆς
319 1917 567 1963 ἐπικινδύνου
601 1922 834 1978 ἐλευθερίας
870 1921 943 1974 τὴν
981 1920 1130 1963 ἄπονον
1170 1921 1353 1962 δουλείαν
1387 1917 1567 1973 ἑλόμενοι

194 2049 228 2084 6.
274 2048 333 2082 Sic
348 2059 388 2084 se
408 2048 534 2083 habent
548 2048 725 2083 Iustiniani
744 2052 831 2093 Aug.
857 2059 913 2083 res
931 2048 965 2082 in
981 2048 1156 2083 Armenia:
1179 2059 1269 2082 nunc
1293 2048 1466 2083 institutae
1487 2058 1567 2082 ora-

104 2093 190 2128 tioni
215 2098 476 2129 consentaneum
497 2095 650 2137 videtur,
674 2099 712 2128 ut
736 2100 814 2129 acta
844 2094 933 2138 apud
957 2095 1094 2128 Tzanos
1120 2105 1389 2136 commemorem;
1413 2093 1568 2138 quando-

129 2139 236 2174 nidem
251 2140 442 2174 Armeniam
461 2140 628 2175 accolunt.
675 2141 787 2174 Tzani
802 2140 986 2184 antiquitus
1009 2140 1128 2181 liberi,
1152 2140 1299 2185 nullique
1319 2139 1461 2185 principi
1483 2139 1566 2173 sub-

103 2151 186 2230 diu,
207 2185 372 2220 vivebant
393 2187 542 2220 ferarum
560 2187 640 2221 ritu.
679 2186 791 2220 Lucos
804 2212 813 2228 ‚
838 2186 994 2220 volucres
1017 2190 1052 2220 et
1070 2186 1153 2220 alias
1169 2186 1329 2230 cuiusque
1342 2185 1475 2230 generis
1491 2185 1566 2219 ani-

102 2235 234 2278 mantes
247 2243 310 2278 pro
325 2231 388 2266 diis
403 2232 573 2266 habebant
587 2244 629 2267 ac
645 2232 910 2269 venerabantur.
957 2232 996 2265 In
1011 2231 1183 2266 altissimis
1199 2232 1362 2276 degentes
1381 2242 1514 2276 semper
1531 2234 1568 2264 et

103 2277 286 2312 nemorosis
310 2277 497 2320 montibus,
519 2290 587 2312 non
609 2289 768 2313 arvorum
794 2278 905 2321 cultu,
928 2277 989 2312 sed
1010 2282 1111 2323 raptu
1135 2282 1171 2312 et
1191 2276 1376 2311 latrociniis
1390 2277 1492 2310 vitam
1509 2288 1566 2310 su-

104 2323 311 2358 stentabant.
359 2324 448 2358 Sunt
471 2323 558 2358 enim
582 2325 684 2358 rudes
702 2324 948 2369 agriculturae,
975 2335 1159 2368 eorumque
1175 2323 1292 2368 regio,
1315 2323 1371 2356 ubi
1396 2322 1565 2357 montibus

104 2369 388 2415 praeruptissimis
415 2374 537 2411 vacat,
561 2370 597 2404 in
618 2370 723 2405 colles
738 2370 923 2413 attollitur,
944 2381 1011 2403 non
1035 2374 1190 2403 terrenos
1212 2373 1381 2415 aptusque
1400 2368 1567 2412 frugibus,

105 2413 135 2447 zi
150 2413 224 2459 quis
237 2426 350 2449 curam
363 2416 594 2450 accommodet
604 2442 614 2458 ,
638 2416 698 2450 sed
720 2416 921 2462 asperrimos
945 2415 1205 2460 durissimosque
1219 2427 1258 2449 ac
1275 2415 1374 2460 plane
1390 2414 1566 2448 infoecun-

106 2456 180 2494 don.
225 2459 277 2494 lbi
302 2461 402 2495 tellus
427 2461 536 2496 aratri
560 2462 757 2506 impatiens,
780 2461 887 2495 nullas
912 2460 969 2494 dat
994 2472 1138 2495 messest
1162 2461 1260 2496 immo
1278 2471 1341 2494 nec
1359 2465 1491 2506 pratum
1507 2469 1565 2493 us—

106 2514 208 2550 quam
222 2505 337 2541 videre
351 2510 425 2549 θείς
447 2510 484 2541 et
499 2507 655 2551 arbores,
678 2518 762 2552 quas
779 2511 987 2561 progenerat
1002 2507 1166 2550 Tzanica,
1189 2506 1322 2540 steriles
1341 2505 1474 2539 omnino
1490 2509 1568 2538 sunt

110 2554 214 2595 atquo
233 2551 403 2586 infelices:
426 2558 607 2599 propterea
630 2553 722 2599 quod
743 2553 811 2587 ilhc
834 2564 940 2587 annus
962 2552 1159 2599 plerumque
1181 2555 1421 2597 tempestatum
1436 2551 1568 2584 vicibus

111 2598 228 2638 areu
249 2607 311 2632 nec
329 2602 421 2632 terra
441 2599 506 2634 iam
532 2599 654 2644 frigido
679 2600 818 2634 humore
839 2598 1028 2643 subigitur,
1050 2598 1116 2633 iam
1140 2599 1222 2632 solis
1246 2599 1360 2632 calore
1380 2601 1566 2635 recreatur,

111 2650 229 2675 verum
242 2647 381 2677 aeterna
396 2645 555 2690 premitur
568 2646 691 2689 hyeme
714 2656 754 2679 ac
769 2650 936 2691 perpetua
951 2644 1032 2678 nive
1047 2644 1273 2690 perfunditur.
1319 2643 1417 2676 Haec
1442 2641 1518 2674 olim
1545 2651 1567 2673 a

111 2685 240 2720 Tzanis
259 2688 372 2732 iugum
387 2689 518 2735 imperii
534 2691 767 2736 prohibebant.
813 2691 969 2725 Tandem
992 2691 1054 2725 sub
1077 2690 1228 2736 principe
1250 2695 1366 2723 nostro
1381 2686 1567 2720 Iustiniano

111 2741 134 2764 a
147 2731 308 2784 Romanis
321 2734 395 2768 acie
408 2736 499 2778 victi,
521 2742 656 2771 nostras
669 2737 814 2771 ducente
829 2736 946 2782 copias
960 2736 1064 2771 Tzita
1078 2736 1238 2780 magistro
1254 2735 1390 2768 militum
1404 2759 1413 2776 ,
1436 2742 1510 2766 cum
1529 2742 1568 2764 se

111 2778 301 2812 resistendo
316 2778 358 2813 im
383 2790 461 2815 ares
473 2781 645 2826 viderent,
667 2783 780 2817 statim
796 2794 909 2817 omnes
926 2786 1165 2816 concesserunt
1182 2781 1216 2814 in
1236 2781 1308 2814 eius
1323 2779 1434 2819 fidem,
1455 2777 1566 2811 servi—

113 2826 218 2856 tutem
233 2825 363 2870 tranqu'
390 2836 443 2860 am
457 2826 625 2873 libertati,
645 2828 868 2875 periculorum
881 2833 974 2864 metu
988 2827 1169 2869 sollicitae,
1192 2828 1443 2872 praeoptantes.
1489 2822 1567 2858 Nec

170 2876 357 2922 Procopius
386 2877 453 2912 111.
1238 2875 1290 2913 17
