1754 3132
401 708 1278 780 ARGUMENTUM

215 844 862 894 HISTORIAE
944 842 1479 894 ARCANAE.

604 958 671 993 Ex
703 956 928 991 EUAGRIO
962 955 1006 1000 4,
1039 959 1095 995 30.

107 1191 121 1208 ζ

139 1188 212 1259 O
233 1214 518 1263 ’Ῑουστινιανὸς
537 1209 587 1267 ἦν
606 1215 680 1268 μὲν
695 1212 922 1269 χρημάτων
945 1214 1157 1268 ἄπληστος
1174 1214 1240 1255 καὶ
1261 1217 1342 1255 τῶν
1362 1211 1590 1267 ἀλλοτρίων

115 1282 246 1334 οὕτως
275 1281 455 1332 ἐκτόπως
488 1282 664 1338 ἐραστὴς
673 1315 686 1334 ,
727 1281 782 1332 ὡς
812 1285 878 1325 καὶ
908 1283 955 1324 τὸ
986 1280 1167 1336 ὑπήκοον
1195 1281 1305 1324 ἅπαν
1326 1281 1499 1336 χρυσίου
1523 1297 1590 1321 πι-
1625 1307 1627 1309 ·

114 1350 309 1409 πράσκειν
342 1358 430 1400 τοῖς
457 1367 499 1393 τε
525 1350 602 1399 τὰς
631 1350 760 1406 ἀρχὰς
787 1348 1096 1405 ἐπιτροπεύουσι
1131 1357 1217 1398 τοῖς
1246 1366 1289 1391 τε
1320 1349 1417 1398 τοὺς
1434 1345 1591 1404 φόρους

114 1420 315 1476 ἐκλέγουσι
350 1422 418 1461 καὶ
452 1425 539 1468 τοῖς
570 1417 659 1463 ὅσοι
687 1418 766 1460 ἀπ’
797 1418 992 1472 οὐδεμιᾶς
1023 1420 1157 1467 αἰτίας
1180 1415 1347 1474 ῥάπτειν
1372 1415 1590 1468 ἐπιβουλὰς

83 1492 203 1539 ὄτοῖς
233 1485 474 1540 ἀνθρώποις
502 1487 706 1529 ἐθέλουσι.
776 1486 954 1536 πολλοὺς
982 1487 1026 1528 δὲ
1054 1488 1121 1528 καὶ
1144 1486 1406 1541 ἀναρίθμους
1430 1488 1514 1526 τῶν
1539 1483 1593 1525 τὰ

115 1557 249 1600 πολλὰ
274 1556 528 1611 κεκτημένων
550 1553 778 1611 προφάσεις
802 1555 1144 1612 ἀπροφασίστους
1166 1552 1398 1607 ἐπιχρώσας
1421 1552 1496 1600 τὰς
1519 1551 1592 1594 οὖ-

87 1656 90 1659 ,
117 1627 210 1676 σίας
232 1623 396 1674 ἁπάσας
420 1624 652 1678 ἐζημίωσεν.
724 1622 774 1678 ’ἢν
794 1625 838 1666 δὲ
858 1625 923 1665 καὶ
944 1623 1044 1678 γυνὴ
1066 1621 1344 1677 ἕταιριζομένη
1372 1622 1592 1676 ἐποφθαλ-

116 1691 274 1749 μίσασά
292 1711 350 1751 τῳ
372 1691 532 1747 ὁμιλίαν
551 1693 642 1734 τινὰ
662 1691 688 1747 ἢ
707 1694 816 1745 μίξιν
837 1692 1086 1743 ἀνέπλασεν,
1120 1691 1251 1740 εὐθὺς
1272 1689 1437 1732 ἅπαντα
1458 1692 1594 1744 φροῦ-

120 1765 173 1806 δα
204 1763 257 1805 τὰ
285 1766 368 1805 τῶν
396 1759 534 1815 νόμων
556 1763 814 1813 καθίστατο,
845 1763 912 1803 καὶ
934 1761 1006 1803 τὸν
1023 1758 1309 1802 Ἰουστινιανόν
1330 1773 1592 1814 προσεταιρι-

65 1831 275 1886 1οσαμὲνη
299 1834 373 1873 τοῦ
399 1827 555 1872 ἀτόπου
577 1829 746 1886 κέρδους
776 1828 871 1871 ὅλον
899 1829 971 1871 τὸν
994 1833 1173 1871 πλοῦτον
1203 1826 1594 1882 συκοφαντηθέντος

120 1899 223 1943 οἴκοι
241 1896 582 1954 μετεσκευάσατο.
647 1899 714 1939 καὶ
736 1896 906 1953 ἀφειδὴς
933 1898 978 1939 δὲ
992 1894 1219 1952 χρημάτων
1243 1893 1447 1949 ὑπῆρχεν,
1488 1891 1593 1935 ὥστε

120 1970 188 2010 καὶ
214 1967 393 2016 πολλοὺς
424 1964 564 2022 ἁγίους
592 1967 658 2008 καὶ
680 1964 910 2020 ἑκασταχοῦ
930 1966 1054 2014 ναοὺς
1073 1968 1390 2020 μεγαλοπρεπεῖς
1411 1961 1594 2015 ἀναστῆ-

120 2051 215 2089 σαι,
251 2035 402 2084 ἄλλους
431 2052 474 2077 τε
508 2035 661 2090 εὐαγεῖς
694 2033 830 2083 οἷ’κους
863 2036 918 2083 εἷς
940 2034 1166 2087 ἐπιμέλειαν
1189 2032 1353 2087 ἀνδρῶν
1370 2047 1412 2073 τε
1438 2031 1504 2072 καὶ
1521 2046 1595 2085 γυ-

120 2108 269 2148 ναικῶν
301 2101 448 2160 ἀώρων
480 2120 523 2145 τε
558 2104 624 2145 καὶ
653 2099 815 2159 ἐξώρων
837 2104 903 2144 καὶ
925 2106 1010 2144 τῶν
1031 2099 1112 2143 ὕπὸ
1132 2098 1379 2155 νοσημάτων
1400 2099 1593 2140 ποικίλων

122 2242 174 2310 ln
207 2274 399 2309 Iustiniano
422 2278 492 2308 tam
516 2272 735 2318 inexplebilis
759 2272 826 2307 suit
848 2271 1015 2318 pecuniae
1052 2270 1226 2317 cupiditas
1251 2273 1287 2305 et
1309 2272 1379 2303 tam
1402 2267 1515 2313 turpis
1540 2272 1593 2302 at-

124 2337 192 2371 que
213 2325 300 2360 adeo
324 2323 476 2358 absurda
497 2333 610 2357 rerum
634 2322 819 2356 alienarum
840 2320 1026 2366 appetitio,
1051 2326 1090 2355 ut
1113 2320 1226 2355 omnia
1249 2318 1480 2353 subiectorum
1503 2317 1594 2350 bona

125 2372 197 2412 his,
232 2370 291 2416 qui
320 2369 543 2414 magistratus
575 2367 880 2408 administrabant,
911 2367 972 2411 qui
996 2367 1128 2400 tributa
1154 2366 1382 2411 colligebant,
1418 2362 1478 2409 qui
1502 2362 1594 2396 nulla

124 2417 169 2452 de
192 2427 297 2451 causa
318 2415 461 2450 insidias
485 2414 680 2448 hominibus
704 2419 840 2448 struere
863 2413 1048 2453 volebant,
1082 2413 1126 2447 ob
1152 2412 1229 2446 auri
1253 2421 1400 2445 amorem
1423 2408 1592 2442 vendide-

125 2463 184 2498 rit.
232 2462 451 2507 Complures,
490 2460 588 2494 immo
612 2471 694 2494 vero
718 2459 1006 2499 innumerabiles,
1030 2458 1087 2503 qui
1113 2458 1218 2492 multa
1241 2458 1332 2491 bona
1357 2454 1592 2500 possidebant,

125 2519 232 2544 eausa
267 2508 358 2542 falsa
389 2505 686 2550 commentitiaque
719 2507 867 2540 conficta
899 2504 1052 2539 omnibus
1082 2504 1232 2538 fortunis
1256 2501 1443 2536 mulctavit.
1493 2497 1595 2539 Quod

127 2553 159 2589 si
180 2565 270 2599 quae
294 2553 455 2588 meretrix
478 2552 595 2586 oculos
620 2551 819 2596 cupiditatis
842 2550 887 2585 ad
911 2550 1054 2584 alicuius
1077 2551 1169 2584 bona
1192 2549 1378 2588 adficiens,
1411 2549 1595 2580 consuetu-

129 2599 240 2634 dinem
266 2610 305 2634 ae
339 2600 439 2634 ullam
474 2610 550 2632 cum
586 2609 652 2639 eo,
683 2597 741 2632 vel
765 2596 1035 2632 coniunctionem
1056 2596 1215 2630 habuisse
1249 2594 1444 2632 simularet,
1480 2589 1596 2627 statim

130 2645 243 2680 omnia
265 2645 341 2679 iura
365 2656 407 2679 ac
430 2645 545 2688 leges,
582 2643 680 2679 modo
705 2643 928 2677 Iustinianum
951 2642 1066 2688 turpis
1088 2642 1176 2676 lucri
1201 2640 1331 2676 socium
1355 2636 1595 2675 constitueret,

131 2690 206 2724 eius
236 2701 341 2724 causa
373 2702 515 2725 eversae
547 2690 750 2731 iacuerunt,
786 2689 1039 2733 facultatesque
1072 2699 1187 2722 omnes
1220 2686 1329 2726 illius,
1367 2683 1427 2727 qui
1452 2681 1538 2714 salso
1563 2679 1599 2713 in

131 2737 257 2771 crimen
288 2736 456 2770 adductus
486 2740 582 2778 erat,
612 2736 753 2770 fuerunt
785 2734 819 2769 in
853 2735 928 2769 eius
963 2735 1096 2768 domum
1128 2733 1329 2767 translatae.
1377 2728 1467 2761 Erat
1496 2737 1600 2770 porro

132 2787 201 2816 tam
225 2783 340 2826 largus
361 2782 398 2815 in
421 2783 567 2826 pecunia
590 2781 779 2825 eroganda,
802 2780 854 2815 uti
878 2780 983 2814 multa
1007 2778 1043 2814 et
1067 2779 1250 2823 magnifica
1272 2774 1400 2819 templa
1422 2773 1456 2806 in
1481 2771 1601 2806 ‹liver-

133 2828 181 2862 sis
216 2827 302 2862 locis
334 2833 528 2869 extrueret,
562 2838 787 2872 magnamque
819 2837 972 2861 seorsum
1009 2825 1189 2869 colligeret
1223 2835 1244 2857 a
1277 2821 1348 2855 suis
1381 2818 1600 2864 pecuniarum
