1800 3126
0 330 26 398 ὲῑ

496 139 557 183 JN
589 138 794 182 LIBROS
827 137 946 182 VIII.
1015 137 1092 181 DE
1118 137 1325 182 BELLIS.

229 245 357 327 Vitiggs
372 244 415 280 ad
432 245 618 280 chosroam
634 245 663 290 Ι,
684 246 761 292 156,
785 247 821 282 8.
843 245 891 292 ΙΙ,

183 319 384 382 Lilybaeum
443 335 581 370 Siciliae
626 337 892 382 promontorium

229 383 391 417 Vandalis
407 381 510 417 donat
524 383 757 417 Theodericus
773 384 892 418 ltaliae

227 440 288 464 rex
304 429 331 469 Ι,
348 429 427 469 346,
446 428 499 463 14.
538 428 574 461 id
592 439 612 461 a
627 429 765 463 Gotthis
790 441 892 474 repe-

227 473 272 509 tit
288 473 472 508 Belisarius
488 474 712 508 Vandalorum
733 474 843 508 victor
862 475 891 515 Ι,

226 519 307 562 431,
326 520 377 554 14.
402 531 505 565 super
531 530 573 553 ea
598 531 635 553 re
659 520 832 554 Iustiniani
857 523 891 554 et

227 565 487 600 Amalasunthae
504 565 665 610 epistolae
683 566 726 608 ΙΙ,
741 567 794 608 19,
810 568 842 602 9.

181 611 324 655 Linguis
339 611 484 645 exsectis
502 611 605 645 locuti
623 611 650 653 Ι,
667 611 748 654 345,
762 613 796 647 2.

179 657 281 692 Lissa
296 657 330 691 in
346 657 421 692 sinu
438 657 532 690 ionio
549 657 660 702 posita
683 657 728 698 ΙΙ,
749 659 808 699 37,
834 658 888 691 19.

179 703 368 738 Literarum
386 714 499 736 osores
515 702 650 745 Gotthi,
675 702 747 736 illas
771 703 887 736 virtuti

227 748 364 782 militari
379 748 554 782 adversari
572 748 688 782 dicunt
705 749 749 790 ΙΙ,
766 750 820 791 13,
832 749 887 785 16.

179 793 284 828 Locri
301 794 520 840 Epizephyrij
538 794 584 835 11,
608 795 663 836 80,
679 795 714 829 2.

179 840 409 884 Logotherae,
427 840 527 885 quale
543 850 660 874 munus
676 839 722 882 11,
744 839 823 883 284,
853 840 887 875 5.

226 886 304 930 368,
321 887 355 919 4.

177 930 289 974 Longi
305 930 408 964 muri:
424 931 504 964 vide
519 930 621 964 Muri.

177 976 350 1020 Longinus
379 977 567 1010 Isaurorum
593 976 660 1010 dux
689 976 719 1018 I,
742 978 799 1022 90,
834 979 886 1013 17.

223 1023 287 1056 sub
303 1022 476 1056 moenibus
493 1022 620 1056 Romae
638 1023 786 1058 animose
798 1035 886 1069 pug-

224 1078 309 1102 nans
324 1067 492 1102 occumbit
507 1068 551 1107 11,
572 1069 649 1108 187,
668 1070 700 1103 7.

177 1113 396 1158 Longobardi
414 1126 422 1147 :
451 1115 531 1148 vide
546 1113 773 1157 Langobardi.

175 1159 328 1193 Lucania
343 1160 390 1203 ΙΙ,
412 1160 470 1202 39,
496 1161 530 1194 7.
570 1160 625 1204 79,
643 1161 696 1194 20.
731 1162 810 1203 301,
825 1162 884 1196 21.

223 1205 401 1240 conciliata
414 1205 607 1251 imperatori
625 1206 666 1245 ΙΙ,
684 1207 762 1248 353,
786 1208 820 1241 2.
843 1206 885 1240 ad

222 1251 295 1331 ἓξὲξ
309 1251 486 1330 Ξὶἱῖἰῗῖῗ
501 1261 590 1331 Ρὲἕὲ
594 1262 613 1284 '³
623 1251 640 1331 1¹
644 1251 669 1331 ἶς’
685 1251 812 1332 3ιῖῑῗ.’.ἓ’
824 1251 884 1332 ἐξ

490 1322 498 1337 2
585 1322 595 1338 9
667 1323 675 1331 ·
867 1316 886 1324 “

221 1343 302 1377 bent
319 1343 435 1376 fauces
451 1342 497 1385 ΙΙ,
513 1342 591 1384 395,
611 1343 665 1376 19.

175 1389 289 1423 Lucas
301 1388 434 1422 Ioannis
450 1393 549 1432 pater
567 1389 593 1429 Ι,
611 1389 667 1430 88,
683 1389 737 1423 20.

174 1435 306 1469 Lucina
322 1446 381 1468 cur
396 1434 485 1467 dicta
501 1434 635 1467 Bolosia
653 1434 694 1478 ΙΙ,
720 1435 798 1476 576,
828 1436 882 1470 16.

174 1480 294 1514 Lunae
310 1479 526 1514 incrementis
542 1480 781 1515 accommodati
805 1492 883 1515 aes-

220 1530 274 1560 tus
291 1525 391 1559 maris
410 1527 450 1569 ΙΙ,
467 1526 501 1566 9,
522 1525 576 1560 16.

172 1571 223 1606 Lu
251 1582 301 1612 us,
319 1571 472 1605 machina
497 1570 644 1611 muralis,
676 1571 880 1606 describitur

239 1617 264 1655 Ι,
288 1615 364 1658 104,
381 1619 434 1652 11.
460 1616 558 1660 lupus
582 1617 700 1650 animal
719 1619 880 1652 micantes

216 1663 327 1697 habet
336 1663 370 1696 in
381 1662 530 1696 tenebris
541 1662 657 1696 oculos
670 1662 713 1703 ΙΙ,
734 1665 810 1706 181,
824 1665 878 1698 16.

217 1708 319 1754 pilum
335 1714 454 1749 mutat,
471 1719 536 1741 non
551 1708 718 1751 ingenium
740 1709 781 1751 11,
798 1709 877 1751 556,

218 1755 250 1789 8.
287 1753 402 1799 lupina
432 1753 543 1798 capita
572 1753 699 1787 habere
728 1754 877 1789 creditus

216 1799 367 1834 Pisidiae
382 1799 522 1844 populus
540 1799 583 1835 ll.
602 1799 680 1839 394,
699 1799 753 1834 14.

170 1846 350 1891 Lycaones
360 1845 393 1878 in
406 1844 555 1879 exercitu
566 1845 719 1888 Belisarij
735 1846 764 1887 l,
779 1846 834 1887 96,
845 1846 877 1880 6.

169 1891 419 1937 Lycocranitae
434 1891 467 1924 in
478 1890 604 1924 Pisidia
621 1890 662 1931 ΙΙ,
678 1891 758 1932 394,
777 1892 831 1926 12.

169 1937 315 1982 Lysippi
331 1937 433 1970 multa
449 1937 576 1970 Romae
593 1947 699 1982 opera
722 1937 767 1981 11,
799 1938 878 1980 570,

168 2027 351 2064 Maaddeni
367 2026 531 2060 Saraceni
553 2027 740 2061 Homeritis
757 2032 879 2074 parent

216 2074 246 2116 Ι,
265 2075 342 2115 100,
368 2074 411 2107 14
446 2074 522 2112 106,
542 2074 595 2107 15.

167 2119 376 2154 Macedones
397 2118 574 2152 Seleuciae
597 2123 630 2153 et
648 2118 878 2165 Ctesiphontis

213 2164 404 2199 conditores
423 2165 449 2206 Ι,
465 2165 545 2204 281,
561 2165 595 2199 2.

167 2209 313 2245 Maeotis
325 2210 422 2256 palus
431 2221 506 2244 num
519 2216 624 2244 mater
633 2210 734 2244 Ponti
748 2210 875 2244 Euxini

211 2256 258 2298 II,
282 2255 361 2294 484,
383 2257 439 2289 20.
466 2256 500 2289 ἰιι
523 2268 596 2290 eum
621 2256 799 2296 evolvitur,
816 2267 875 2290 ac-

210 2302 876 2390 {leggoe'ggdlifitliiiii’relkdiliz'dilttlerrdkffffdml}

211 2393 290 2434 309,
311 2394 363 2428 17.
387 2394 509 2427 vadum
525 2394 629 2428 habet
651 2393 695 2436 ΙΙ,
719 2394 798 2436 477,
817 2395 874 2428 11.

209 2438 664 2520 ἓιιῖἓᾞιηῗξὲῗῒῖῗέᾱέἑ
678 2440 791 2520 ι47ιῗὲ
819 2441 874 2520 ²}

705 2511 715 2525 s
801 2510 811 2527 φ
866 2511 874 2520 ·

210 2535 247 2564 et
266 2530 489 2566 vandalorum
506 2531 534 2575 Ι,
549 2532 629 2573 319,
648 2532 679 2566 6.
695 2530 875 2566 Maeotidis

211 2575 350 2610 accolae
372 2576 471 2612 Rom.
497 2577 672 2623 imperium
701 2577 875 2612 incursant

210 2620 256 2664 ΙΙ,
271 2622 351 2663 490,
367 2623 401 2658 8.

163 2664 260 2710 Magi
276 2677 296 2700 u
311 2667 450 2711 regibus
473 2669 653 2703 Persarum
671 2669 813 2703 consulti
842 2669 873 2710 I,

211 2713 266 2754 18,
281 2713 337 2747 22.
354 2714 410 2755 27,
432 2715 488 2749 22.
522 2715 630 2759 ignem
651 2715 871 2749 inextinctum

208 2758 328 2792 fovent
342 2758 371 2799 Ι,
387 2759 464 2798 259,
482 2762 535 2794 17.
552 2771 650 2794 omen
672 2761 812 2806 capiunt
826 2772 870 2795 ex

207 2803 411 2850 impudentia
443 2806 653 2842 meretricum
687 2807 869 2843 Amidena·

1543 138 1642 184 509

982 256 1054 281 rum
1069 245 1098 286 Ι,
1124 245 1181 289 36,
1210 246 1266 281 20.
1291 255 1336 279 ex
1360 243 1488 279 hinnitu
1515 245 1592 291 equi
1611 246 1643 291 Ι,

983 293 1060 334 172,
1079 293 1113 327 8.
1134 303 1178 325 ex
1191 296 1289 336 gestu
1304 291 1450 345 Cabadis
1466 292 1494 334 1,
1513 293 1594 336 211,
1606 294 1642 328 7.

936 337 1400 428 Μὲῗέῗὲἕὲἓξζῗξὲ“ιῗῗ..ζὲὶἶέ
1416 338 1528 416 Ξῗὲιῗ.
1543 383 1571 426 1,
1587 385 1644 424 39,

983 430 1036 464 14.
1061 430 1117 472 61,
1134 431 1168 465 8.
1186 429 1232 473 ΙΙ,
1247 430 1328 471 238,
1347 428 1381 463 5.
1398 429 1475 469 506,
1493 430 1526 463 7.
1553 429 1644 474 apud

981 475 1107 509 Persas
1123 475 1151 516 Ι,
1168 475 1224 514 54,
1240 477 1292 510 10.
1313 478 1349 508 et
1363 474 1450 519 apud
1468 474 1580 508 Lazos
1596 476 1643 518 ΙΙ,

980 520 1059 563 502,
1088 522 1141 555 17.
1181 521 1228 555 Hi
1259 519 1412 565 Magistri
1442 519 1642 555 Officiorum

980 566 1217 601 nominantur:
1255 566 1376 609 Celer,
1399 565 1644 611 HermogeneS,

982 611 1116 646 Petrus.

934 656 1103 699 Magister
1127 658 1265 693 militum
1297 657 1363 692 fuit
1386 657 1587 693 Iustinianus
1611 658 1643 702 Ι,

980 703 1034 744 52,
1056 705 1112 738 21.
1140 705 1196 745 59,
1214 706 1267 739 11.

932 747 1092 791 Magistri
1109 749 1243 783 militum
1270 749 1304 784 in
1326 749 1498 795 praesenti
1524 749 1641 784 Patri-

982 794 1053 828 cius
1070 799 1104 828 et
1127 795 1300 840 Hypatius
1316 796 1343 837 Ι,
1369 797 1425 836 39,
1455 797 1506 830 16.
1537 796 1642 830 Arta-

977 841 1084 874 banes
1100 840 1145 882 ΙΙ,
1161 842 1240 882 406,
1258 842 1309 876 14.
1327 842 1493 875 Svartuas
1508 841 1552 882 11,
1562 842 1642 884 593,

981 887 1034 921 18.
1058 886 1090 919 in
1115 887 1287 931 praesenti
1307 887 1402 921 simul
1420 893 1456 921 et
1480 898 1543 932 per
1573 889 1642 922 Ar-

978 931 1117 974 menias,
1132 933 1240 966 Sittas
1251 933 1277 976 Ι,
1294 934 1350 974 74,
1370 933 1422 967 15.

932 976 1099 1021 Magister
1116 978 1181 1011 mil.
1210 990 1270 1023 per
1286 978 1463 1012 Armenias
1488 978 1639 1012 Ponticis

976 1023 1121 1068 imperat
1144 1024 1189 1068 ΙΙ,
1219 1024 1298 1066 525,
1330 1025 1383 1058 18.
1419 1025 1483 1057 hoc
1515 1025 1640 1059 honore

975 1068 1084 1102 functi
1099 1075 1177 1103 sunt
1199 1070 1318 1112 Sittas,
1334 1070 1546 1111 Valerianus,
1568 1069 1641 1103 Do-

976 1115 1126 1157 rotheus,
1159 1116 1291 1149 Bessas.
1317 1115 1482 1159 Magister
1509 1116 1572 1149 mil.
1605 1115 1640 1149 in

974 1160 1415 1198 PersarmeniffiNabedes:
1452 1161 1486 1194 in
1514 1161 1640 1206 Africa,

977 1205 1148 1248 Salomon,
1167 1208 1369 1250 Germanus,
1382 1207 1534 1251 Sergius,
1553 1211 1641 1240 Are-

976 1251 1128 1293 obindus‚
1145 1253 1348 1297 Artabanes,
1373 1253 1515 1286 Ioannes
1531 1252 1642 1298 Pappi

975 1298 1101 1331 frater:
1118 1298 1151 1332 in
1168 1299 1330 1340 Thracia,
1348 1299 1555 1341 Chilbudius‚
1573 1302 1642 1332 Ar-

975 1344 1127 1387 tabanes,
1173 1345 1384 1379 Germanus:
1418 1345 1451 1377 in
1493 1344 1643 1388 illyrico,

980 1388 1139 1430 Mundus,
1158 1390 1317 1431 vitalius,
1327 1390 1486 1433 lustinus,
1501 1391 1645 1424 loannes

975 1434 1139 1469 vitaliani
1155 1447 1280 1482 nepos:
1310 1436 1343 1469 in
1371 1436 1527 1478 Oriente,
1549 1437 1643 1470 Ana-

974 1481 1087 1521 telius,
1105 1483 1327 1524 Areobindus,
1346 1482 1531 1526 Hypatius,
1549 1482 1644 1515 Beli-

978 1527 1100 1567 sarius,
1117 1527 1230 1562 Buzes
1256 1528 1443 1562 Martinus:
1474 1528 1506 1561 in
1530 1528 1643 1570 Italia,

970 1571 1175 1607 Demetrius.
1204 1573 1363 1618 Magistri
1376 1573 1525 1619 peditum
1536 1574 1639 1607 Ioan-

971 1628 1043 1658 nes,
1059 1618 1261 1652 Domnicus:
1286 1621 1365 1654 vide
1391 1620 1476 1653 haec
1498 1621 1642 1653 nomina

968 1666 1115 1707 propria
1131 1666 1202 1698 suis
1212 1667 1304 1699 locis.
1330 1664 1531 1698 Iustinianus
1549 1665 1640 1698 bifa-

969 1708 1053 1742 riam
1086 1709 1200 1743 divisit
1230 1710 1374 1744 militare
1406 1710 1636 1754 magisterium

967 1754 1106 1788 Africae
1120 1756 1147 1796 Ι,
1165 1756 1242 1796 513,
1265 1758 1306 1791 15
1343 1761 1378 1789 et
1395 1756 1558 1795 Orientis,
1580 1756 1636 1789 in-

967 1803 1021 1832 ter
1041 1801 1234 1835 Belisarium
1250 1806 1285 1835 et
1300 1802 1425 1835 Buzem
1440 1802 1469 1843 Ι,
1491 1803 1568 1843 176,
1584 1805 1638 1836 10.

923 1844 1147 1924 Malgistratus
1169 1848 1260 1892 apud
1276 1847 1398 1882 Persas
1422 1848 1637 1882 haereditarii

990 1916 1000 1932 ,
1017 1892 1073 1934 32,
1096 1893 1148 1927 16.

925 1934 1053 1980 Magna
1068 1938 1219 1972 Graecia
1234 1938 1278 1978 ΙΙ,
1297 1939 1352 1979 80,
1377 1940 1406 1975 1.

925 1981 1112 2025 Magnetici
1144 1984 1272 2028 scopuli
1305 1995 1370 2018 non
1393 1987 1472 2017 sunt
1495 1984 1528 2018 in
1554 1983 1636 2018 mari

969 2028 1107 2074 Rubro,
1128 2035 1166 2063 ut
1182 2030 1274 2064 multi
1287 2030 1489 2074 existimant,
1507 2031 1535 2073 Ι,
1558 2033 1636 2074 101,

923 2118 1069 2163 Magnus
1095 2120 1244 2164 equitum
1262 2121 1329 2155 dux
1354 2121 1388 2155 in
1415 2122 1566 2156 Gotthos
1591 2122 1635 2163 ΙΙ,

966 2166 1022 2206 26,
1042 2166 1094 2200 15.
1120 2166 1291 2212 Neapolin
1306 2172 1415 2202 tentat
1431 2179 1493 2213 per
1509 2179 1637 2212 aquae-

970 2211 1106 2244 ductum
1126 2213 1167 2253 ΙΙ,
1185 2215 1240 2257 50,
1267 2215 1300 2247 2.
1318 2214 1375 2258 51,
1404 2215 1458 2248 13.
1496 2214 1636 2248 Raven-

969 2268 1045 2291 nam
1083 2259 1323 2292 commeatibus
1368 2259 1566 2293 intercludit
1591 2261 1638 2302 ll,

968 2302 1050 2346 460,
1067 2305 1119 2339 17.
1143 2304 1278 2339 Auximi
1303 2305 1461 2340 obsessus
1486 2305 1531 2349 ΙΙ,
1556 2305 1638 2347 321,

924 2393 1137 2430 Maiorianus
1154 2399 1239 2440 Aug.
1266 2395 1320 2430 vir
1337 2396 1497 2430 maximus
1510 2396 1537 2439 Ι,
1554 2395 1635 2438 340,

969 2440 1023 2475 15.
1052 2446 1180 2475 mutato
1197 2441 1314 2475 habitu
1339 2454 1379 2476 ac
1395 2443 1508 2476 fucata
1526 2453 1636 2484 coma,

967 2486 1178 2532 exploratum
1192 2487 1220 2521 it
1235 2488 1385 2522 Gizerici
1405 2488 1495 2521 vires
1511 2487 1538 2529 Ι,
1552 2486 1633 2531 341,

967 2533 999 2567 3.
1024 2532 1220 2578 dysenteria
1237 2534 1378 2567 moritur
1393 2534 1421 2574 Ι,
1447 2532 1526 2572 342,
1543 2533 1579 2567 4.

919 2578 1083 2613 Maiorica
1098 2579 1206 2613 insula
1221 2579 1247 2621 Ι,
1264 2581 1344 2621 312,
1365 2581 1422 2614 11.
1437 2578 1601 2623 recipitur
1612 2589 1633 2613 a

966 2624 1128 2658 Romanis
1147 2626 1175 2665 Ι,
1191 2626 1269 2665 230,
1289 2627 1346 2659 21.

917 2669 1031 2704 Malea
1046 2671 1236 2715 periculosa
1251 2671 1277 2712 Ι,
1294 2671 1372 2711 367,
1396 2670 1431 2703 1.

915 2715 1143 2750 Maleventum
1162 2715 1253 2756 urbs,
1278 2715 1368 2749 dicta
1383 2717 1502 2761 postea
1517 2714 1628 2750 Bene-

960 2766 1096 2795 ventum
1112 2763 1155 2803 ΙΙ,
1174 2763 1226 2796 77.
1241 2762 1273 2795 8.

913 2805 1044 2842 Mamas
1059 2808 1178 2853 Episc.
1194 2806 1351 2842 Darenus
1366 2806 1397 2849 Ι,
1415 2807 1493 2849 138,
1509 2805 1544 2842 4.
