1754 3132
181 132 248 178 56
771 134 1036 177 PROCOPII

184 242 257 285 τὸν
287 241 419 299 ἄνδρα
450 238 801 299 κρεουργησάντων
839 243 1058 297 ἀπολεΐψαι
1092 242 1318 299 βουλομένη
1353 249 1526 298 μνημεῖα
1563 248 1622 303 τῷ

187 307 356 352 ὄπισθεν
371 307 507 367 χρόνῳ
524 307 679 351 ὖπενόει
697 308 806 353 τάδε.
875 310 928 353 τὰ
944 312 1199 363 Δομετιανοῦ
1221 312 1487 365 συλλεξαμένη
1509 311 1620 367 κρέα,

69 386 98 419 P
123 386 167 421 26
191 375 386 427 ’ξυνθεΐσά
404 393 445 418 τε
470 376 575 418 αὐτὰ
594 377 634 425 ἐς
654 376 700 418 τὸ
722 376 882 433 ἀκριβὲς
900 379 964 419 καὶ
984 377 1286 433 ἕναρμοσαμένη
1309 378 1348 426 ἐς
1369 377 1525 433 ἄλληλα
1547 395 1622 420 κα-

185 444 364 499 τέρραψε
385 444 458 497 μὲν
487 443 533 485 τὸ
554 447 674 496 σῶμα
693 441 809 495 ὅλον,
843 450 928 493 τοῖς
949 445 993 486 δὲ
1013 441 1209 493 πλάσταις
1234 443 1483 500 ἔνδειξαμένη
1503 443 1544 487 ἔν
1567 446 1623 486 εἲ-

185 509 271 553 κόνι
298 514 430 566 χαλκῇ
455 510 501 552 τὸ
534 507 672 558 πάθος
693 510 986 564 ἀπομιμεῖσθαι
1006 515 1126 553 τοῦτο
1154 510 1336 553 ἐκέλευεν.
1406 511 1531 565 οἱμὲν
1551 506 1655 556 οὖνὸ

187 585 361 632 τεχνῖται
379 577 454 629 τὴν
476 574 608 618 εἰκόνα
628 576 753 626 εὐθὺς
773 578 944 621 ἐποίουν.
1014 580 1200 630 λαβοῦσα
1227 578 1272 619 δὲ
1301 575 1323 631 ἧ
1343 577 1440 633 γυνὴ
1461 576 1625 632 ἔστησεν

187 644 250 687 Ξπὶ
271 648 345 697 τῆς
363 646 418 692 εἷς
438 643 484 685 τὸ
507 641 752 686 καπετώλιον
779 643 982 701 φερούσης
1009 642 1157 687 ἀνόδου
1179 645 1220 686 ἓν
1244 646 1352 703 δεξιᾷ
1373 645 1415 686 ἐκ
1434 649 1508 699 τῆς
1528 644 1627 700 ἀγο-

190 715 266 767 ρᾶς
296 712 480 752 ἐνταῦθα
510 707 631 762 ἰόντι,
669 708 773 760 εἶδός
802 728 845 753 τε
874 711 922 753 τὸ
951 712 1206 764 Δομετιανοῦ
1233 713 1299 752 καὶ
1323 710 1371 752 τὸ
1394 708 1531 760 πάθος
1551 713 1627 765 δη-

187 782 340 820 λοῦσαν
361 777 400 826 ἔς
417 774 510 819 τόδε
530 781 603 819 τοῦ
623 774 787 833 χρόνου.
857 775 1043 821 εἰκάσειεν
1063 777 1113 820 ι’ίν
1132 794 1192 826 τις
1213 775 1261 820 τό
1281 794 1323 820 τε
1341 776 1440 820 ἄλλο
1458 777 1628 820 Ἰουστι-

187 847 327 886 νιανοῧ
356 847 475 897 σῶμα
505 846 571 886 καὶ
601 844 674 898 τὴν
703 844 798 898 ὄψιν
830 844 956 899 αὐτὴν
978 846 1044 887 καὶ
1063 844 1115 887 τοὶ
1134 849 1207 887 τοῦ
1230 841 1447 902 προσώπου
1466 842 1625 891 ἅπαντα
1639 859 1683 894 10

186 911 273 966 ἤθη
295 912 335 953 ἓν
355 908 484 967 ταύτῃ
506 915 556 967 τῇ
577 909 695 953 εἰκόνι
715 913 923 968 διαφανῶς
942 910 1054 955 εἶναι.

135 981 165 1015 Β
327 978 388 1020 Τὸ
422 979 496 1031 μὲν
526 973 597 1020 οὖν
627 976 732 1027 εἶδος
765 976 947 1027 τοιοῦτός
978 995 1038 1028 τις
1058 973 1132 1032 ἦν·
1167 977 1238 1020 τὸν
1261 978 1306 1020 δὲ
1325 973 1476 1033 τρόπον
1494 977 1535 1028 ἔς
1555 978 1630 1031 μέν

187 1044 234 1087 τὸ
254 1043 416 1100 ἀκριβὲς
438 1043 511 1086 οὐκ
531 1043 579 1086 ἂν
599 1043 812 1101 φράσαιμι.
882 1041 930 1098 ἦν
960 1045 1038 1101 γὰρ
1072 1039 1190 1094 οὗτος
1217 1044 1318 1101 ἀνὴρ
1345 1042 1566 1101 κακοῦργός
1587 1061 1631 1087 τε

187 1113 257 1153 καὶ
289 1109 574 1166 εὐπαράγωγος
584 1144 598 1163 ‚
650 1110 695 1153 ὃν
722 1113 773 1165 δὴ
802 1110 1105 1168 μωροκακοήθη
1134 1116 1345 1163 καλοῦσιν,
1381 1110 1473 1154 οἵτε
1509 1110 1631 1160 αὐτὸς

188 1175 482 1232 ἀληθιζόμενος
497 1184 582 1227 τοῖς
605 1176 910 1233 ἐντυγχάνουσιν
921 1211 934 1231 ,
961 1178 1065 1221 ἀλλὰ
1084 1182 1138 1236 νῷ
1159 1180 1310 1236 δολερῷ
1331 1176 1492 1220 ἅπαντα
1511 1178 1551 1227 ἒς
1570 1177 1630 1220 ἀεὶ
1643 1191 1684 1227 15

191 1246 258 1286 καὶ
277 1243 400 1298 λέγων
422 1246 489 1286 καὶ
516 1242 729 1300 πράττων,
768 1247 834 1287 καὶ
863 1252 947 1295 τοῖς
966 1246 1168 1295 ἐξαπατᾶν
1188 1245 1397 1286 ἐθέλουσιν
1419 1242 1631 1298 ὖποκείμε-

190 1328 258 1360 νος
290 1310 422 1353 οὐδενὶ
453 1309 576 1368 πόνῳ.
647 1313 717 1353 καί
734 1328 793 1361 τις
814 1310 952 1367 ἀήθης
969 1316 1110 1368 κρᾶσις
1132 1312 1174 1355 ἐν
1194 1311 1304 1369 αὐτῷ
1323 1308 1507 1367 ἐπεφύκει
1525 1310 1567 1354 ἔκ
1587 1327 1632 1353 τε

191 1377 332 1426 ἀνοίας
354 1379 418 1422 καὶ
437 1379 708 1434 κακοτροπίας
729 1379 1031 1435 ξυγκεκραιιὲνη.
1101 1380 1168 1420 καὶ
1193 1376 1298 1432 τάχα
1324 1382 1445 1421 τοῦτο
1463 1373 1514 1432 ἦν
1536 1376 1633 1432 ὅπερ

191 1444 232 1487 ἒν
264 1451 350 1493 τοῖς
381 1443 466 1487 ἄνω
488 1442 651 1501 χρόνοις
677 1450 759 1488 τῶν
790 1463 851 1495 τις
878 1447 920 1488 ἔκ
947 1451 1020 1489 τοῦ
1039 1443 1258 1502 περιπάτου
1278 1442 1513 1501 φιλοσόφων
1534 1444 1634 1486 ἀπε-

190 1511 421 1568 φθέγξατο,
461 1510 516 1560 ὥς
537 1513 603 1554 καὶ
622 1512 674 1554 τὰ
692 1511 961 1555 ἐναντιώτατα
983 1514 1023 1556 ἓν
1044 1510 1266 1570 ἀνθρώπου
1289 1510 1405 1568 φύσει
1426 1512 1688 1566 ξυμβαίνειω

72 1588 103 1621 Α
125 1587 169 1623 39
194 1577 291 1622 εἶναι
304 1610 317 1631 ,
356 1577 489 1635 ὥσπερ
516 1579 558 1621 ἐν
584 1583 665 1622 τῶν
681 1577 909 1636 χρωμάτων
926 1584 976 1638 τῇ
992 1580 1107 1634 μίξει.
1172 1578 1315 1636 γράφω
1333 1578 1471 1633 μέντοι
1490 1572 1546 1621 ὧν
1563 1595 1636 1633 μοι

283 1686 316 1721 1.
338 1681 537 1727 ἆπολεῒψαι
561 1685 601 1719 P.
648 1684 851 1728 ἀπαλεῖψαι
874 1686 922 1728 Α,
946 1685 989 1720 de
1012 1697 1077 1731 quo
1100 1685 1206 1720 Alem.
1251 1684 1359 1726 „Cur
1381 1683 1416 1718 in
1439 1683 1498 1718 illa
1520 1686 1635 1719 statua

281 1729 447 1764 lanionum
471 1729 655 1763 Domitiani
679 1731 912 1765 crudelitatem
936 1731 1235 1776 repraesentabat,
1258 1729 1288 1764 si
1311 1740 1383 1763 eam
1406 1739 1546 1774 prorsus
1571 1730 1636 1764 ob-

283 1775 426 1808 literare
453 1779 528 1808 erat
551 1774 706 1809 animus?
754 1776 872 1816 Quare
895 1777 1071 1820 legendum
1095 1786 1216 1808 censeo
1237 1773 1442 1819 οἱπελέγξαι,
1474 1773 1539 1808 nisi
1563 1785 1636 1808 ma-

282 1819 325 1853 lis
349 1817 560 1863 ἆπολεῖψαι.
606 1820 683 1853 Hoc
712 1820 835 1864 placet.
848 1823 871 1841 “
1008 1822 1063 1856 13.
1095 1815 1232 1874 ἦν’-’γὰρ
1255 1839 1301 1845 -
1323 1819 1522 1864 καλοῦσιν]
1551 1819 1636 1852 Sui-

282 1864 344 1898 das
391 1875 420 1897 s.
468 1875 502 1897 v.
548 1863 853 1910 μωροκοικοήθης.
1035 1867 1090 1902 18.
1135 1876 1224 1911 οπερ
1260 1865 1366 1900 Alem.
1413 1861 1523 1909 ὅσπερ
1561 1864 1634 1899 ΑΡ.

285 1910 340 1944 19.
365 1907 593 1954 περιπάτου]
618 1910 840 1955 περιπάτους
862 1910 932 1946 ΑΡ.

193 1998 339 2044 posteris
362 2000 604 2033 monumentum
626 1998 851 2045 relinqueret,
873 2000 938 2034 hoc
959 1997 1177 2043 excogitavit.
1223 1997 1432 2043 Conquisitis
1451 1996 1634 2032 Domitiani

193 2043 314 2077 frustis
338 2048 486 2088 apteque
509 2043 598 2077 inter
621 2054 659 2078 se
683 2046 830 2086 coactis,
863 2045 1134 2089 compactisque,
1163 2043 1214 2078 sic
1236 2044 1326 2077 inum
1348 2043 1384 2076 in
1406 2054 1507 2077 unum
1529 2043 1635 2076 cada-

195 2099 258 2122 ver
282 2092 553 2132 coagmentatum
576 2089 750 2123 statuariis
774 2093 934 2132 ostentat,
958 2093 1063 2133 utque
1085 2101 1126 2123 ex
1150 2099 1230 2123 aere
1252 2088 1379 2122 ducant
1401 2087 1436 2122 id
1458 2091 1638 2132 spectacu-

195 2133 262 2166 lum
286 2133 440 2176 imperat.
485 2133 641 2167 Statuam
664 2133 754 2168 illico
778 2135 900 2168 fudere
933 2134 1107 2175 artifice83
1140 2145 1238 2178 quam
1270 2133 1330 2167 ilia
1353 2132 1397 2167 ad
1420 2132 1542 2167 clivum
1565 2136 1638 2165 sta-

195 2178 262 2211 tuit
295 2177 547 2222 Capitolinum,
580 2179 792 2213 dextrorsum
816 2190 857 2213 ex
879 2180 954 2213 foro
978 2179 1153 2219 euntibus3
1186 2190 1227 2212 ea
1249 2189 1332 2212 vero
1361 2177 1405 2211 ad
1428 2178 1514 2211 hanc
1543 2181 1638 2210 aeta-

195 2224 262 2255 tem
295 2221 477 2255 Domitiani
502 2227 537 2256 et
559 2223 684 2256 vultum
708 2228 743 2258 et
764 2225 932 2258 fortunam
960 2225 1078 2258 refert.
1126 2223 1192 2257 Est
1222 2223 1256 2256 in
1287 2223 1351 2256 hac
1382 2222 1527 2266 imagine
1555 2231 1636 2266 per-

194 2266 313 2310 spicue
336 2267 559 2312 contemplari
581 2268 759 2302 Iustiniani
792 2269 944 2314 corporis
977 2269 1128 2303 habitum
1159 2273 1195 2303 et
1226 2267 1295 2302 oris
1329 2267 1478 2311 effigiem
1509 2277 1549 2301 ac
1579 2277 1637 2300 re-

193 2311 278 2355 liqui
302 2312 414 2345 vultus
436 2312 614 2347 simulacra
642 2324 840 2359 sensusque.

285 2356 428 2400 Species
459 2357 592 2401 quidem
626 2358 710 2392 haec
732 2359 918 2393 Iustiniano
941 2358 1025 2399 fuit,
1056 2358 1115 2403 qui
1137 2360 1247 2392 autem
1271 2356 1378 2391 eidem
1401 2365 1528 2396 mores,
1558 2355 1636 2388 fru-

195 2402 268 2434 stra
291 2401 402 2441 nitar‚
427 2399 457 2433 si
480 2402 594 2435 dicere
617 2403 715 2437 velim
740 2404 918 2447 exquisite.
966 2404 1053 2437 Erat
1079 2403 1134 2437 hic
1156 2404 1252 2437 homo
1276 2401 1372 2435 iuxta
1402 2400 1567 2443 malignus
1599 2402 1636 2433 et

196 2445 345 2490 deceptu
385 2445 516 2487 facilis3
570 2448 751 2482 cuiusmodi
790 2449 958 2493 ingenium
997 2449 1125 2482 fatuum
1165 2457 1373 2493 pravumque
1417 2445 1634 2490 appellamus.

193 2490 284 2525 Nam
309 2490 514 2524 adeuntibus
538 2492 647 2526 omnia
670 2497 780 2527 mente
803 2494 909 2534 maia,
932 2493 1014 2527 nihil
1037 2497 1095 2527 aut
1118 2504 1175 2533 re,
1199 2490 1393 2529 autverbis
1418 2490 1636 2534 praeferebat

194 2534 292 2575 νοτὶς
330 2534 406 2579 ipse
439 2535 654 2570 nihilominus
684 2538 862 2573 fraudibus
895 2539 1020 2583 passim
1053 2537 1195 2572 omnium
1225 2535 1410 2580 expositus.
1466 2533 1636 2568 Insolente

195 2580 260 2613 hoc
283 2579 397 2614 fatuae
422 2580 644 2624 perditaeque
668 2583 786 2617 mentis
810 2586 1072 2627 temperamento
1095 2582 1125 2615 is
1148 2592 1231 2615 sane
1253 2580 1330 2614 fuit.
1376 2578 1540 2614 Nimirum
1570 2579 1636 2612 hoc

194 2623 277 2657 iliud
298 2628 371 2667 est,
395 2625 486 2669 quod
509 2626 621 2660 nescio
647 2627 722 2671 quis
745 2627 1049 2672 Peripateticorum
1073 2627 1148 2661 olim
1172 2625 1373 2665 affirmavit,
1395 2623 1495 2658 sicuti
1518 2623 1554 2656 in
1576 2633 1637 2656 co-

194 2668 302 2702 lorum
325 2668 508 2713 temperie,
531 2669 580 2704 ita
601 2676 635 2705 et
660 2671 824 2706 hominum
849 2677 970 2706 natura
993 2674 1219 2716 comparatum
1244 2681 1341 2711 esse,
1364 2674 1402 2703 ut
1423 2668 1459 2703 in
1481 2667 1636 2712 utrisque

194 2713 334 2748 maxime
358 2714 527 2750 contraria
552 2716 766 2752 conveniant.
801 2717 852 2752 Ut
873 2717 979 2761 igitur
1001 2717 1145 2752 scribam
1169 2726 1256 2762 quae
1280 2715 1419 2761 penitus
1441 2713 1635 2748 discernere
