1800 3126
317 543 744 618 NICOLAI
810 538 1366 611 ALEMANNI

809 678 874 714 IN

117 769 863 834 HISTORIAM
951 766 1574 827 ARCANAM

563 898 604 946 P
637 897 687 946 R
722 895 770 945 Ο
808 894 849 944 C
887 892 935 943 Ο
970 894 1010 941 Ρ
1045 893 1071 942 I
1103 892 1129 941 I

446 1013 698 1053 NOTAE
747 1008 1244 1049 ulsTORmAE.

735 1162 952 1171 —————-

119 1309 166 1346 P.
189 1309 230 1349 7.
286 1281 511 1350 Pnocorn
539 1305 856 1356 CArsAmmffls]
886 1302 1023 1342 Doctis
1044 1303 1128 1341 fere
1148 1301 1332 1340 omnibus
1350 1300 1462 1338 nulla
1475 1300 1576 1337 Pro-
1599 1304 1630 1338 A
1655 1304 1673 1338 1

121 1365 280 1416 copium
298 1365 374 1402 alia
399 1371 539 1402 notum
557 1377 599 1401 re
621 1362 737 1401 video
750 1391 761 1413 ,
791 1362 870 1399 nisi
892 1360 1216 1408 Commentariis,
1247 1359 1391 1411 quibus
1408 1358 1577 1394 immor-
1599 1351 1628 1384 P
1653 1350 1698 1407 {39

120 1423 201 1459 tale
220 1421 295 1459 sibi
310 1434 458 1459 nomen
477 1421 731 1472 comparavit.
775 1421 840 1456 Ex
857 1431 936 1470 qua
953 1431 1046 1456 vero
1064 1418 1114 1455 sit
1133 1423 1241 1454 ortus
1258 1417 1398 1467 patria,
1420 1412 1579 1466 quando
1601 1396 1635 1430 V
1659 1394 1724 1430 34¹

121 1478 503 1529 Constantinopolim
529 1478 703 1526 venerit,
733 1482 777 1513 ut
809 1476 961 1513 Iustino
998 1487 1044 1511 ac
1074 1474 1291 1512 Iustiniano
1323 1471 1433 1509 domi
1464 1477 1582 1522 atque

120 1534 286 1571 militiae
314 1535 468 1572 navarit
497 1547 678 1586 operam,
707 1533 750 1569 iu
777 1531 964 1580 Perside,
995 1532 1036 1567 in
1055 1531 1211 1578 Africa,
1241 1531 1283 1567 in
1313 1530 1450 1575 Italia,
1481 1539 1583 1579 quae

124 1603 216 1627 cum
239 1589 430 1627 Belisario
456 1592 641 1639 gesserit,
672 1589 816 1640 quibus
848 1587 1066 1626 honoribus
1090 1594 1249 1636 auctus,
1280 1599 1359 1638 qua
1390 1584 1583 1634 dignitate

122 1646 306 1698 Byzantii
334 1646 492 1683 functus
523 1646 594 1693 sit,
631 1658 705 1682 nos
737 1644 914 1684 diximus
945 1659 1037 1682 cum
1069 1643 1118 1682 de
1149 1643 1227 1682 hoc
1255 1644 1357 1680 libro
1391 1640 1587 1679 iudicium

124 1704 304 1740 tulimus.
359 1702 486 1739 Multa
506 1702 627 1738 etiam
646 1700 698 1738 ad
722 1701 913 1738 lectorem
932 1702 1102 1751 praefati
1122 1712 1260 1736 suiuus
1282 1698 1331 1735 de
1353 1699 1437 1735 eius
1456 1695 1587 1734 histo-

125 1761 208 1797 riae
233 1757 331 1808 fide,
362 1757 412 1795 de
435 1758 614 1795 libertate
635 1755 812 1805 dicendi,
844 1755 892 1794 de
922 1769 1085 1807 genere,
1114 1756 1320 1807 formaque
1347 1755 1586 1805 scriptionis,

127 1815 178 1854 de
213 1816 322 1854 illius
351 1815 543 1852 librorum
577 1812 736 1861 ordine,
768 1825 956 1863 numero,
989 1813 1179 1864 variaque
1207 1812 1395 1859 fortuna3
1434 1811 1588 1862 reliqua

127 1873 296 1924 sparsim
316 1873 358 1909 in
385 1870 448 1909 his
470 1872 596 1919 notis,
626 1883 678 1908 ex
705 1871 925 1908 occasione.
982 1867 1047 1907 Ad
1064 1869 1247 1920 Procopii
1272 1880 1421 1905 nomen
1449 1874 1487 1904 et
1514 1879 1590 1917 pa·-

128 1931 246 1968 triam
272 1930 315 1966 in
348 1928 440 1966 libri
475 1928 589 1966 titulo
616 1925 761 1966 Suidas
789 1928 888 1978 legit
916 1922 1197 1979 Ἰλλουστρίου,
1226 1925 1324 1963 Vnu
1352 1935 1590 1971 nursi-ius,

130 1999 209 2039 quo
229 1987 357 2037 primo
377 1985 454 2022 fuit
471 1982 620 2022 honore
641 1983 846 2022 decoratus
874 1996 898 2020 a
925 1984 1146 2020 Iustiniano
1174 1983 1426 2033 imperatore.
1482 1981 1591 2018 Eva-

129 2043 258 2095 grius‚
283 2040 474 2093 Agathias
503 2048 542 2079 et
570 2039 735 2079 Photius
761 2039 913 2078 addunt
937 2036 1138 2092 Ῥήτορος,
1177 2040 1416 2086 CAusm1c13
1457 2049 1591 2089 neque

131 2100 240 2137 enim
265 2098 526 2147 medicinam,
554 2104 599 2135 ut
626 2096 805 2136 Blondus
839 2104 878 2134 et
905 2097 1126 2135 Sabellicus
1154 2094 1340 2144 credunt,
1371 2093 1442 2133 sed
1470 2094 1591 2131 iuris-

130 2154 382 2208 prudentiam
406 2155 628 2207 professum
648 2155 771 2192 fuisse
791 2155 1030 2205 Procopium
1054 2160 1301 2204 compertum
1327 2158 1409 2200 est3
1440 2163 1493 2188 ex
1521 2164 1593 2188 eo-

133 2226 211 2265 que
231 2211 369 2250 ordine
380 2209 623 2264 Σύμβουλοι,
646 2209 899 2262 Consiliarii,
922 2217 962 2248 et
973 2205 1187 2264 Πᾶρεδροι,
1209 2209 1453 2258 Ass-sessores,
1475 2220 1594 2244 exer-

134 2271 234 2307 citus
258 2269 442 2317 ducibus,
473 2269 719 2320 summisque
745 2268 1040 2319 magistratibus
1067 2267 1284 2314 dabantur3
1315 2279 1436 2318 quem
1457 2265 1593 2302 locum

135 2325 242 2378 apud
261 2326 499 2364 Belisarium
524 2326 697 2363 tenuisse
724 2338 767 2363 se
791 2325 1006 2375 Procopius
1033 2324 1217 2362 affirmat.
1274 2323 1390 2360 Alius
1417 2327 1475 2360 est
1494 2323 1595 2358 Pro-

136 2383 272 2433 copius
293 2381 479 2434 Sophista
502 2383 700 2430 Gazaeus,
731 2394 852 2434 quem
868 2380 1048 2419 eiusdem
1064 2381 1215 2432 patriae
1242 2393 1335 2418 cum
1353 2385 1486 2416 nostro
1502 2376 1594 2414 ideo
1618 2380 1649 2416 A
1672 2383 1696 2416 2

136 2437 301 2476 Photius
320 2437 435 2488 dixit,
466 2437 574 2491 quod
595 2439 700 2476 Gaza
717 2445 756 2476 et
774 2439 965 2476 Caesarea
979 2466 990 2487 ,
1016 2450 1138 2490 quam
1159 2438 1256 2475 olim
1275 2436 1469 2475 Stratonis
1490 2435 1601 2472 Tur-

141 2495 217 2531 rim
237 2496 506 2546 appellarunt,
534 2496 576 2533 in
592 2496 817 2533 Palaestina
845 2495 936 2533 sint.
992 2496 1168 2547 Uterque
1190 2494 1262 2532 sub
1282 2493 1501 2531 Iustiniano
1525 2491 1601 2526 flo-

143 2551 233 2588 ruit.
289 2553 403 2590 Alius
433 2559 491 2591 est
510 2554 724 2604 Procopius
744 2550 955 2603 Sophista,
981 2552 1094 2590 cuius
1120 2557 1260 2590 extant
1286 2547 1500 2602 epistolae,
1530 2544 1603 2584 sed

144 2606 449 2648 declamationes
473 2607 604 2647 adhuc
623 2609 796 2646 ineditae
816 2616 923 2647 sunt.

256 2664 430 2702 Ant-,AM
457 2667 674 2717 msronu]
709 2666 776 2704 Sic
796 2664 917 2704 modo
935 2665 1058 2703 velim
1079 2663 1248 2716 accipias
1266 2658 1490 2708 Ἇνὲκδοτα,
1519 2658 1604 2696 sive

145 2715 359 2767 οἶν-ἔκδοτος
391 2719 563 2773 ἱστορία,
593 2735 713 2774 quam
740 2723 891 2760 scilicet
922 2723 963 2760 in
994 2721 1242 2759 abditissimo
1273 2720 1359 2755 loco
1390 2716 1606 2766 Procopius

128 2775 391 2826 ·reco11did·1t,
421 2789 549 2831 neque
566 2785 609 2817 ut
626 2781 801 2831 reliquos
823 2779 944 2818 libros
971 2777 1174 2827 ἐξέδωκεν,
1205 2774 1426 2826 evulgavit.
1480 2769 1608 2813 Ἀνέκ-
1630 2778 1658 2813 Ρ
1681 2780 1727 2814 90
