1800 3126
560 146 750 191 NOTAE
782 145 1076 190 ALEMANNI.
1336 153 1338 155 ’
1454 146 1517 194 43
1528 149 1552 195 1

92 259 158 301 Ad
184 272 269 300 rem
294 255 428 296 modo.
488 254 626 311 Βροιᾶ,
659 255 708 295 de
739 270 817 310 quo
843 256 1121 296 Constantinus
1140 254 1336 308 Porphyr.
1367 255 1416 295 de
1443 258 1551 298 adm.

92 321 232 370 imper.
262 329 296 353 c.
326 316 393 356 51.
455 314 614 366 Πηγαὶ,
646 316 802 364 fontes,
842 327 961 366 quem
990 315 1123 351 locum
1152 315 1306 364 primus
1344 319 1552 354 exornavit

91 374 355 419 lastinianusg
396 370 582 409 describit
618 373 835 423 Procopius
875 372 958 412 1.1
999 370 1118 407 aedis.
1175 366 1310 422 Ἠρία,
1353 373 1552 422 sepulcra,

94 429 144 469 de
166 429 310 482 quibus
337 430 482 466 statim.
541 428 599 466 Ob
627 430 730 466 aeris
751 428 1037 476 salubritatem,
1066 428 1286 476 Heraclius,
1315 434 1359 465 ut
1383 430 1437 466 ait
1458 430 1554 467 Sui-

93 485 186 534 daS,
220 480 463 537 πειθομενος
493 480 722 525 οἷποθανεῖν
751 485 793 526 ἐν
822 489 904 532 τοῖς
937 485 994 532 εἰς
1021 481 1069 524 τὰ
1099 479 1211 536 Ἠρία
1240 485 1446 534 παλατίοις
1475 486 1552 527 διέ-
1577 491 1607 523 Α
1630 491 1676 524 80

91 544 220 595 ςριβες
249 543 403 579 instare
431 541 512 578 sibi
537 549 701 578 mortem
730 539 904 579 audiens
931 543 973 579 in
994 542 1166 579 Erianis
1184 541 1361 591 palatiis
1389 557 1429 580 se
1458 557 1555 581 con-

92 601 230 638 tinuit.
296 599 424 649 Saepe
465 596 758 636 chalcedonem
801 599 1042 635 lastinianus
1090 605 1129 635 et
1166 596 1380 636 Theodora
1429 602 1553 637 animi

90 669 208 694 causa
237 661 502 702 secesserunt,
535 662 580 692 ut
610 668 663 692 ex
691 655 910 706 rescriptis,
942 656 1082 706 primis
1111 655 1270 706 imperii
1299 657 1412 694 annis
1440 656 1551 694 indi-

90 711 184 750 dem
221 710 344 760 datis,
385 704 568 762 colligere
606 719 678 749 est.
735 713 912 762 Longius
943 725 1036 749 vero
1075 712 1123 748 ab
1163 712 1260 749 urbe
1289 714 1396 763 regia
1425 715 1552 752 semel

87 767 304 808 Theodora
347 766 523 819 digressa
567 775 627 806 est
677 767 729 806 ad
772 767 970 807 Thermas
1013 766 1193 819 Pythias.
1266 767 1549 821 Theophanes,

87 823 216 893 τούτῳ
256 827 314 880 τῷ
346 823 421 864 ἔτει
452 822 641 878 Θεοδῶρα
676 841 703 876 η
744 821 1002 877 ευσεβεστατη
1030 821 1246 877 Αιῖγούστα
1286 825 1455 877 ἐξῆλθεν
1495 828 1552 876 εἰς

87 878 136 922 τοὶ
174 866 307 934 θερμοὶ
343 883 423 920 τῶν
452 883 626 921 Πυθίων
654 884 878 934 θερμῆσαι,
917 881 986 921 καὶ
1024 881 1268 933 συνεξῆλθεν
1308 879 1410 938 αὐτῇ
1450 881 1474 923 0'
1509 900 1551 925 τε

84 939 291 992 πατρίκιος
319 939 471 1004 Μῃνοῖς
507 953 528 978 ο
569 937 756 988 ἔπαρχος,
791 937 860 978 καὶ
895 953 915 978 ο
955 938 1159 990 πατρίκιος
1195 934 1326 986 Ἠλίας
1364 939 1389 980 ὁ
1419 936 1548 992 κόμης

86 1009 169 1035 των
196 990 484 1061 λαργιτιοὶνων,
514 993 582 1033 καὶ
613 991 725 1034 ὄίλλοι
748 995 971 1046 πατρίκιοι,
999 993 1066 1034 καὶ
1088 991 1449 1048 Κουβικουλαριοι,
1478 998 1547 1038 καὶ

85 1063 286 1104 σατραπαι
311 1045 484 1101 χιλιαὸες
511 1049 717 1102 τέσσαρες,
755 1050 820 1090 καὶ
857 1049 982 1091 πολλα
1020 1051 1225 1103 ἐχαρίσατο
1254 1056 1339 1099 ταῖς
1368 1053 1547 1104 ἐκκλησί-

85 1122 162 1157 αις,
189 1106 258 1148 καὶ
284 1106 500 1158 πτωχείοις,
530 1106 597 1147 καὶ
627 1108 919 1173 μοναστηρίοις.
976 1109 1069 1146 Hoc
1099 1122 1220 1158 αηιιο,
1249 1123 1385 1160 nempe
1415 1110 1545 1147 Iusta?-

83 1165 202 1203 m'am'
228 1170 349 1210 sexto,
386 1162 590 1201 Theodora
611 1165 804 1215 piissima
827 1165 1027 1216 Augusta
1055 1179 1213 1216 egressa
1242 1172 1299 1202 esc
1329 1165 1388 1203 ad
1422 1167 1546 1204 waer-

85 1234 175 1258 mae
211 1219 453 1271 Rythiorum
489 1220 755 1271 calqshclendi
793 1235 835 1258 se
872 1235 1025 1271 causa3
1066 1235 1191 1271 qaam
1228 1223 1411 1260 comitati
1448 1232 1546 1262 sunt

82 1278 226 1316 Menas
249 1278 453 1327 patricius
481 1284 517 1314 et
538 1279 769 1328 praefectus
791 1280 1007 1328 praetorio,
1036 1279 1158 1315 Elia-9
1183 1281 1388 1329 patricius
1415 1288 1451 1317 et
1481 1296 1548 1319 co-

82 1347 165 1371 meo
191 1334 475 1385 largitionum,
503 1334 659 1385 aliique
680 1336 862 1386 patricii,
897 1334 1169 1384 Cubicularii,
1200 1342 1236 1372 et
1260 1343 1473 1388 satrapae3
1503 1341 1548 1375 m

48 1420 52 1426 ,
83 1391 281 1429 comitatu
312 1404 400 1428 vero
416 1391 595 1440 fuerunt
613 1391 704 1441 fire
723 1398 900 1443 quatuor
925 1392 1059 1429 millia
1087 1392 1307 1443 hominum,
1339 1395 1548 1446 multaque

84 1445 191 1485 dona
219 1447 376 1497 largita
403 1454 460 1484 est
489 1447 676 1498 ecclesii-9,
698 1447 892 1499 ptochiis,
923 1456 960 1486 et
987 1450 1268 1497 monasteriis,
1298 1451 1450 1488 scilicet
1480 1465 1546 1488 re-

85 1502 333 1556 cuperandae
362 1506 540 1542 sanitatis
570 1517 677 1555 ergo.

193 1562 240 1598 P.
266 1558 333 1609 95,
363 1562 428 1600 16.
484 1563 728 1598 Praesertim
758 1562 801 1598 in
829 1562 1038 1600 Heraeum
1067 1560 1283 1613 secedebat]
1329 1564 1546 1629 Procopius

83 1618 142 1654 nti
177 1617 319 1654 maluit
347 1618 476 1668 prisco
507 1620 591 1655 eius
620 1619 699 1656 loci
726 1620 888 1656 nomine
916 1617 1098 1670 Ἡραῖον,
1129 1620 1354 1669 Heraeam,
1394 1623 1435 1656 in
1468 1635 1547 1672 qno

69 1669 211 1726 ”Ηρας,
241 1672 284 1710 id
314 1680 385 1721 est,
416 1673 582 1712 lunonis
609 1673 788 1726 phanum
819 1676 916 1713 olim
945 1676 1087 1712 fuerat.
1145 1677 1246 1712 Nam
1276 1677 1356 1724 alii,
1387 1683 1431 1713 ut
1453 1678 1551 1714 Sui-

84 1728 168 1778 das,
200 1736 239 1766 et
267 1728 468 1767 Cedrenus
497 1727 602 1782 ἠρία,
632 1730 708 1769 hoc
738 1739 809 1779 est,
841 1733 1038 1782 sepulcra,
1070 1731 1190 1784 quod,
1221 1740 1264 1770 ut
1293 1734 1335 1769 in
1365 1736 1550 1785 πατρίοις

83 1787 162 1824 GP.
191 1786 387 1837 legimuS‚
426 1783 470 1825 τὸ
499 1783 621 1826 παλαι
659 1786 742 1827 ἐκεῖ
776 1784 1000 1828 ἐθαπτοντο
1041 1789 1083 1827 οἱ
1117 1792 1286 1829 πολῖται.
1350 1791 1460 1827 Olim
1489 1791 1550 1828 tbi

82 1844 237 1880 civium
255 1849 512 1880 monumenta
532 1845 597 1892 fot
608 1851 683 1883 ent
741 1845 822 1880 Alii
853 1845 1009 1896 ἱερεῖον,
1041 1851 1078 1881 et
1109 1844 1241 1897 ἱέρεια.
1301 1847 1428 1892 Quare
1457 1848 1549 1883 Ma-

81 1900 217 1937 ximus
245 1898 470 1947 Planudes,
499 1900 564 1936 vel
595 1901 774 1952 quisquis
805 1901 861 1947 εἰς
895 1916 970 1951 την
1001 1899 1157 1940 εἴσοδον
1186 1904 1258 1952 τῆς
1285 1901 1460 1953 Ιερείας,
1500 1905 1544 1940 ἰη

81 1957 309 2007 ingres-sum
335 1957 507 1993 Hieriae
534 1957 697 1993 titulum
725 1957 820 1993 fecit
850 1958 1138 2007 epigrammati,
1170 1957 1277 2008 quod
1301 1960 1543 1997 lastinianus

81 2011 334 2064 inscripserat
363 2014 482 2063 regiis
511 2012 709 2050 aedibus
699 2027 740 2049 ιιι
765 2014 918 2050 Heraeo
947 2026 970 2050 a
999 2027 1042 2050 se
1072 2018 1320 2052 constructis.

500 2069 576 2116 Εἰς
602 2085 677 2121 την
707 2069 864 2109 εἴσοδον
894 2071 964 2120 τῆς
989 2067 1153 2122 Ἶερείας.

304 2126 457 2165 Τοῦτον
482 2121 755 2173 Ἰουστινιανός
785 2121 955 2178 ἀγακλέα
984 2126 1141 2176 δείματο
1170 2128 1303 2179 χῶρον

365 2177 509 2222 ”Υὸατι
537 2181 606 2222 καὶ
636 2183 730 2236 γαίῃ
760 2179 902 2230 καλλος
930 2178 1208 2234 ἐπικρεμασας.

81 2235 248 2274 loannes
279 2236 483 2276 Brodaeus
514 2239 543 2276 l.
575 2238 601 2279 4
630 2241 692 2276 An
695 2238 896 2289 tliologiae
927 2238 977 2276 ad
1007 2238 1084 2277 hoc
1115 2241 1359 2291 epigramma
1384 2237 1544 2292 Ἱέρειαυ

83 2289 228 2330 dictam
256 2293 357 2331 falso
388 2294 554 2332 credidit
584 2295 725 2333 aedem
753 2296 802 2332 D.
808 2268 886 2332 M.
917 2298 1015 2346 virg.
1046 2309 1069 2333 a
1099 2297 1318 2334 Iustiniano
1348 2299 1543 2335 constitu-

81 2353 176 2387 tam.
234 2349 403 2388 Sanctus
438 2351 684 2404 Nicephorus
722 2353 1179 2404 Constantinopolitanus
1215 2355 1258 2390 in
1293 2351 1388 2391 hist.
1430 2350 1543 2405 ηὐλί-

80 2404 163 2452 ζετο
191 2404 234 2446 ἐν
262 2409 320 2461 τῷ
346 2409 522 2462 παλατίῳ
545 2412 599 2462 τῷ
627 2407 859 2463 καλουμένῳ
888 2411 959 2460 τῆς
984 2408 1151 2462 Ἱερείας,
1181 2411 1224 2447 in
1237 2411 1402 2462 palatio
1430 2410 1545 2462 quod

80 2461 246 2499 Hieriae
281 2447 437 2501 dicitur
475 2467 639 2504 mansit.
708 2465 952 2503 Sozomenus
991 2467 1020 2504 l.
1051 2469 1076 2507 7
1118 2480 1151 2504 c.
1189 2466 1214 2507 5
1254 2465 1543 2518 Demophilum

80 2516 318 2570 Episcopum
343 2523 540 2559 Arianum
580 2535 602 2559 a
631 2520 861 2560 Theodosio
901 2522 998 2560 urbe
1039 2525 1255 2575 expulstun
1296 2523 1348 2560 ad
1384 2523 1545 2575 Ἶέρειαν

83 2585 175 2611 cum
207 2576 286 2612 suis
325 2580 533 2616 secessisse
573 2586 717 2616 narrat.
778 2580 893 2615 Hunc
921 2579 1079 2627 locum,
1119 2582 1162 2617 in
1193 2593 1272 2632 quo
1303 2582 1389 2618 sine
1416 2581 1543 2618 iuter—

83 2629 338 2679 penatoribus
365 2635 607 2672 lastinianus
638 2648 683 2672 ac
705 2633 920 2673 Theodora
949 2649 990 2674 se
1021 2637 1275 2686 oblectarent,
1305 2643 1364 2674 tot
1393 2638 1543 2675 instru—

81 2693 230 2724 xerunt
257 2686 419 2739 deliciis,
450 2699 493 2728 ut
521 2694 650 2743 poetis
680 2694 800 2729 etiam
829 2693 939 2729 illius
974 2693 1200 2731 celebrandi
1228 2707 1387 2731 causam
1418 2693 1543 2731 dede-

82 2742 174 2779 riut-
230 2744 378 2782 Extant
416 2750 635 2786 etiamnum
663 2749 778 2785 Pauli
809 2749 1048 2798 Silentiarii,
1081 2757 1120 2788 et
1147 2748 1345 2801 Agathiae
1368 2749 1538 2789 Schola-

81 2799 170 2837 stici
205 2799 399 2841 nobilium
435 2806 519 2845 eius
561 2807 698 2845 aetatis
734 2810 943 2857 poetarum
981 2809 1266 2860 epigraimnata
1291 2806 1333 2848 4.
1369 2806 1534 2846 Anthol.
