1800 3126
600 113 789 157 NOTAE
825 112 1120 172 ALEMANM.
1149 172 1151 174 ¹
1332 90 1334 92 ’
1488 114 1585 161 389

130 236 225 262 nem
250 229 451 262 maternae
471 222 662 271 iniuriae,
701 230 739 261 et
766 222 944 262 nubendi
973 224 1131 262 licentia
1160 223 1235 262 sibi
1264 221 1582 270 condonantem:

129 282 246 321 istam
274 292 430 332 quoque
467 294 584 331 posse
624 282 710 317 sine
748 288 858 318 metu
887 282 1063 332 priorum
1090 282 1226 332 legum
1256 281 1298 317 in
1327 283 1580 320 matrimonio

126 337 207 374 illis
236 337 434 387 copulari,
474 339 543 389 qui
579 335 732 374 dudum
761 339 937 374 scenicae
966 337 1091 374 filiam
1119 350 1287 375 uxorem
1313 336 1455 375 ducere
1483 352 1580 390 pro-

123 389 346 430 hibeantur.
403 395 489 430 Imo
519 394 640 430 etiam
668 392 770 430 illud
794 393 1080 431 removendum
1107 407 1191 432 esse
1222 407 1440 442 censemus,
1473 394 1581 446 quod

122 449 166 486 in
191 450 331 500 priscis
359 450 514 500 legibus
554 449 665 501 (licet
694 449 915 499 obscurius)
955 452 1212 488 constitutum
1248 458 1326 499 est,
1366 458 1410 488 ut
1437 452 1580 488 matri-

120 506 256 543 monia
286 507 390 542 inter
416 507 588 557 impares
616 505 823 544 honestate
851 519 1042 557 personas
1072 505 1361 556 contrahenda,
1390 521 1470 545 non
1501 509 1579 544 ali-

118 567 180 598 ter
208 560 370 613 quidem
397 563 579 610 valeant,
622 564 700 599 nisi
733 561 879 599 dotalia
917 564 1179 600 instrumenta
1209 564 1386 602 confecta
1414 564 1576 601 fuerInt.

118 618 190 655 His
220 631 312 655 vero
344 620 463 655 etiam
491 632 571 656 non
600 617 950 666 intercedentibus,
983 618 1211 657 omnimodo
1242 621 1354 657 firma
1383 622 1461 658 sint
1490 622 1576 658 sine

117 674 252 725 aliqua
282 673 532 712 distinctione
565 688 844 726 personarnm3
887 677 921 712 si
949 675 1070 714 modo
1099 677 1247 714 liberae
1277 679 1355 714 sint
1384 684 1423 714 et
1460 678 1577 728 inge-

115 742 271 780 genuae
299 731 508 779 mulieres,
537 732 726 783 nullaque
754 732 1016 780 nefariarum,
1047 733 1111 769 vel
1143 735 1382 770 incestarum
1410 735 1576 771 coniun-

116 787 294 824 ctionum
323 788 470 825 suberit
499 790 694 839 suspicio:
723 801 818 825 nam
846 788 1019 826 nefarios
1049 795 1087 825 et
1106 789 1276 826 incestos
1297 792 1421 827 coitus
1442 791 1575 827 omni-

112 842 188 880 bus
217 842 345 882 modis
381 851 655 895 amputamus,
685 845 786 882 sicut
816 851 853 881 et
882 845 973 882 illos
1009 846 1077 896 qui
1105 847 1405 896 praeteritarum
1434 847 1572 896 legan

112 901 317 937 sanctione
353 901 576 951 specialiter
614 901 726 937 vetiti
765 908 883 938 sunt:
920 903 1096 952 exceptis
1134 901 1317 939 videlicet
1359 903 1430 950 iis,
1473 916 1571 954 quos

107 957 307 1006 praesenti
334 956 423 1007 lege
452 957 731 1008 permittimus,
760 958 1008 1009 legitimique
1038 958 1282 996 matrimonii
1310 959 1395 995 iure
1421 959 1571 996 muniri

104 1013 385 1063 praecipimus.
444 1014 516 1050 His
554 1014 688 1065 itaque
723 1027 795 1065 per
829 1012 931 1050 hanc
969 1015 1198 1064 generalem
1228 1015 1360 1065 legem
1390 1016 1444 1051 ita
1475 1028 1571 1052 con-

105 1069 264 1116 stitutis,
295 1075 335 1106 et
357 1068 406 1106 de
437 1075 589 1107 caetero
621 1069 912 1118 conservandis,
942 1071 1174 1122 praeteritas
1197 1073 1317 1108 etiam
1335 1069 1569 1108 huiusmodi

103 1125 399 1164 coniunctiones
429 1139 481 1162 ex
508 1126 687 1163 subiecto
715 1133 894 1177 tempore
927 1127 1049 1164 factas
1080 1125 1298 1164 secundum
1322 1126 1568 1178 praedIctam

101 1179 401 1232 dispositionem
439 1180 606 1220 iudicari
634 1184 923 1234 praecipimus,
968 1189 1014 1220 ut
1053 1186 1086 1220 si
1118 1185 1206 1234 quis
1244 1184 1369 1220 talem
1397 1196 1569 1221 uxorem

100 1237 150 1274 ab
178 1239 292 1275 initio
322 1239 446 1276 nostri
475 1239 633 1289 imperii
665 1238 799 1290 (prout
829 1238 980 1275 dictum
1012 1238 1088 1289 est)
1115 1240 1200 1275 iam
1230 1238 1408 1288 duxerit,
1440 1246 1479 1277 et
1510 1240 1565 1277 li-

97 1293 214 1331 beros
243 1294 291 1330 ab
324 1307 369 1330 ea
398 1296 688 1345 procreaverit3
731 1297 856 1332 iustos
887 1307 954 1332 eos
991 1301 1030 1331 et
1067 1295 1290 1345 legitimos,
1332 1302 1372 1332 et
1402 1302 1486 1333 tam
1516 1296 1564 1333 ab

97 1351 282 1387 intestato
313 1363 434 1401 quam
463 1363 516 1387 ex
554 1357 788 1388 testamento
827 1364 1072 1388 successores
1101 1349 1264 1399 habeat,
1306 1358 1344 1389 et
1379 1352 1562 1403 legitima
1583 1356 1612 1391 P
1638 1357 1705 1393 119

98 1407 142 1443 in
168 1412 372 1457 posterum
399 1404 660 1451 nihilominus
690 1420 736 1444 ea
765 1420 891 1444 uxore
920 1414 1200 1459 permanente,
1235 1411 1430 1460 procreati
1461 1421 1564 1460 quo-

100 1475 178 1515 que
206 1462 321 1499 liberi
347 1462 518 1512 legitimi
546 1463 638 1500 sint.

110 1540 114 1544 -
210 1520 323 1556 Hanc
350 1519 484 1569 legem
511 1519 751 1556 Iustinianus
780 1519 937 1570 saepius
968 1517 1112 1555 deinde
1138 1518 1383 1556 confirmavit
1411 1520 1562 1558 novell.

99 1574 155 1615 89
186 1587 220 1612 c.
251 1574 303 1615 15
334 1581 372 1612 et
397 1576 549 1612 novell.
581 1578 659 1616 117
689 1588 721 1611 c.
748 1577 786 1615 6.
845 1573 928 1612 Sed
955 1575 997 1612 in
1026 1576 1166 1626 primis
1197 1575 1342 1612 celebri
1365 1576 1434 1613 illa
1465 1590 1562 1614 con-

100 1631 326 1679 stitutione,
364 1643 486 1683 quae,
524 1638 569 1669 ut
603 1630 712 1668 idem
741 1631 930 1679 affirmat,
973 1631 1072 1668 olim
1101 1637 1183 1668 erat
1215 1633 1257 1667 in
1290 1634 1428 1682 quinto
1458 1633 1561 1669 libro

103 1685 271 1735 codicis3
310 1686 380 1724 sed
418 1688 536 1739 plane
567 1687 618 1724 ab
643 1685 718 1724 hac
746 1689 888 1724 Iustini
916 1686 1094 1735 diversa3
1133 1700 1228 1724 nam
1266 1688 1336 1724 illa
1376 1691 1563 1739 rescripta

99 1744 180 1782 fuit
214 1739 312 1794 πρὸς
343 1740 418 1790 τὰς
453 1740 656 1789 πολιτικάς
686 1739 832 1794 ἄρχᾶς,
872 1742 932 1780 ad
958 1743 1098 1780 civiles
1126 1745 1421 1794 magistratus-,-
1462 1743 1562 1782 haec

99 1813 194 1838 vero
231 1800 372 1836 Iustini
413 1797 464 1837 ad
499 1797 813 1836 Demosthenem
846 1800 1091 1850 praefectum
1130 1802 1340 1850 praetorio.
1405 1800 1562 1837 Deinde

99 1854 153 1893 ad
190 1857 444 1893 matrimonia
484 1857 728 1893 scenicarum
767 1856 983 1892 mulierum
1023 1854 1170 1892 dotalia
1206 1854 1370 1906 quidem
1409 1857 1559 1893 instru-

99 1913 467 1963 menterequisivit
494 1913 538 1948 in
566 1913 636 1948 illa
659 1913 912 1959 lastinianus,
942 1925 1023 1949 non
1053 1918 1188 1948 autem
1215 1913 1464 1961 imperatoris
1494 1925 1559 1949 re-

98 1970 311 2020 scriptum:
340 1970 382 2006 in
410 1966 485 2005 hac
517 1981 609 2005 vero
640 1974 773 2005 contra
799 1969 971 2006 Iustinus
1001 1969 1183 2004 sancivit.
1240 1969 1348 2004 Haec
1379 1969 1558 2019 explica—

96 2026 178 2062 tius
214 2023 337 2062 habes
373 2026 415 2062 iu
443 2025 651 2061 Iustiniani
690 2026 876 2074 rescripto
915 2023 966 2061 ad
1006 2036 1145 2062 omnes
1183 2025 1409 2075 episcopos,
1450 2023 1555 2076 quod

38 2113 44 2119 .
98 2081 247 2119 Graece
275 2081 348 2118 tibi
377 2080 520 2118 damus
548 2093 600 2118 ex
629 2081 815 2119 Vaticana
843 2078 1098 2118 bibliotheca.

206 2189 432 2250 Βασιλεύς
454 2188 778 2248 Ἰουστινιανος
807 2199 907 2248 τοῖς
936 2187 1203 2252 ἁπανταχοῦ
1227 2193 1312 2252 γῆς
1342 2194 1448 2236 θεο-
1579 2207 1607 2241 A
1630 2207 1673 2242 41

512 2256 801 2322 φιλεστάτοις
824 2256 1137 2316 Ἐπισκόποις.

212 2361 334 2401 Θείαν
359 2357 614 2429 ἐποιήσαμεν
650 2359 829 2409 διάταξιν
867 2357 1004 2400 ον’δενὶ
1044 2360 1338 2427 συγχωροῦντες
1374 2355 1555 2397 ακουσαν

102 2420 269 2470 γυναῖκα
296 2413 469 2468 ‹iovi-nv,
496 2413 526 2468 ἢ
553 2416 766 2470 ἐλευθέραν
795 2417 850 2464 εἰς
879 2413 1054 2468 σκηνήν,
1091 2412 1120 2466 ἢ
1149 2416 1204 2463 εἰς
1232 2409 1453 2483 ὀρχήστραν
1480 2429 1554 2452 κα-

102 2470 280 2542 θέλκεινξ
317 2469 412 2514 ουδὲ
449 2469 724 2542 ἀπαλλαγῆναι
760 2471 1006 2525 βουλομένην
1043 2467 1213 2512 κωλύειν
1239 2485 1335 2517 τους
1363 2466 1554 2534 ἐγγυητας

103 2525 198 2576 τους
206 2525 368 2596 αυτῆς,
397 2545 452 2577 ως
479 2527 580 2579 νπὲρ
611 2525 740 2570 αὐτοῦ
768 2526 911 2569 τούτου
938 2530 1103 2582 χρυσίον
1131 2524 1254 2579 ῤἠτον
1285 2521 1554 2589 ὁμολογήσαν-

104 2598 175 2630 τας
193 2580 381 2625 ἐπαιτεῖν.
438 2581 520 2625 ἄλλ’
544 2585 583 2625 εἰ
601 2601 640 2625 τι
667 2588 824 2626 τοιοῦτο
845 2584 1016 2654 γένηται,
1040 2580 1269 2624 κωλύεσθαι
1290 2596 1414 2620 ταυτα
1442 2595 1553 2631 παρα

103 2654 146 2679 τε
173 2654 252 2680 των
287 2636 568 2709 λαμπροτάτων
604 2657 685 2681 των
723 2641 922 2694 ἐπαρχιων
952 2636 1184 2708 ἀρχόντων,
1223 2636 1292 2678 καὶ
1327 2651 1436 2690 παρα
1472 2638 1554 2675 ταῖν

103 2695 148 2736 ἐν
182 2699 267 2744 ταῖς
299 2693 455 2738 πόλεσι
470 2694 789 2748 θεοφιλεστᾶτων
827 2694 1052 2740 ἐπισκόπων
1089 2690 1399 2758 διεταξᾶμεθα,
1415 2687 1554 2739 δόντες

105 2749 244 2793 αδειαν
270 2756 353 2802 τοῖς
372 2750 691 2805 θεοφιλεστάτοις
718 2752 968 2804 ἐπισκόποις,
1001 2768 1083 2804 αμα
1110 2754 1166 2807 τῷ
1193 2743 1453 2804 λαμπροτάτῳ
1482 2750 1554 2800 τῆς
