1800 3126
293 134 390 180 362
459 133 461 135 ’
740 135 798 179 IN
831 134 974 178 HIST.
1010 134 1260 179 ARGANAM

289 241 470 295 πατρίδα.
532 242 680 280 Patria
715 242 778 279 illi
814 248 899 278 erat
940 241 1105 291 Illyrica
1141 242 1285 279 civitas
1318 241 1518 281 Bederina
1561 250 1710 282 vetusto

287 300 442 336 nomine
479 295 608 348 dicta,
657 296 795 334 deinde
828 298 965 346 prima
1001 297 1229 334 Iustiniana
1267 296 1529 340 denominata.
1584 298 1712 337 Iusti-

286 355 434 391 nianus
461 367 632 404 namque
663 354 760 403 quia
787 351 844 388 ibi
864 353 1042 402 primum
1069 350 1201 388 editus
1228 353 1270 389 in
1298 353 1420 390 lucem
1445 360 1513 403 est,
1543 354 1710 404 mirifice

278 411 462 460 patriam
492 410 664 446 ornavit.
711 408 931 472 Procopius
970 408 1183 444 accuratius
1220 405 1398 445 distinxit
1435 409 1564 446 locum
1592 409 1711 446 Iusti-

285 465 394 501 niani
421 466 615 510 natalem,
656 463 724 514 qui
750 463 826 499 fuit
852 464 1108 510 Tam-esium,
1147 474 1239 498 nam
1268 464 1339 510 ait,
1379 462 1494 503 ἔνθεν
1522 461 1709 516 ὥρμηται,

287 519 378 556 inde
400 517 575 569 prodiit:
606 524 643 554 et
671 519 804 555 locum
831 518 872 554 in
902 531 978 569 quo
1008 519 1108 555 altus
1138 524 1175 554 et
1202 516 1386 554 educatus
1414 525 1484 567 est,
1510 532 1609 570 quae
1635 520 1712 555 fuit

147 574 175 607 P
202 575 267 609 100
287 574 503 620 Bederina,
544 574 606 610 cui
643 588 690 612 τα
718 577 883 623 τροφεῖα
910 572 1094 619 ἐξέτινεν,
1131 573 1269 609 altrici
1305 571 1476 610 debitum
1509 575 1711 624 persolvit.

283 632 319 667 A
357 630 547 679 Procopio
588 635 626 664 et
654 627 824 678 Agathia
859 626 960 664 nihil
999 627 1190 678 discrepat
1227 628 1384 664 novella
1420 626 1624 665 undecima
1662 627 1710 664 de

283 686 409 735 prima
429 684 663 721 Iustiniana:
693 696 786 719 nam
805 685 1091 734 provinciarum
1120 684 1346 733 partitiones
1374 689 1414 719 et
1439 684 1598 720 nomina
1625 684 1711 720 aliis

285 741 363 776 alia
391 746 493 830 sijum.
546 738 593 776 Id
611 751 727 788 saepe
748 740 848 789 legis
868 738 973 789 apud
990 739 1232 786 Strabonem,
1262 739 1436 789 aliosque
1456 736 1712 789 geographos.

394 794 531 842 Ρ-43,
561 796 599 834 6-
657 795 844 832 Numeris
869 794 1114 831 militaribus
1142 793 1344 863 inscripti]
1375 791 1607 830 Theodorus
1633 794 1712 830 Le-

288 857 390 897 ctor,
421 845 500 888 ἄπο
529 852 773 900 στρατιωτῶν
802 845 1019 902 ἅρξαμενος
1046 848 1112 889 καὶ
1142 847 1250 902 μέχρι
1276 851 1346 899 τῆς
1373 847 1588 912 συγκλήτου
1616 862 1713 900 προ-

285 901 438 969 κόψας,
479 917 522 940 ex
550 905 722 941 militum
754 905 960 942 ordinibus
987 903 1045 942 ad
1069 911 1248 942 senatum
1268 905 1460 955 pervenit.
1518 905 1643 950 Quare
1670 903 1714 938 in

290 959 354 996 div
358 961 451 997 ersis
479 962 648 1025 antiquis
675 962 938 998 monumentis
974 958 1213 1017 Ταξιδᾶρην,
1253 957 1504 996 ordinarium
1533 964 1714 995 vocatum

287 1017 481 1052 Iustinum
518 1017 762 1063 invenimus,
800 1013 1133 1066 quemadmodum
1170 1022 1207 1051 et
1243 1015 1338 1051 alios
1366 1015 1617 1064 imperatores
1645 1015 1714 1049 Iu-

286 1072 459 1117 lianum,
498 1071 763 1118 Iovinianum,
799 1072 1135 1118 Valentinianum,
1172 1069 1397 1118 Valentem,
1429 1067 1712 1117 Theodosium,

288 1127 357 1176 qui
383 1127 544 1162 militari
573 1125 747 1176 deposito
775 1138 867 1175 sago
894 1138 1104 1176 purpuram
1131 1123 1354 1162 induerunt,

396 1183 441 1217 P.
465 1181 530 1228 43,
561 1182 625 1220 10.
687 1181 878 1218 Criminis
905 1180 1030 1231 reum]
1062 1178 1207 1217 Cuius?
1237 1182 1371 1230 Neque
1398 1179 1484 1230 ipse
1507 1178 1611 1227 dicit,
1639 1191 1714 1215 ne-

284 1249 362 1286 que
398 1237 465 1271 alii
495 1236 722 1285 scriptores,
767 1237 835 1286 qui
863 1237 957 1271 satis
985 1237 1114 1272 ieiune
1144 1234 1191 1272 de
1222 1236 1360 1272 Iustini
1393 1235 1508 1272 rebus
1537 1240 1712 1284 egerunt.

282 1294 335 1328 At
362 1303 453 1327 vero
481 1305 532 1327 ne
562 1292 756 1327 calumnia
785 1291 966 1340 Procopii
993 1290 1147 1326 silentio
1178 1289 1335 1326 subesse
1363 1264 1583 1336 videatur?
1589 1301 1713 1325 unum

283 1345 332 1383 de
351 1347 489 1383 Iustini
509 1347 676 1396 flagitiis,
708 1359 796 1382 cum
819 1343 946 1382 adhuc
976 1351 1055 1381 erat
1083 1345 1124 1380 in
1153 1345 1299 1391 castris,
1328 1343 1508 1380 referam.
1562 1341 1606 1382 ‘O
1623 1357 1713 1395 μια-

281 1400 347 1453 ρὸς
376 1402 522 1448 ἐκεῖνος
550 1399 786 1453 μεταβολευς
812 1399 879 1440 καὶ
906 1395 1197 1451 παλιγκαπηλος
1223 1395 1424 1448 Ιωαννης,
1467 1393 1543 1466 ἦν
1551 1394 1606 1444 εἷς
1632 1400 1714 1437 τῶν

279 1454 359 1496 ’ὑπὸ
386 1453 593 1496 Ἰουστῖνον
618 1455 684 1496 τὸν
713 1452 923 1523 στρατηγόν
950 1453 1203 1506 τεταγμένων,
1232 1451 1273 1500 ὂς
1302 1450 1464 1504 αἰτήσας
1490 1449 1610 1492 αυτὸν
1637 1448 1712 1492 ὀλί-

281 1528 353 1563 γον
380 1513 538 1563 χρυσίον
565 1511 750 1563 ὑπέσχετο
778 1527 870 1558 τους
899 1509 1113 1561 ἑπομένους
1139 1512 1193 1563 τῷ
1222 1510 1420 1579 στρατηγῷ
1437 1507 1613 1576 τρέφειν,
1644 1506 1714 1547 καὶ

282 1564 504 1607 ἀποδοῦναι
533 1565 651 1607 πάλιν
679 1565 723 1606 τό
751 1567 911 1635 χρυσίον
940 1565 1076 1605 ἐκεῖνο.
1131 1579 1296 1630 περιιων
1326 1579 1399 1603 ουν
1435 1579 1513 1602 ανα
1540 1578 1609 1609 τας
1635 1578 1714 1601 κω-

283 1639 360 1674 μας
389 1623 490 1662 ἔνθα
517 1625 624 1674 βοων
653 1619 746 1662 ου’δὲ
775 1619 902 1672 ὄνομα
921 1616 1098 1687 ἠ’κούετο,
1129 1616 1195 1659 σ’δε
1221 1615 1372 1658 τούτων
1393 1614 1508 1671 χάριν
1529 1614 1714 1684 ω’νησεως

283 1678 409 1729 ἔλεγεν
438 1674 673 1745 αφικὲσθαι,
701 1676 864 1717 ἐνέκειτό
895 1691 934 1715 τε
964 1672 1159 1720 οἶπαιτῶν,
1184 1673 1251 1713 καὶ
1276 1674 1436 1726 χρυσίον
1465 1670 1714 1740 προτεινόμε-

282 1749 351 1780 νος
380 1727 459 1772 ἐστ’
492 1730 542 1772 ἆν
572 1734 612 1773 οἷ
639 1734 798 1772 δείλαιοι
826 1732 968 1772 ἐκεῖνοι
997 1727 1280 1782 συναγαγόντες
1314 1729 1483 1794 χρυσίον
1501 1724 1614 1779 μόλις
1640 1743 1714 1767 αυ-

280 1786 348 1826 τὸν
385 1788 547 1828 ε’πειθον
582 1785 749 1839 λαβόντα
787 1790 902 1827 τοῦτο
933 1783 1222 1855 ἀπαλλαγῆναι.
1279 1783 1407 1823 ἔπειτα
1434 1780 1536 1823 οὕτω
1562 1798 1714 1835 περιερ-

281 1840 445 1894 χόμενος
482 1843 583 1883 ἔνθα
609 1842 793 1894 Κάμηλοι
822 1838 895 1882 οὐκ
920 1837 1042 1909 ἦσαν,
1081 1837 1235 1880 τούτων
1272 1839 1384 1879 ἕνεκα
1411 1835 1524 1890 ἥκειν
1553 1838 1712 1888 ἔφασκε,

283 1899 350 1938 καὶ
380 1897 506 1945 οὕτως
533 1895 787 1964 ηργυρολόγει
823 1913 916 1944 τους
945 1893 1185 1948 ανθρώπους
1212 1910 1278 1934 και
1307 1910 1385 1935 απο
1413 1909 1495 1934 των
1523 1890 1712 1944 αδικημοῖ-

163 1957 195 1991 Δ
219 1959 264 1993 16
284 1969 364 1994 των
384 1951 611 2006 κατήσθιεν.
666 1951 782 2004 ’ἥδετο
804 1951 846 1992 δὲ
865 1948 969 2007 αὐτῷ
992 1949 1196 1997 Ἰουστῖνος
1215 1946 1411 2003 ἀπριάτην
1429 1945 1709 2000 εὐωχουμενος.

282 2011 476 2047 scelestus
503 2010 572 2046 ille
598 2011 839 2058 negotiator,
868 2015 904 2044 et
928 1993 1094 2058 propola
1122 2007 1305 2053 Ioannes,
1334 2012 1418 2042 erat
1445 2018 1490 2041 ex
1516 2004 1712 2040 militibus

283 2067 353 2116 qui
373 2064 576 2102 Iustinum
605 2064 742 2102 ducem
770 2063 1042 2114 sequebantur.
1100 2061 1141 2099 Is
1169 2067 1213 2097 ut
1233 2074 1395 2110 paucas
1420 2060 1499 2097 sibi
1518 2061 1713 2110 pecunias

281 2119 522 2170 concederet,
559 2119 761 2157 Iustinum
789 2118 982 2169 rogabat,
1013 2117 1205 2168 pollicens
1235 2130 1312 2153 non
1340 2115 1471 2152 solum
1494 2116 1711 2165 pecuniam
1737 2128 1739 2131 ’

279 2190 322 2212 se
348 2176 464 2212 illam
490 2173 761 2219 redditurum,·
797 2172 867 2210 sed
893 2175 1011 2209 etiam
1040 2186 1241 2209 annonam
1269 2171 1477 2208 comitatui
1502 2171 1713 2207 ministra-

280 2239 431 2268 turum.
492 2232 602 2281 Ergo
625 2244 700 2281 per
720 2243 852 2280 pagos
881 2230 1128 2275 circumiens,
1158 2229 1199 2264 in
1230 2227 1374 2278 quibus
1400 2228 1534 2263 Boum
1562 2240 1610 2262 ne
1636 2239 1712 2262 no-

281 2300 367 2324 men
397 2284 556 2336 quidem
583 2293 722 2323 notum
749 2292 865 2335 esset,
906 2282 1055 2321 emendi
1082 2284 1195 2322 botes
1224 2296 1350 2319 causa
1378 2282 1477 2318 illuc
1497 2282 1646 2318 venisse
1670 2293 1712 2317 se

280 2341 506 2388 dictitabat,
537 2355 673 2392 eosque
692 2340 850 2392 petebat
876 2339 1099 2390 identidem,
1129 2338 1398 2389 instabatque,
1426 2343 1462 2374 et
1490 2336 1712 2373 ostentabat

273 2398 502 2448 pecuniam.
562 2398 696 2447 Quare
732 2397 867 2433 miseri
904 2396 1069 2446 Pagani
1103 2395 1297 2431 collatitio
1333 2406 1422 2430 aere
1457 2391 1522 2428 illi
1563 2391 1710 2441 oblato,

282 2454 344 2490 vel
370 2454 428 2489 sic
455 2452 507 2489 ab
536 2467 578 2489 eo
606 2453 672 2489 vix
700 2452 934 2496 obtinebant,
965 2459 1011 2488 ut
1030 2449 1120 2487 inde
1137 2449 1358 2486 discederet.
1417 2447 1522 2485 Tum
1551 2461 1592 2484 eo
1612 2460 1710 2497 per-

276 2508 416 2560 gebat,
453 2507 523 2545 ubi
555 2508 706 2545 Cameli
742 2521 823 2544 non
850 2514 991 2554 essent,
1028 2514 1063 2543 et
1090 2504 1149 2542 ad
1174 2505 1246 2542 lzos
1283 2506 1390 2554 ipsos
1417 2501 1644 2539 coe'mendos
1670 2515 1711 2538 se

281 2563 486 2601 advenisse
515 2563 760 2614 affirmabat.
817 2564 944 2599 Porro
980 2534 1045 2598 ’his
1073 2560 1229 2597 artibus
1259 2560 1453 2610 pecunias
1492 2557 1542 2594 ab
1581 2558 1708 2594 omni-

280 2620 355 2656 bus
383 2617 625 2669 corradebat,
653 2620 882 2668 victumque
909 2617 988 2653 sibi
1012 2616 1187 2667 parabat
1215 2616 1372 2652 iniuste.
1424 2614 1542 2678 ‘Quin
1570 2620 1606 2650 et
1637 2611 1708 2650 Ia-

278 2677 412 2713 stinus
440 2682 642 2727 acceptum
670 2675 782 2711 illum
804 2673 957 2722 habuit,
986 2670 1096 2723 quod
1122 2672 1248 2709 nullis
1277 2669 1452 2720 espen-sis
1473 2669 1584 2706 laute
1612 2680 1707 2703 con-

280 2733 499 2775 vivaretur.
555 2732 620 2769 Ex
647 2736 821 2769 veterum
844 2727 1118 2767 historicorum
1148 2726 1394 2765 collectaneis
1421 2723 1507 2763 cod.
1534 2725 1620 2763 Vat-
1637 2723 1705 2762 96
