1858 3126
347 159 442 205 224
755 150 762 153 “
921 160 1180 208 PROGOPII

345 273 528 327 ἐπίταξιν,
562 275 738 333 ε’πιρρὲον
758 277 933 319 ἐνταῦθα
948 276 993 318 τὸ
1011 274 1119 333 ὕδωρ
1137 282 1207 332 τῆς
1223 283 1347 335 πηγῆς
1362 281 1470 337 παρὰ
1488 279 1607 331 δόξαν
1625 280 1764 338 ἐφάνη.

345 339 449 383 οὕτω
470 343 514 384 δὲ
530 346 595 384 καὶ
616 345 660 386 τὸ
680 343 871 401 φρούριον
886 342 1212 400 δεδημιούργηται
1229 347 1297 396 ξὺν
1315 352 1372 406 τῷ
1395 349 1570 405 ἀσφαλεῖ
1581 351 1645 391 καὶ
1663 349 1763 392 {ioa-

342 424 411 457 τος
426 410 512 464 πέρι
532 412 572 452 ἓν
589 412 790 467 ἐπιτηδείῳ
810 411 987 466 φαίνεται
1007 413 1191 464 κείμενον.

288 484 320 519 D
477 475 519 518 ε’.
589 477 704 519 Οὕτω
741 479 785 518 δὲ
815 479 881 519 καὶ
915 477 1298 530 Θεοδοσιουπόλεως,
1338 485 1408 535 τῆς
1439 482 1548 538 παρὰ
1585 482 1763 535 ποταμὸν

334 540 530 598 Ἀβόρραν
549 548 621 597 γῆς
640 548 711 597 τῆς
724 542 928 597 Ῥωμαίων
947 547 1285 601 προβεβλημένης,
1313 547 1380 589 τὸν
1395 550 1612 603 περίβολον,
1644 549 1759 605 ὅνπερ
1781 562 1804 597 5

341 606 361 649 ὁ
379 607 523 664 χρόνος
539 609 863 666 κατεργάσασθαι
882 610 1055 667 μάλιστα
1073 613 1219 666 ἴσχυσε,
1251 614 1316 654 καὶ
1337 613 1407 654 οἰπο
1430 615 1551 657 αὐτοῦ
1571 622 1654 666 τοῖς
1669 619 1764 671 τῇδε

222 684 252 717 Ρ
273 685 318 719 38
343 675 573 730 ἀνθρώποις
595 677 667 730 οὐχ
684 676 782 735 ὑπὲρ
805 683 874 733 τῆς
895 679 1112 736 ἀσφαλείας
1131 682 1262 721 ἐδίδου
1280 684 1460 736 θαρρεῖν,
1478 681 1764 736 ἅλλὰδιηνεκές

340 740 518 791 ἅπαντας
546 744 776 798 ἐξέπλησσε,
813 747 1109 799 δεδισσομὲνους
1131 746 1190 787 ὅτι
1210 747 1258 800 δὴ
1286 747 1356 789 οὐκ
1380 749 1433 796 εἰς
1452 744 1610 804 μακρὰν
1633 750 1764 798 αὐτοῖς

213 818 248 852 Η
269 819 316 853 20
340 810 575 861 ἐμπεσεῖται,
613 811 1018 866 ἅνοικοδομησάμενος
1039 815 1078 854 ἐκ
1101 818 1171 854 τοῦ
1190 816 1431 855 ε’πιπλεΐστον
1451 812 1473 854 ὁ
1487 815 1672 866 βασιλεὺς
1693 809 1764 855 οὗ·
1811 816 1817 823 ’

337 892 406 924 τος
428 875 660 919 διακωλύειν
683 878 754 928 τάς
776 895 819 934 γε
845 881 946 921 κατὰ
964 882 1279 933 Μεσοποταμίαν
1298 883 1468 937 Περσῶν
1487 881 1654 934 ἐσβολὰς
1675 881 1762 923 ἶκα-
1775 893 1817 928 10

336 946 415 992 ναῖς
431 942 553 996 ἴσχεν.
1747 960 1750 962 “

476 1008 555 1051 Οἷα
587 1012 630 1053 δὲ
655 1014 722 1053 καὶ
747 1013 788 1054 ἓν
808 1015 1085 1070 Κωνσταντίνῃ
1109 1015 1363 1056 ἐπιδέδεικται
1387 1017 1503 1056 εἰπεῖν
1530 1014 1652 1064 ἄξιον.
1715 1008 1763 1068 ἦν

335 1077 408 1128 μὲν
441 1076 492 1117 τοὶ
518 1076 690 1133 πρότερα
722 1078 742 1119 ὃ
771 1082 1068 1134 Κωνσταντίνης
1098 1083 1304 1136 περίβολος
1331 1080 1376 1123 τό
1407 1098 1448 1122 τε
1477 1080 1583 1135 ὕψος
1605 1081 1764 1133 κλίμακι
1814 1127 1817 1131 Δ

336 1141 492 1191 &amoq
507 1142 578 1196 τήν
594 1161 634 1185 τε
658 1144 780 1198 ἄλλην
801 1147 1042 1199 κατασκευὴν
1064 1147 1249 1202 εὗέφοὸος
1265 1147 1376 1202 ἄγαν,
1407 1147 1536 1204 ὥσπερ
1559 1164 1598 1189 ’τι
1614 1146 1763 1204 πάρερ-

334 1224 404 1263 γον
425 1211 672 1263 γεγενημένος
691 1218 772 1260 τοῖς
796 1211 917 1252 πάλαι
945 1212 1183 1268 ἀνθρώποις.
1250 1213 1424 1270 τοσούτῳ
1441 1214 1517 1270 γὰρ
1536 1213 1761 1268 διειστήκει·
1774 1228 1815 1261 15

336 1292 410 1317 σαν
434 1277 471 1317 οἳ
490 1275 632 1331 πύργοι
659 1276 838 1331 ἀλλήλων
862 1277 984 1329 ὥστε,
1021 1282 1053 1320 εἰ
1075 1281 1388 1334 προσβαλοῦντὲς
1410 1296 1509 1329 τινες
1531 1282 1570 1329 ig
1592 1281 1664 1333 τὴν
1690 1298 1762 1333 με·

194 1353 224 1385 V
247 1354 313 1388 418
339 1343 436 1391 ταξῦ
461 1342 598 1398 χώραν
627 1347 849 1399 προσίοιεν,
880 1346 951 1386 οὒκ
977 1344 1078 1398 εἶχον
1105 1347 1142 1386 οἳ
1171 1347 1272 1387 κατὰ
1299 1347 1392 1395 τοὺς
1412 1345 1583 1401 πύργους
1602 1346 1763 1396 ἑστῶτες

282 1410 311 1443 Β
337 1409 480 1451 καθότι
506 1410 554 1451 ἄν
576 1411 720 1460 αὐτοὺς
736 1411 971 1464 ἀμυνόμενοι
994 1411 1287 1468 ἀποκρούοιντο.
1315 1413 1416 1453 ἀλλὰ
1432 1414 1511 1466 μὴν
1532 1415 1598 1454 καὶ
1613 1414 1761 1469 χρόνον

332 1475 447 1530 μήκει
465 1478 692 1531 πεπονηκὼς
704 1480 746 1519 ἐκ
764 1483 834 1520 τοῦ
847 1480 1087 1520 ἒπιπλεΐστον
1105 1485 1174 1521 τοῦ
1188 1480 1526 1521 καταπεπτωκέναι
1545 1480 1590 1521 οὗ
1603 1479 1762 1536 μακράν

333 1559 410 1585 που
425 1545 584 1598 ἐγένετο.
618 1545 716 1599 πρὸς
735 1546 778 1586 δὲ
796 1547 860 1585 καὶ
878 1551 1030 1587 τοιοῦτο
1052 1551 1100 1601 τῇ
1119 1545 1227 1587 πόλει
1247 1549 1503 1601 προτείχισμα
1516 1541 1564 1600 ἦν
1581 1545 1661 1588 οἶον
1674 1549 1757 1588 ἐπι·
1769 1559 1814 1593 20

330 1612 510 1662 τείχισμα
523 1610 615 1651 κατ’
633 1611 756 1664 αὐτῆς
772 1613 964 1666 γεγονέναι
984 1614 1121 1654 δοκεῖν.
1156 1613 1202 1653 οὗ
1222 1613 1336 1654 πλέον
1354 1613 1429 1668 γὰρ
1450 1613 1571 1654 αὐτοῦ
1588 1613 1614 1666 ἢ
1633 1615 1674 1662 ἒς
1685 1612 1759 1654 πό-

332 1678 406 1726 ὁας
426 1684 530 1732 τρεῖς
548 1676 709 1732 ἐγεγόνει
731 1679 776 1720 τὸ
798 1677 947 1731 πάχος,
976 1681 1040 1720 καὶ
1070 1679 1164 1720 αὐτὸ
1186 1680 1316 1732 μέντοι
1340 1683 1452 1735 πηλῷ
1469 1678 1681 1730 σύνθετον,
1709 1681 1759 1722 τοὶ

329 1744 403 1796 μὲν
422 1743 530 1785 κάτω
553 1746 592 1793 ἐς
618 1745 745 1799 ὀλίγον
765 1747 807 1786 ἐκ
833 1748 951 1787 λίθου
969 1747 1135 1798 μυλίτου
1155 1746 1376 1798 ἀνεστηκὸς,
1398 1745 1448 1787 τὰ
1468 1747 1510 1787 δὲ
1527 1745 1700 1803 ὕπερθεν
1716 1748 1758 1788 ἐκ

330 1814 403 1851 τοῦ
425 1814 657 1852 λευκολίθου
679 1813 935 1864 καλουμένου,
958 1816 1159 1868 σφαλεροῦ
1182 1829 1222 1853 τε
1241 1812 1352 1861 ὄντος
1372 1815 1437 1853 καὶ
1455 1817 1638 1866 μαλακοῦ
1659 1816 1758 1856 λίαν.

329 1875 429 1919 ὥστε
453 1878 502 1931 δὴ
526 1878 617 1919 ὅλον
636 1873 684 1932 ἦν
707 1885 788 1928 τοῖς
810 1880 982 1921 ἐπιοῦσιν
1005 1878 1211 1922 εὐάλωτον.
1262 1880 1448 1932 βασιλεὺς
1469 1880 1512 1922 δὲ
1529 1880 1811 1925 'Iuvanum-25

417 1973 451 2007 2.
475 1971 528 2017 δὲ]
551 1972 661 2016 Vulgo
677 1982 727 2007 τε.

329 2059 528 2094 promanans
552 2049 598 2082 ibi
622 2049 723 2082 fontis
745 2059 831 2093 aqua
855 2059 891 2082 se
914 2049 1059 2093 prodidit
1080 2050 1262 2095 inopinato.
1309 2050 1366 2084 Sic
1381 2053 1415 2083 et
1436 2053 1510 2084 tuta
1526 2054 1577 2085 est
1593 2054 1758 2086 structura

327 2093 451 2136 castri,
476 2098 510 2126 et
525 2093 606 2126 situs
623 2093 665 2126 ad
681 2104 787 2136 aquae
803 2094 930 2138 copiam
946 2099 1162 2139 opportunus.

416 2140 450 2172 5.
497 2138 622 2170 Eodem
647 2138 761 2176 modo.
784 2149 855 2170 cum
880 2149 989 2171 muros
1006 2138 1303 2182 Theodosiopolis,
1327 2149 1411 2183 quae
1434 2139 1477 2172 ad
1494 2139 1629 2173 fluvium
1649 2141 1757 2174 Abor-

326 2182 419 2216 rham
434 2182 558 2226 imperii
574 2182 715 2215 Romani
730 2183 1009 2227 propugnaculum
1026 2190 1095 2227 est,
1118 2188 1270 2217 vetustas
1286 2184 1370 2217 adeo
1387 2185 1600 2226 confecisset,
1623 2189 1661 2218 ut
1677 2185 1757 2218 civi-

325 2228 389 2259 bus
404 2238 469 2259 non
486 2227 637 2260 fiduciam
653 2227 790 2260 firmitas
806 2228 892 2268 ulla,
915 2228 973 2260 sed
990 2234 1108 2262 metum
1125 2229 1287 2262 assiduum
1303 2229 1443 2261 offerret
1455 2229 1672 2274 impendentis
1685 2229 1756 2262 rui-

324 2282 388 2304 nae
404 2271 600 2315 periculum3
625 2272 805 2315 imperator
822 2277 943 2316 noster,
971 2274 1098 2306 refecta
1114 2284 1226 2306 eorum
1242 2279 1336 2318 parte
1352 2273 1503 2317 maxima,
1526 2274 1701 2307 Persarum
1719 2274 1756 2308 in

323 2316 594 2358 Mesopotamiam
611 2316 811 2360 irruptiones
825 2317 998 2361 praeclare
1013 2318 1162 2351 inhibuit.
1215 2318 1223 2327 ¹

415 2361 504 2400 Quid
525 2372 606 2393 vero
623 2362 862 2394 Constantinae
886 2362 1109 2406 praestiterit,
1135 2373 1196 2407 par
1212 2366 1263 2395 est
1278 2362 1398 2396 dicere.
1445 2362 1552 2395 Erant
1567 2362 1755 2396 Constanti-

323 2415 387 2437 nae
401 2406 496 2446 muri,
519 2406 547 2438 si
562 2410 692 2450 spectes
707 2405 933 2448 altitudinem,
955 2407 1052 2440 scalis
1067 2407 1291 2451 superabilem
1315 2407 1342 2439 si
1362 2406 1540 2448 fabricam,
1563 2411 1753 2451 expugnatu

322 2449 492 2491 facillimi3
517 2451 609 2493 quasi
625 2455 756 2483 veteres
772 2462 835 2483 non
853 2462 945 2495 opus,
969 2452 1026 2485 sed
1041 2452 1202 2495 quandam
1222 2451 1331 2496 operis
1349 2451 1569 2484 accessionem
1585 2452 1753 2486 fecissent.

322 2494 410 2527 Nam
433 2499 542 2527 turres
561 2495 645 2527 adeo
671 2495 759 2528 inter
780 2507 817 2528 se
832 2495 1019 2539 distabant,
1042 2502 1080 2529 ut
1095 2497 1122 2529 si
1138 2497 1194 2550 qui
1213 2495 1323 2529 infesti
1339 2496 1538 2529 accederent
1552 2496 1595 2529 ad
1610 2496 1751 2541 spatium

321 2538 543 2582 interiectum,
569 2539 610 2571 ab
633 2550 742 2572 earum
763 2541 951 2573 custodibus
974 2541 1162 2585 propulsam
1187 2552 1251 2574 non
1275 2547 1423 2585 possent.
1471 2540 1560 2580 Quin
1587 2545 1623 2574 et
1647 2541 1752 2585 partis

322 2584 500 2627 maximae,
523 2595 608 2616 aevo
624 2584 824 2624 fatiscentis,
848 2583 944 2617 ruina
957 2585 1114 2619 instabat.
1158 2585 1252 2619 Adde
1268 2585 1356 2628 quod
1371 2585 1460 2618 urbis
1479 2596 1588 2619 murus
1603 2585 1751 2618 exterior

322 2628 397 2661 talis
425 2633 518 2670 erat,
541 2633 577 2660 ut
599 2628 641 2660 ad
665 2629 750 2662 illam
767 2629 1018 2672 oppugnandam
1038 2631 1146 2663 sactus
1163 2629 1343 2663 videretur.
1389 2630 1531 2663 Crassus
1552 2629 1633 2664 enim
1649 2629 1748 2674 pedes

322 2684 387 2705 non
403 2673 540 2717 amplius
556 2678 635 2712 tres,
659 2678 694 2706 et
711 2674 781 2706 luto
798 2678 1058 2717 coagmentatus,
1073 2674 1159 2707 infra
1174 2674 1303 2718 quidem
1320 2674 1498 2708 molaribus
1514 2674 1602 2708 saxis
1617 2678 1748 2708 consta-

323 2717 380 2750 bat
403 2718 446 2750 ad
461 2718 617 2751 modicam
632 2717 854 2751 altitudinem:
878 2729 955 2761 pars
970 2729 1050 2750 vero
1068 2719 1219 2762 superior
1242 2723 1370 2752 structa
1386 2724 1459 2752 erat
1473 2719 1612 2752 candido
1626 2717 1747 2762 lapide,

321 2762 449 2796 infirmo
474 2762 645 2799 admodum
667 2773 707 2797 ac
733 2763 925 2808 praemollix
949 2773 1083 2811 prorsus
1102 2769 1139 2798 ut
1152 2764 1352 2798 irruentibus
1368 2764 1464 2799 facile
1478 2768 1568 2800 esset
1581 2773 1621 2797 eo
1634 2762 1747 2809 potiri.
