<?xml version="1.0" encoding="UTF-8"?>
<!DOCTYPE html PUBLIC "-//W3C//DTD XHTML 1.0 Transitional//EN"
    "http://www.w3.org/TR/xhtml1/DTD/xhtml1-transitional.dtd">
<html xmlns="http://www.w3.org/1999/xhtml" xml:lang="en" lang="en">
 <head>
  <title>
</title>
<meta http-equiv="Content-Type" content="text/html;charset=utf-8" />
  <meta name='ocr-system' content='tesseract 3.04.00' />
  <meta name='ocr-capabilities' content='ocr_page ocr_carea ocr_par ocr_line ocrx_word'/>
</head>
<body>
  <div class='ocr_page' id='page_1' title='image "./corpusscriptorum45niebuoft_0272.png"; bbox 0 0 1858 3126; ppageno 0'>
   <div class='ocr_carea' id='block_1_1' title="bbox 318 135 1158 179">
    <p class='ocr_par' dir='ltr' id='par_1_1' title="bbox 318 135 1158 179">
     <span class='ocr_line' id='line_1_1' title="bbox 318 135 1158 179; baseline 0 -1"><span class='ocrx_word' id='word_1_1' title='bbox 318 135 412 179; x_wconf 77' lang='lat'><strong><em>232</em></strong></span> <span class='ocrx_word' id='word_1_2' title='bbox 896 137 1158 179; x_wconf 89' lang='lat' dir='ltr'>PROCOPII</span> 
     </span>
    </p>
   </div>
   <div class='ocr_carea' id='block_1_2' title="bbox 174 242 1785 1902">
    <p class='ocr_par' dir='ltr' id='par_1_2' title="bbox 174 242 1785 1902">
     <span class='ocr_line' id='line_1_2' title="bbox 315 242 1731 309; baseline 0.006 -23"><span class='ocrx_word' id='word_1_3' title='bbox 315 243 438 298; x_wconf 75' lang='grc' dir='ltr'><strong><em>αὐτὴν</em></strong></span> <span class='ocrx_word' id='word_1_4' title='bbox 458 247 534 287; x_wconf 77' lang='grc' dir='ltr'><strong><em>τῶν</em></strong></span> <span class='ocrx_word' id='word_1_5' title='bbox 551 242 798 288; x_wconf 72' lang='grc' dir='ltr'><strong><em>ἐνοικούντων</em></strong></span> <span class='ocrx_word' id='word_1_6' title='bbox 818 243 1042 287; x_wconf 86' lang='grc' dir='ltr'><strong><em>παντάπασι</em></strong></span> <span class='ocrx_word' id='word_1_7' title='bbox 1064 243 1321 302; x_wconf 78' lang='grc' dir='ltr'><em>διειργάσατο.</em></span> <span class='ocrx_word' id='word_1_8' title='bbox 1388 253 1516 306; x_wconf 79' lang='grc' dir='ltr'><strong><em>παρῆν</em></strong></span> <span class='ocrx_word' id='word_1_9' title='bbox 1532 245 1601 292; x_wconf 73' lang='grc' dir='ltr'><strong><em>οὖν</em></strong></span> <span class='ocrx_word' id='word_1_10' title='bbox 1619 251 1731 309; x_wconf 80' lang='grc' dir='ltr'><strong><em>Πέρ-</em></strong></span> 
     </span>
     <span class='ocr_line' id='line_1_3' title="bbox 315 307 1729 373; baseline 0.006 -20"><span class='ocrx_word' id='word_1_11' title='bbox 315 328 405 360; x_wconf 88' lang='grc' dir='ltr'><strong><em>σαις</em></strong></span> <span class='ocrx_word' id='word_1_12' title='bbox 425 313 516 353; x_wconf 71' lang='grc' dir='ltr'><strong><em>κατ’</em></strong></span> <span class='ocrx_word' id='word_1_13' title='bbox 541 313 731 363; x_wconf 70' lang='grc' dir='ltr'><strong><em>ἐξουσίαν,</em></strong></span> <span class='ocrx_word' id='word_1_14' title='bbox 765 311 878 365; x_wconf 78' lang='grc' dir='ltr'><strong><em>ἥνίκα</em></strong></span> <span class='ocrx_word' id='word_1_15' title='bbox 895 311 943 353; x_wconf 73' lang='grc' dir='ltr'><strong><em>ἂν</em></strong></span> <span class='ocrx_word' id='word_1_16' title='bbox 963 307 989 367; x_wconf 80' lang='grc' dir='ltr'><strong><em>ᾖ</em></strong></span> <span class='ocrx_word' id='word_1_17' title='bbox 1004 314 1255 366; x_wconf 79' lang='grc' dir='ltr'><strong><em>βουλομένοις</em></strong></span> <span class='ocrx_word' id='word_1_18' title='bbox 1273 316 1419 371; x_wconf 80' lang='grc' dir='ltr'><strong><em>σφίσιν,</em></strong></span> <span class='ocrx_word' id='word_1_19' title='bbox 1453 319 1494 358; x_wconf 73' lang='grc' dir='ltr'><strong><em>ἓν</em></strong></span> <span class='ocrx_word' id='word_1_20' title='bbox 1508 319 1642 371; x_wconf 77' lang='grc' dir='ltr'><strong><em>μέσοις</em></strong></span> <span class='ocrx_word' id='word_1_21' title='bbox 1665 336 1729 373; x_wconf 84' lang='grc' dir='ltr'><strong><em>γε-</em></strong></span> 
     </span>
     <span class='ocr_line' id='line_1_4' title="bbox 313 377 1728 440; baseline 0.006 -21"><span class='ocrx_word' id='word_1_22' title='bbox 313 379 454 420; x_wconf 68' lang='grc' dir='ltr'><strong><em>νέσθαι</em></strong></span> <span class='ocrx_word' id='word_1_23' title='bbox 474 378 680 431; x_wconf 84' lang='grc' dir='ltr'><strong><em>Ῥωμαίοις</em></strong></span> <span class='ocrx_word' id='word_1_24' title='bbox 688 410 702 430; x_wconf 88' lang='grc'><strong><em>,</em></strong></span> <span class='ocrx_word' id='word_1_25' title='bbox 732 378 912 432; x_wconf 79' lang='grc' dir='ltr'><strong><em>ἀνηκόοις</em></strong></span> <span class='ocrx_word' id='word_1_26' title='bbox 944 377 999 421; x_wconf 62' lang='grc' dir='ltr'><strong><em>ἔτι</em></strong></span> <span class='ocrx_word' id='word_1_27' title='bbox 1021 384 1091 433; x_wconf 80' lang='grc' dir='ltr'><strong><em>τῆς</em></strong></span> <span class='ocrx_word' id='word_1_28' title='bbox 1119 383 1197 421; x_wconf 81' lang='grc' dir='ltr'><strong><em>τῶν</em></strong></span> <span class='ocrx_word' id='word_1_29' title='bbox 1225 384 1417 434; x_wconf 81' lang='grc' dir='ltr'><strong><em>πολεμίων</em></strong></span> <span class='ocrx_word' id='word_1_30' title='bbox 1438 383 1584 440; x_wconf 75' lang='grc' dir='ltr'><strong><em>ἐφόδου</em></strong></span> <span class='ocrx_word' id='word_1_31' title='bbox 1607 380 1728 427; x_wconf 70' lang='grc' dir='ltr'><strong><em>οὖσιν.</em></strong></span> 
     </span>
     <span class='ocr_line' id='line_1_5' title="bbox 314 444 1730 503; baseline 0.005 -18"><span class='ocrx_word' id='word_1_32' title='bbox 314 445 417 486; x_wconf 78' lang='grc' dir='ltr'><strong><em>ἀλλὰ</em></strong></span> <span class='ocrx_word' id='word_1_33' title='bbox 457 445 528 498; x_wconf 85' lang='grc' dir='ltr'><strong><em>τὴν</em></strong></span> <span class='ocrx_word' id='word_1_34' title='bbox 568 446 767 499; x_wconf 81' lang='grc' dir='ltr'><strong><em>Ζηνοβίαν</em></strong></span> <span class='ocrx_word' id='word_1_35' title='bbox 809 444 1212 499; x_wconf 84' lang='grc' dir='ltr'><strong><em>ἀνοικοδομησάμενος</em></strong></span> <span class='ocrx_word' id='word_1_36' title='bbox 1245 447 1512 500; x_wconf 84' lang='grc' dir='ltr'><strong><em>Ἰουστινιανὸς</em></strong></span> <span class='ocrx_word' id='word_1_37' title='bbox 1543 453 1730 503; x_wconf 78' lang='grc' dir='ltr'><strong><em>βασιλεὺς</em></strong></span> 
     </span>
     <span class='ocr_line' id='line_1_6' title="bbox 313 510 1760 572; baseline 0.006 -19"><span class='ocrx_word' id='word_1_38' title='bbox 313 510 546 564; x_wconf 81' lang='grc' dir='ltr'><strong><em>σύμπασαν,</em></strong></span> <span class='ocrx_word' id='word_1_39' title='bbox 578 510 790 566; x_wconf 78' lang='grc' dir='ltr'><strong><em>οἰκητόρων</em></strong></span> <span class='ocrx_word' id='word_1_40' title='bbox 820 529 863 553; x_wconf 84' lang='grc' dir='ltr'><strong><em>τε</em></strong></span> <span class='ocrx_word' id='word_1_41' title='bbox 893 512 1126 568; x_wconf 86' lang='grc' dir='ltr'><strong><em>κατακόρως</em></strong></span> <span class='ocrx_word' id='word_1_42' title='bbox 1143 513 1456 567; x_wconf 66' lang='grc' dir='ltr'><strong><em>ἐμπλησάμενος,</em></strong></span> <span class='ocrx_word' id='word_1_43' title='bbox 1489 516 1658 572; x_wconf 71' lang='grc' dir='ltr'><strong><em>ἄρχοντά</em></strong></span> <span class='ocrx_word' id='word_1_44' title='bbox 1687 527 1760 561; x_wconf 84' lang='grc' dir='ltr'><strong><em>τε5</em></strong></span> 
     </span>
     <span class='ocr_line' id='line_1_7' title="bbox 313 577 1730 641; baseline 0.005 -22"><span class='ocrx_word' id='word_1_45' title='bbox 313 582 601 633; x_wconf 78' lang='grc' dir='ltr'><strong><em>στρατιωτικῶν</em></strong></span> <span class='ocrx_word' id='word_1_46' title='bbox 625 577 857 632; x_wconf 78' lang='grc' dir='ltr'><strong><em>καταλόγων</em></strong></span> <span class='ocrx_word' id='word_1_47' title='bbox 887 579 951 621; x_wconf 83' lang='grc' dir='ltr'><strong><em>καὶ</em></strong></span> <span class='ocrx_word' id='word_1_48' title='bbox 978 581 1133 635; x_wconf 74' lang='grc' dir='ltr'><strong><em>διαρκὲς</em></strong></span> <span class='ocrx_word' id='word_1_49' title='bbox 1162 579 1262 634; x_wconf 79' lang='grc' dir='ltr'><strong><em>ἄγαν</em></strong></span> <span class='ocrx_word' id='word_1_50' title='bbox 1285 582 1624 637; x_wconf 79' lang='grc' dir='ltr'><strong><em>καταστησάμενος</em></strong></span> <span class='ocrx_word' id='word_1_51' title='bbox 1650 602 1730 641; x_wconf 85' lang='grc' dir='ltr'><strong><em>φυ-</em></strong></span> 
     </span>
     <span class='ocr_line' id='line_1_8' title="bbox 313 643 1730 704; baseline 0.006 -20"><span class='ocrx_word' id='word_1_52' title='bbox 313 643 542 699; x_wconf 78' lang='grc' dir='ltr'><strong><em>λακτήριον,</em></strong></span> <span class='ocrx_word' id='word_1_53' title='bbox 577 643 772 700; x_wconf 74' lang='grc' dir='ltr'><strong><em>πρόβολον</em></strong></span> <span class='ocrx_word' id='word_1_54' title='bbox 792 646 863 698; x_wconf 75' lang='grc' dir='ltr'><strong><em>μὲν</em></strong></span> <span class='ocrx_word' id='word_1_55' title='bbox 886 644 982 687; x_wconf 80' lang='grc' dir='ltr'><strong><em>εἶναι</em></strong></span> <span class='ocrx_word' id='word_1_56' title='bbox 1003 651 1072 699; x_wconf 82' lang='grc' dir='ltr'><strong><em>τῆς</em></strong></span> <span class='ocrx_word' id='word_1_57' title='bbox 1086 645 1288 699; x_wconf 85' lang='grc' dir='ltr'><strong><em>Ῥωμαίων</em></strong></span> <span class='ocrx_word' id='word_1_58' title='bbox 1311 647 1456 704; x_wconf 83' lang='grc' dir='ltr'><strong><em>ἀρχῆς,</em></strong></span> <span class='ocrx_word' id='word_1_59' title='bbox 1490 652 1730 704; x_wconf 74' lang='grc' dir='ltr'><strong><em>ἐπιτείχισμα</em></strong></span> 
     </span>
     <span class='ocr_line' id='line_1_9' title="bbox 313 709 1730 771; baseline 0.006 -21"><span class='ocrx_word' id='word_1_60' title='bbox 313 711 358 750; x_wconf 78' lang='grc' dir='ltr'><strong><em>δὲ</em></strong></span> <span class='ocrx_word' id='word_1_61' title='bbox 385 709 617 766; x_wconf 75' lang='grc' dir='ltr'><strong><em>διεπράξατο</em></strong></span> <span class='ocrx_word' id='word_1_62' title='bbox 634 712 833 767; x_wconf 77' lang='grc' dir='ltr'><strong><em>Πέρσαις·</em></strong></span> <span class='ocrx_word' id='word_1_63' title='bbox 865 711 909 761; x_wconf 79' lang='grc' dir='ltr'><strong><em>ὅς</em></strong></span> <span class='ocrx_word' id='word_1_64' title='bbox 935 729 977 766; x_wconf 88' lang='grc' dir='ltr'><strong><em>γε</em></strong></span> <span class='ocrx_word' id='word_1_65' title='bbox 1003 714 1075 765; x_wconf 80' lang='grc' dir='ltr'><strong><em>οὐχ</em></strong></span> <span class='ocrx_word' id='word_1_66' title='bbox 1101 711 1192 755; x_wconf 84' lang='grc' dir='ltr'><strong><em>ὅσον</em></strong></span> <span class='ocrx_word' id='word_1_67' title='bbox 1215 714 1261 755; x_wconf 84' lang='grc' dir='ltr'><strong><em>τὸ</em></strong></span> <span class='ocrx_word' id='word_1_68' title='bbox 1291 713 1480 771; x_wconf 83' lang='grc' dir='ltr'><strong><em>πρότερον</em></strong></span> <span class='ocrx_word' id='word_1_69' title='bbox 1506 717 1730 759; x_wconf 82' lang='grc' dir='ltr'><strong><em>ἀποδέδωκε</em></strong></span> 
     </span>
     <span class='ocr_line' id='line_1_10' title="bbox 311 777 1730 839; baseline 0.006 -22"><span class='ocrx_word' id='word_1_70' title='bbox 311 781 468 830; x_wconf 79' lang='grc' dir='ltr'><strong><em>σχῆμα,</em></strong></span> <span class='ocrx_word' id='word_1_71' title='bbox 495 777 597 818; x_wconf 82' lang='grc' dir='ltr'><strong><em>ἀλλὰ</em></strong></span> <span class='ocrx_word' id='word_1_72' title='bbox 625 779 690 818; x_wconf 84' lang='grc' dir='ltr'><strong><em>καὶ</em></strong></span> <span class='ocrx_word' id='word_1_73' title='bbox 716 782 896 820; x_wconf 78' lang='grc' dir='ltr'><strong><em>πλεῖστον</em></strong></span> <span class='ocrx_word' id='word_1_74' title='bbox 922 780 1164 835; x_wconf 80' lang='grc' dir='ltr'><strong><em>ἓχυρωτέραν</em></strong></span> <span class='ocrx_word' id='word_1_75' title='bbox 1190 779 1398 836; x_wconf 81' lang='grc' dir='ltr'><strong><em>εἶργάσατο</em></strong></span> <span class='ocrx_word' id='word_1_76' title='bbox 1417 781 1443 836; x_wconf 81' lang='grc' dir='ltr'><em>ἢ</em></span> <span class='ocrx_word' id='word_1_77' title='bbox 1463 781 1650 839; x_wconf 85' lang='grc' dir='ltr'><strong><em>πρότερον</em></strong></span> <span class='ocrx_word' id='word_1_78' title='bbox 1669 779 1730 838; x_wconf 77' lang='grc' dir='ltr'><strong><em>ἦν.</em></strong></span> 
     </span>
     <span class='ocr_line' id='line_1_11' title="bbox 260 842 1785 901; baseline 0.005 -17"><span class='ocrx_word' id='word_1_79' title='bbox 260 850 292 884; x_wconf 91' lang='grc' dir='ltr'>Β</span> <span class='ocrx_word' id='word_1_80' title='bbox 315 842 493 885; x_wconf 82' lang='grc' dir='ltr'><strong><em>σκόπελοι</em></strong></span> <span class='ocrx_word' id='word_1_81' title='bbox 521 844 597 900; x_wconf 85' lang='grc' dir='ltr'><strong><em>γὰρ</em></strong></span> <span class='ocrx_word' id='word_1_82' title='bbox 626 844 748 897; x_wconf 79' lang='grc' dir='ltr'><strong><em>αὐτὴν</em></strong></span> <span class='ocrx_word' id='word_1_83' title='bbox 771 843 1070 901; x_wconf 69' lang='grc' dir='ltr'><strong><em>περιβάλλουσιν</em></strong></span> <span class='ocrx_word' id='word_1_84' title='bbox 1093 845 1146 895; x_wconf 86' lang='grc' dir='ltr'><strong><em>ὡς</em></strong></span> <span class='ocrx_word' id='word_1_85' title='bbox 1166 845 1382 901; x_wconf 84' lang='grc' dir='ltr'><strong><em>ἀγχοτάτω.</em></strong></span> <span class='ocrx_word' id='word_1_86' title='bbox 1447 855 1530 898; x_wconf 76' lang='grc' dir='ltr'><strong><em>τοῖς</em></strong></span> <span class='ocrx_word' id='word_1_87' title='bbox 1549 866 1589 891; x_wconf 79' lang='grc' dir='ltr'><strong><em>τε</em></strong></span> <span class='ocrx_word' id='word_1_88' title='bbox 1614 855 1727 892; x_wconf 83' lang='grc' dir='ltr'><strong><em>πολε·</em></strong></span> <span class='ocrx_word' id='word_1_89' title='bbox 1743 857 1785 891; x_wconf 90' lang='grc'><strong><em>10</em></strong></span> 
     </span>
     <span class='ocr_line' id='line_1_12' title="bbox 308 909 1732 969; baseline 0.005 -19"><span class='ocrx_word' id='word_1_90' title='bbox 308 911 414 963; x_wconf 87' lang='grc' dir='ltr'><strong><em>μιόις</em></strong></span> <span class='ocrx_word' id='word_1_91' title='bbox 435 909 500 950; x_wconf 78' lang='grc' dir='ltr'><strong><em>διὰ</em></strong></span> <span class='ocrx_word' id='word_1_92' title='bbox 518 914 642 952; x_wconf 83' lang='grc' dir='ltr'><strong><em>ταῦτα</em></strong></span> <span class='ocrx_word' id='word_1_93' title='bbox 662 912 754 965; x_wconf 67' lang='grc' dir='ltr'><strong><em>ἐξῆν</em></strong></span> <span class='ocrx_word' id='word_1_94' title='bbox 772 912 863 962; x_wconf 76' lang='grc' dir='ltr'><strong><em>τοὺς</em></strong></span> <span class='ocrx_word' id='word_1_95' title='bbox 878 913 920 954; x_wconf 75' lang='grc' dir='ltr'><strong><em>ἐκ</em></strong></span> <span class='ocrx_word' id='word_1_96' title='bbox 940 917 1013 954; x_wconf 83' lang='grc' dir='ltr'><strong><em>τοῦ</em></strong></span> <span class='ocrx_word' id='word_1_97' title='bbox 1032 912 1241 969; x_wconf 81' lang='grc' dir='ltr'><strong><em>περιβόλου</em></strong></span> <span class='ocrx_word' id='word_1_98' title='bbox 1263 914 1527 967; x_wconf 76' lang='grc' dir='ltr'><strong><em>ἀμυνομένους</em></strong></span> <span class='ocrx_word' id='word_1_99' title='bbox 1545 917 1646 957; x_wconf 81' lang='grc' dir='ltr'><strong><em>κατὰ</em></strong></span> <span class='ocrx_word' id='word_1_100' title='bbox 1662 933 1732 957; x_wconf 79' lang='grc' dir='ltr'><strong><em>κο-</em></strong></span> 
     </span>
     <span class='ocr_line' id='line_1_13' title="bbox 310 976 1733 1036; baseline 0.005 -20"><span class='ocrx_word' id='word_1_101' title='bbox 310 976 442 1031; x_wconf 80' lang='grc' dir='ltr'><strong><em>ρυφὴν</em></strong></span> <span class='ocrx_word' id='word_1_102' title='bbox 473 977 628 1018; x_wconf 72' lang='grc' dir='ltr'><strong><em>ἐνθένδε</em></strong></span> <span class='ocrx_word' id='word_1_103' title='bbox 657 977 831 1030; x_wconf 76' lang='grc' dir='ltr'><strong><em>βάλλειν.</em></strong></span> <span class='ocrx_word' id='word_1_104' title='bbox 897 978 993 1035; x_wconf 84' lang='grc' dir='ltr'><strong><em>ὅπερ</em></strong></span> <span class='ocrx_word' id='word_1_105' title='bbox 1022 978 1319 1036; x_wconf 74' lang='grc' dir='ltr'><strong><em>ἀποκρούεσθαι</em></strong></span> <span class='ocrx_word' id='word_1_106' title='bbox 1345 981 1412 1022; x_wconf 77' lang='grc' dir='ltr'><strong><em>διὰ</em></strong></span> <span class='ocrx_word' id='word_1_107' title='bbox 1435 984 1610 1036; x_wconf 75' lang='grc' dir='ltr'><strong><em>σπουδῆς</em></strong></span> <span class='ocrx_word' id='word_1_108' title='bbox 1635 982 1733 1036; x_wconf 65' lang='grc' dir='ltr'><strong><em>ἔχων</em></strong></span> 
     </span>
     <span class='ocr_line' id='line_1_14' title="bbox 310 1043 1729 1103; baseline 0.005 -20"><span class='ocrx_word' id='word_1_109' title='bbox 310 1044 538 1095; x_wconf 77' lang='grc' dir='ltr'><strong><em>οἰκοδομίαν</em></strong></span> <span class='ocrx_word' id='word_1_110' title='bbox 566 1043 651 1084; x_wconf 80' lang='grc' dir='ltr'><strong><em>τινὰ</em></strong></span> <span class='ocrx_word' id='word_1_111' title='bbox 675 1049 722 1099; x_wconf 84' lang='grc' dir='ltr'><strong><em>τῇ</em></strong></span> <span class='ocrx_word' id='word_1_112' title='bbox 751 1049 823 1086; x_wconf 83' lang='grc' dir='ltr'><strong><em>τοῦ</em></strong></span> <span class='ocrx_word' id='word_1_113' title='bbox 855 1044 1064 1101; x_wconf 84' lang='grc' dir='ltr'><strong><em>περιβόλου</em></strong></span> <span class='ocrx_word' id='word_1_114' title='bbox 1090 1045 1290 1103; x_wconf 71' lang='grc' dir='ltr'><strong><em>ὑπερβολῇ</em></strong></span> <span class='ocrx_word' id='word_1_115' title='bbox 1322 1046 1457 1102; x_wconf 74' lang='grc' dir='ltr'><strong><em>ἑτέραν</em></strong></span> <span class='ocrx_word' id='word_1_116' title='bbox 1485 1049 1605 1102; x_wconf 80' lang='grc' dir='ltr'><strong><em>ἕνῆψε</em></strong></span> <span class='ocrx_word' id='word_1_117' title='bbox 1637 1050 1729 1090; x_wconf 72' lang='grc' dir='ltr'><strong><em>κατ’</em></strong></span> 
     </span>
     <span class='ocr_line' id='line_1_15' title="bbox 309 1107 1732 1169; baseline 0.006 -21"><span class='ocrx_word' id='word_1_118' title='bbox 309 1109 407 1149; x_wconf 78' lang='grc' dir='ltr'><strong><em>αὐτὸ</em></strong></span> <span class='ocrx_word' id='word_1_119' title='bbox 431 1107 603 1160; x_wconf 89' lang='grc' dir='ltr'><strong><em>μάλιστα</em></strong></span> <span class='ocrx_word' id='word_1_120' title='bbox 620 1110 663 1150; x_wconf 82' lang='grc' dir='ltr'><strong><em>τὸ</em></strong></span> <span class='ocrx_word' id='word_1_121' title='bbox 686 1115 765 1151; x_wconf 81' lang='grc' dir='ltr'><strong><em>τῶν</em></strong></span> <span class='ocrx_word' id='word_1_122' title='bbox 789 1112 986 1153; x_wconf 79' lang='grc' dir='ltr'><strong><em>σκοπέλων</em></strong></span> <span class='ocrx_word' id='word_1_123' title='bbox 1012 1110 1243 1166; x_wconf 88' lang='grc' dir='ltr'><strong><em>γειτόνημα,</em></strong></span> <span class='ocrx_word' id='word_1_124' title='bbox 1270 1113 1538 1169; x_wconf 84' lang='grc' dir='ltr'><strong><em>προκάλυμμα</em></strong></span> <span class='ocrx_word' id='word_1_125' title='bbox 1561 1121 1644 1164; x_wconf 77' lang='grc' dir='ltr'><strong><em>τοῖς</em></strong></span> <span class='ocrx_word' id='word_1_126' title='bbox 1669 1117 1732 1156; x_wconf 58' lang='lat' dir='ltr'><strong><em>gv-</em></strong></span> 
     </span>
     <span class='ocr_line' id='line_1_16' title="bbox 308 1175 1784 1234; baseline 0.005 -19"><span class='ocrx_word' id='word_1_127' title='bbox 308 1175 425 1216; x_wconf 70' lang='grc' dir='ltr'><strong><em>θένδε</em></strong></span> <span class='ocrx_word' id='word_1_128' title='bbox 452 1177 689 1228; x_wconf 87' lang='grc' dir='ltr'><strong><em>μαχομένοις</em></strong></span> <span class='ocrx_word' id='word_1_129' title='bbox 715 1177 774 1217; x_wconf 81' lang='grc' dir='ltr'><strong><em>ἀεὶ</em></strong></span> <span class='ocrx_word' id='word_1_130' title='bbox 801 1178 999 1230; x_wconf 74' lang='grc' dir='ltr'><strong><em>ἐσομένην.</em></strong></span> <span class='ocrx_word' id='word_1_131' title='bbox 1065 1179 1189 1234; x_wconf 77' lang='grc' dir='ltr'><strong><em>πτερὰ</em></strong></span> <span class='ocrx_word' id='word_1_132' title='bbox 1216 1180 1287 1233; x_wconf 80' lang='grc' dir='ltr'><strong><em>τὴν</em></strong></span> <span class='ocrx_word' id='word_1_133' title='bbox 1313 1183 1538 1234; x_wconf 81' lang='grc' dir='ltr'><strong><em>οἷκοδομίαν</em></strong></span> <span class='ocrx_word' id='word_1_134' title='bbox 1568 1185 1731 1223; x_wconf 80' lang='grc' dir='ltr'><strong><em>καλοῦσι</em></strong></span> <span class='ocrx_word' id='word_1_135' title='bbox 1743 1188 1784 1223; x_wconf 89' lang='grc'><strong><em>15</em></strong></span> 
     </span>
     <span class='ocr_line' id='line_1_17' title="bbox 307 1239 1733 1300; baseline 0.004 -18"><span class='ocrx_word' id='word_1_136' title='bbox 307 1239 453 1294; x_wconf 82' lang='grc' dir='ltr'><strong><em>ταύτην</em></strong></span> <span class='ocrx_word' id='word_1_137' title='bbox 475 1243 555 1283; x_wconf 76' lang='grc' dir='ltr'><strong><em>ἐπεὶ</em></strong></span> <span class='ocrx_word' id='word_1_138' title='bbox 577 1240 705 1298; x_wconf 80' lang='grc' dir='ltr'><strong><em>ὥσπερ</em></strong></span> <span class='ocrx_word' id='word_1_139' title='bbox 725 1243 1030 1299; x_wconf 74' lang='grc' dir='ltr'><strong><em>ἀποκρέμασθαι</em></strong></span> <span class='ocrx_word' id='word_1_140' title='bbox 1049 1249 1119 1286; x_wconf 81' lang='grc' dir='ltr'><strong><em>τοῦ</em></strong></span> <span class='ocrx_word' id='word_1_141' title='bbox 1138 1246 1289 1298; x_wconf 78' lang='grc' dir='ltr'><strong><em>τείχους</em></strong></span> <span class='ocrx_word' id='word_1_142' title='bbox 1305 1247 1422 1288; x_wconf 81' lang='grc' dir='ltr'><strong><em>δοκεῖ’.</em></strong></span> <span class='ocrx_word' id='word_1_143' title='bbox 1489 1246 1643 1288; x_wconf 80' lang='grc' dir='ltr'><strong><em>ἅπαντα</em></strong></span> <span class='ocrx_word' id='word_1_144' title='bbox 1662 1249 1733 1300; x_wconf 74' lang='grc' dir='ltr'><strong><em>μὲν</em></strong></span> 
     </span>
     <span class='ocr_line' id='line_1_18' title="bbox 308 1303 1733 1369; baseline 0.005 -21"><span class='ocrx_word' id='word_1_145' title='bbox 308 1303 377 1349; x_wconf 71' lang='grc' dir='ltr'><strong><em>οὗν</em></strong></span> <span class='ocrx_word' id='word_1_146' title='bbox 405 1307 481 1349; x_wconf 82' lang='grc' dir='ltr'><strong><em>ὅσα</em></strong></span> <span class='ocrx_word' id='word_1_147' title='bbox 506 1309 693 1360; x_wconf 73' lang='grc' dir='ltr'><strong><em>βασιλεὺς</em></strong></span> <span class='ocrx_word' id='word_1_148' title='bbox 717 1304 831 1358; x_wconf 68' lang='grc' dir='ltr'><strong><em>οὗτος</em></strong></span> <span class='ocrx_word' id='word_1_149' title='bbox 859 1311 920 1351; x_wconf 73' lang='grc' dir='ltr'><strong><em>ἐπὶ</em></strong></span> <span class='ocrx_word' id='word_1_150' title='bbox 941 1312 1142 1364; x_wconf 89' lang='grc' dir='ltr'><strong><em>Ζηνοβίας</em></strong></span> <span class='ocrx_word' id='word_1_151' title='bbox 1165 1310 1369 1367; x_wconf 74' lang='grc' dir='ltr'><strong><em>εἰργάσατο</em></strong></span> <span class='ocrx_word' id='word_1_152' title='bbox 1401 1311 1553 1369; x_wconf 81' lang='grc' dir='ltr'><strong><em>φράσαι</em></strong></span> <span class='ocrx_word' id='word_1_153' title='bbox 1575 1312 1733 1367; x_wconf 84' lang='grc' dir='ltr'><strong><em>ἀμήχα-</em></strong></span> 
     </span>
     <span class='ocr_line' id='line_1_19' title="bbox 305 1374 1732 1432; baseline 0.005 -18"><span class='ocrx_word' id='word_1_154' title='bbox 305 1391 393 1424; x_wconf 88' lang='grc' dir='ltr'><strong><em>νον,</em></strong></span> <span class='ocrx_word' id='word_1_155' title='bbox 433 1376 512 1415; x_wconf 71' lang='grc' dir='ltr'><strong><em>ἐπεὶ</em></strong></span> <span class='ocrx_word' id='word_1_156' title='bbox 535 1376 575 1415; x_wconf 75' lang='grc' dir='ltr'><strong><em>ἒν</em></strong></span> <span class='ocrx_word' id='word_1_157' title='bbox 592 1374 713 1431; x_wconf 82' lang='grc' dir='ltr'><strong><em>χώρῳ</em></strong></span> <span class='ocrx_word' id='word_1_158' title='bbox 743 1377 803 1417; x_wconf 74' lang='grc' dir='ltr'><strong><em>ἐπὶ</em></strong></span> <span class='ocrx_word' id='word_1_159' title='bbox 829 1375 1078 1432; x_wconf 87' lang='grc' dir='ltr'><strong><em>μακρότατον</em></strong></span> <span class='ocrx_word' id='word_1_160' title='bbox 1101 1378 1265 1431; x_wconf 81' lang='grc' dir='ltr'><strong><em>ἀγείτονι</em></strong></span> <span class='ocrx_word' id='word_1_161' title='bbox 1291 1374 1412 1420; x_wconf 75' lang='grc' dir='ltr'><strong><em>οὖσαν</em></strong></span> <span class='ocrx_word' id='word_1_162' title='bbox 1435 1381 1499 1420; x_wconf 86' lang='grc' dir='ltr'><strong><em>καὶ</em></strong></span> <span class='ocrx_word' id='word_1_163' title='bbox 1527 1380 1594 1421; x_wconf 79' lang='grc' dir='ltr'><strong><em>διὰ</em></strong></span> <span class='ocrx_word' id='word_1_164' title='bbox 1614 1385 1732 1422; x_wconf 79' lang='grc' dir='ltr'><strong><em>τοῦτο</em></strong></span> 
     </span>
     <span class='ocr_line' id='line_1_20' title="bbox 303 1440 1731 1500; baseline 0.006 -20"><span class='ocrx_word' id='word_1_165' title='bbox 303 1441 376 1492; x_wconf 74' lang='grc' dir='ltr'><strong><em>μὲν</em></strong></span> <span class='ocrx_word' id='word_1_166' title='bbox 393 1442 432 1482; x_wconf 73' lang='grc' dir='ltr'><strong><em>ἓν</em></strong></span> <span class='ocrx_word' id='word_1_167' title='bbox 451 1440 642 1490; x_wconf 79' lang='grc' dir='ltr'><strong><em>κινδύνοις</em></strong></span> <span class='ocrx_word' id='word_1_168' title='bbox 661 1442 718 1482; x_wconf 83' lang='grc' dir='ltr'><strong><em>ἀεὶ</em></strong></span> <span class='ocrx_word' id='word_1_169' title='bbox 736 1442 934 1495; x_wconf 70' lang='grc' dir='ltr'><strong><em>ἐσομένην,</em></strong></span> <span class='ocrx_word' id='word_1_170' title='bbox 960 1444 1183 1499; x_wconf 80' lang='grc' dir='ltr'><strong><em>ἐπικουρίας</em></strong></span> <span class='ocrx_word' id='word_1_171' title='bbox 1201 1445 1245 1486; x_wconf 82' lang='grc' dir='ltr'><strong><em>δὲ</em></strong></span> <span class='ocrx_word' id='word_1_172' title='bbox 1270 1451 1397 1498; x_wconf 78' lang='grc' dir='ltr'><strong><em>τυχεῖν</em></strong></span> <span class='ocrx_word' id='word_1_173' title='bbox 1409 1443 1612 1499; x_wconf 86' lang='grc' dir='ltr'><strong><em>Ῥωμαίων</em></strong></span> <span class='ocrx_word' id='word_1_174' title='bbox 1628 1450 1731 1500; x_wconf 88' lang='grc' dir='ltr'><strong><em>πλη-</em></strong></span> 
     </span>
     <span class='ocr_line' id='line_1_21' title="bbox 249 1506 1785 1566; baseline 0.003 -17"><span class='ocrx_word' id='word_1_175' title='bbox 249 1516 279 1549; x_wconf 88' lang='lat' dir='ltr'>C</span> <span class='ocrx_word' id='word_1_176' title='bbox 309 1506 511 1562; x_wconf 82' lang='grc' dir='ltr'><strong><em>σιοχιόρων</em></strong></span> <span class='ocrx_word' id='word_1_177' title='bbox 542 1508 613 1549; x_wconf 78' lang='grc' dir='ltr'><strong><em>οὐκ</em></strong></span> <span class='ocrx_word' id='word_1_178' title='bbox 641 1507 762 1549; x_wconf 71' lang='grc' dir='ltr'><strong><em>ὄντων</em></strong></span> <span class='ocrx_word' id='word_1_179' title='bbox 786 1509 886 1563; x_wconf 76' lang='grc' dir='ltr'><strong><em>αὐτῇ</em></strong></span> <span class='ocrx_word' id='word_1_180' title='bbox 913 1509 982 1550; x_wconf 83' lang='grc' dir='ltr'><strong><em>οὐκ</em></strong></span> <span class='ocrx_word' id='word_1_181' title='bbox 1012 1509 1060 1550; x_wconf 76' lang='grc' dir='ltr'><strong><em>ἄν</em></strong></span> <span class='ocrx_word' id='word_1_182' title='bbox 1083 1511 1299 1564; x_wconf 84' lang='grc' dir='ltr'><strong><em>δυναμένην</em></strong></span> <span class='ocrx_word' id='word_1_183' title='bbox 1306 1541 1320 1562; x_wconf 91' lang='grc'><strong><em>,</em></strong></span> <span class='ocrx_word' id='word_1_184' title='bbox 1355 1512 1640 1566; x_wconf 83' lang='grc' dir='ltr'><strong><em>βεβαιοτάτης,</em></strong></span> <span class='ocrx_word' id='word_1_185' title='bbox 1676 1511 1785 1562; x_wconf 79' lang='grc' dir='ltr'><strong><em>ὥς20</em></strong></span> 
     </span>
     <span class='ocr_line' id='line_1_22' title="bbox 303 1573 1731 1633; baseline 0.006 -20"><span class='ocrx_word' id='word_1_186' title='bbox 303 1573 349 1614; x_wconf 85' lang='grc' dir='ltr'><strong><em>τὸ</em></strong></span> <span class='ocrx_word' id='word_1_187' title='bbox 373 1573 486 1623; x_wconf 79' lang='grc' dir='ltr'><strong><em>εἰκὸς,</em></strong></span> <span class='ocrx_word' id='word_1_188' title='bbox 521 1574 739 1627; x_wconf 73' lang='grc' dir='ltr'><strong><em>ἐπιμελείας</em></strong></span> <span class='ocrx_word' id='word_1_189' title='bbox 758 1573 913 1616; x_wconf 89' lang='grc' dir='ltr'><strong><em>πάντων</em></strong></span> <span class='ocrx_word' id='word_1_190' title='bbox 935 1573 1108 1628; x_wconf 86' lang='grc' dir='ltr'><strong><em>μάλιστα</em></strong></span> <span class='ocrx_word' id='word_1_191' title='bbox 1127 1577 1310 1630; x_wconf 77' lang='grc' dir='ltr'><strong><em>ἠξίωσεν·</em></strong></span> <span class='ocrx_word' id='word_1_192' title='bbox 1346 1578 1458 1633; x_wconf 84' lang='grc' dir='ltr'><strong><em>ὃλίγα</em></strong></span> <span class='ocrx_word' id='word_1_193' title='bbox 1482 1579 1528 1620; x_wconf 82' lang='grc' dir='ltr'><strong><em>δέ</em></strong></span> <span class='ocrx_word' id='word_1_194' title='bbox 1541 1596 1612 1632; x_wconf 91' lang='grc' dir='ltr'><strong><em>μοι</em></strong></span> <span class='ocrx_word' id='word_1_195' title='bbox 1630 1579 1731 1622; x_wconf 73' lang='grc' dir='ltr'><strong><em>ἄττα</em></strong></span> 
     </span>
     <span class='ocr_line' id='line_1_23' title="bbox 174 1640 1059 1696; baseline 0.006 -17"><span class='ocrx_word' id='word_1_196' title='bbox 174 1663 193 1675; x_wconf 56' lang='lat' dir='ltr'><strong>s</strong></span> <span class='ocrx_word' id='word_1_197' title='bbox 303 1644 381 1680; x_wconf 80' lang='grc' dir='ltr'><strong><em>τῶν</em></strong></span> <span class='ocrx_word' id='word_1_198' title='bbox 399 1642 491 1695; x_wconf 73' lang='grc' dir='ltr'><strong><em>τῇδε</em></strong></span> <span class='ocrx_word' id='word_1_199' title='bbox 513 1642 791 1696; x_wconf 81' lang='grc' dir='ltr'><strong><em>πεπραγμένων</em></strong></span> <span class='ocrx_word' id='word_1_200' title='bbox 807 1640 1059 1696; x_wconf 79' lang='grc' dir='ltr'><strong><em>γεγράψεται.</em></strong></span> 
     </span>
     <span class='ocr_line' id='line_1_24' title="bbox 436 1708 1730 1766; baseline 0.005 -20"><span class='ocrx_word' id='word_1_201' title='bbox 436 1709 654 1763; x_wconf 80' lang='grc' dir='ltr'><strong><em>Παραρρεΐ</em></strong></span> <span class='ocrx_word' id='word_1_202' title='bbox 673 1709 744 1759; x_wconf 75' lang='grc' dir='ltr'><strong><em>μὲν</em></strong></span> <span class='ocrx_word' id='word_1_203' title='bbox 766 1709 837 1761; x_wconf 81' lang='grc' dir='ltr'><strong><em>τὴν</em></strong></span> <span class='ocrx_word' id='word_1_204' title='bbox 855 1710 1056 1761; x_wconf 85' lang='grc' dir='ltr'><strong><em>Ζηνοβιάν</em></strong></span> <span class='ocrx_word' id='word_1_205' title='bbox 1079 1708 1295 1766; x_wconf 74' lang='grc' dir='ltr'><strong><em>Εὐφράτης</em></strong></span> <span class='ocrx_word' id='word_1_206' title='bbox 1318 1709 1496 1763; x_wconf 82' lang='grc' dir='ltr'><strong><em>ποταμὸς</em></strong></span> <span class='ocrx_word' id='word_1_207' title='bbox 1519 1710 1618 1765; x_wconf 82' lang='grc' dir='ltr'><strong><em>πρὸς</em></strong></span> <span class='ocrx_word' id='word_1_208' title='bbox 1645 1710 1730 1752; x_wconf 82' lang='grc' dir='ltr'><strong><em>ἀνί-</em></strong></span> 
     </span>
     <span class='ocr_line' id='line_1_25' title="bbox 303 1771 1729 1832; baseline 0.004 -19"><span class='ocrx_word' id='word_1_209' title='bbox 303 1771 449 1825; x_wconf 79' lang='grc' dir='ltr'><strong><em>σχοντά</em></strong></span> <span class='ocrx_word' id='word_1_210' title='bbox 476 1790 552 1814; x_wconf 89' lang='grc' dir='ltr'><strong><em>που</em></strong></span> <span class='ocrx_word' id='word_1_211' title='bbox 584 1773 651 1814; x_wconf 82' lang='grc' dir='ltr'><strong><em>τὸν</em></strong></span> <span class='ocrx_word' id='word_1_212' title='bbox 673 1773 807 1826; x_wconf 74' lang='grc' dir='ltr'><strong><em>ἥλιον,</em></strong></span> <span class='ocrx_word' id='word_1_213' title='bbox 841 1772 895 1822; x_wconf 79' lang='grc' dir='ltr'><strong><em>ὥς</em></strong></span> <span class='ocrx_word' id='word_1_214' title='bbox 922 1774 1127 1828; x_wconf 85' lang='grc' dir='ltr'><strong><em>ἀγχοτάτω</em></strong></span> <span class='ocrx_word' id='word_1_215' title='bbox 1158 1781 1227 1817; x_wconf 81' lang='grc' dir='ltr'><strong><em>τοῦ</em></strong></span> <span class='ocrx_word' id='word_1_216' title='bbox 1256 1778 1378 1831; x_wconf 66' lang='grc' dir='ltr'><strong><em>ἐκείνῃ</em></strong></span> <span class='ocrx_word' id='word_1_217' title='bbox 1406 1775 1615 1832; x_wconf 82' lang='grc' dir='ltr'><strong><em>περιβόλου</em></strong></span> <span class='ocrx_word' id='word_1_218' title='bbox 1635 1777 1729 1828; x_wconf 68' lang='grc' dir='ltr'><strong><em>ἰὼν,</em></strong></span> 
     </span>
     <span class='ocr_line' id='line_1_26' title="bbox 182 1838 1782 1902; baseline 0.004 -23"><span class='ocrx_word' id='word_1_219' title='bbox 182 1844 215 1877; x_wconf 81' lang='grc' dir='ltr'>Η</span> <span class='ocrx_word' id='word_1_220' title='bbox 238 1845 282 1880; x_wconf 77' lang='lat'><strong><em>23</em></strong></span> <span class='ocrx_word' id='word_1_221' title='bbox 305 1838 408 1894; x_wconf 80' lang='grc' dir='ltr'><strong><em>ὀρῶν</em></strong></span> <span class='ocrx_word' id='word_1_222' title='bbox 438 1840 481 1880; x_wconf 79' lang='grc' dir='ltr'><strong><em>δὲ</em></strong></span> <span class='ocrx_word' id='word_1_223' title='bbox 506 1840 603 1895; x_wconf 72' lang='grc' dir='ltr'><strong><em>παρ’</em></strong></span> <span class='ocrx_word' id='word_1_224' title='bbox 630 1839 749 1882; x_wconf 78' lang='grc' dir='ltr'><strong><em>αὐτὸν</em></strong></span> <span class='ocrx_word' id='word_1_225' title='bbox 777 1838 944 1894; x_wconf 71' lang='grc' dir='ltr'><strong><em>ὑψηλῶν</em></strong></span> <span class='ocrx_word' id='word_1_226' title='bbox 963 1841 1178 1894; x_wconf 82' lang='grc' dir='ltr'><strong><em>ἀνεχόντων</em></strong></span> <span class='ocrx_word' id='word_1_227' title='bbox 1195 1844 1236 1885; x_wconf 73' lang='grc' dir='ltr'><strong><em>ἐν</em></strong></span> <span class='ocrx_word' id='word_1_228' title='bbox 1260 1841 1387 1901; x_wconf 71' lang='grc' dir='ltr'><strong><em>τούτῳ</em></strong></span> <span class='ocrx_word' id='word_1_229' title='bbox 1410 1847 1467 1901; x_wconf 68' lang='grc' dir='ltr'><strong><em>τῷ</em></strong></span> <span class='ocrx_word' id='word_1_230' title='bbox 1490 1841 1611 1902; x_wconf 79' lang='grc' dir='ltr'><strong><em>χώρῳ</em></strong></span> <span class='ocrx_word' id='word_1_231' title='bbox 1635 1847 1782 1886; x_wconf 77' lang='grc' dir='ltr'><strong><em>δια-25</em></strong></span> 
     </span>
    </p>
   </div>
   <div class='ocr_carea' id='block_1_3' title="bbox 298 2009 1729 2770">
    <p class='ocr_par' dir='ltr' id='par_1_3' title="bbox 299 2009 1729 2676">
     <span class='ocr_line' id='line_1_27' title="bbox 303 2009 1729 2057; baseline 0.004 -15"><span class='ocrx_word' id='word_1_232' title='bbox 303 2009 413 2052; x_wconf 80' lang='lat' dir='ltr'><strong>ouria,</strong></span> <span class='ocrx_word' id='word_1_233' title='bbox 438 2009 562 2044; x_wconf 83' lang='lat' dir='ltr'><strong>civibus</strong></span> <span class='ocrx_word' id='word_1_234' title='bbox 578 2009 706 2044; x_wconf 88' lang='lat' dir='ltr'><strong>omnino</strong></span> <span class='ocrx_word' id='word_1_235' title='bbox 721 2011 882 2046; x_wconf 78' lang='lat' dir='ltr'><strong>exhausit.</strong></span> <span class='ocrx_word' id='word_1_236' title='bbox 930 2014 1046 2054; x_wconf 81' lang='lat' dir='ltr'><strong>Quare</strong></span> <span class='ocrx_word' id='word_1_237' title='bbox 1061 2013 1192 2057; x_wconf 74' lang='lat' dir='ltr'><strong>Persis,</strong></span> <span class='ocrx_word' id='word_1_238' title='bbox 1216 2014 1343 2057; x_wconf 79' lang='lat' dir='ltr'><strong>quoties</strong></span> <span class='ocrx_word' id='word_1_239' title='bbox 1359 2013 1536 2047; x_wconf 82' lang='lat' dir='ltr'><strong>collibitum</strong></span> <span class='ocrx_word' id='word_1_240' title='bbox 1553 2018 1662 2056; x_wconf 78' lang='lat' dir='ltr'><strong>esset,</strong></span> <span class='ocrx_word' id='word_1_241' title='bbox 1685 2015 1729 2049; x_wconf 87' lang='lat' dir='ltr'><strong><em>li-</em></strong></span> 
     </span>
     <span class='ocr_line' id='line_1_28' title="bbox 300 2054 1727 2103; baseline 0.005 -18"><span class='ocrx_word' id='word_1_242' title='bbox 300 2055 398 2087; x_wconf 81' lang='lat' dir='ltr'><strong>cebat</strong></span> <span class='ocrx_word' id='word_1_243' title='bbox 412 2054 443 2087; x_wconf 92' lang='lat' dir='ltr'><strong><em>in</em></strong></span> <span class='ocrx_word' id='word_1_244' title='bbox 460 2055 582 2087; x_wconf 82' lang='lat' dir='ltr'><strong>medios</strong></span> <span class='ocrx_word' id='word_1_245' title='bbox 599 2056 764 2089; x_wconf 85' lang='lat' dir='ltr'><strong><em>Romanos</em></strong></span> <span class='ocrx_word' id='word_1_246' title='bbox 778 2069 852 2090; x_wconf 88' lang='lat' dir='ltr'><strong>sese</strong></span> <span class='ocrx_word' id='word_1_247' title='bbox 866 2057 999 2098; x_wconf 78' lang='lat' dir='ltr'><strong>inferre,</strong></span> <span class='ocrx_word' id='word_1_248' title='bbox 1022 2058 1164 2091; x_wconf 85' lang='lat' dir='ltr'><strong>celerius</strong></span> <span class='ocrx_word' id='word_1_249' title='bbox 1180 2059 1268 2091; x_wconf 81' lang='lat' dir='ltr'><strong>fama</strong></span> <span class='ocrx_word' id='word_1_250' title='bbox 1288 2059 1451 2091; x_wconf 79' lang='lat' dir='ltr'><strong>adventus</strong></span> <span class='ocrx_word' id='word_1_251' title='bbox 1473 2058 1534 2092; x_wconf 88' lang='lat' dir='ltr'><strong>sui.</strong></span> <span class='ocrx_word' id='word_1_252' title='bbox 1581 2059 1727 2103; x_wconf 81' lang='lat' dir='ltr'><strong>Impera-</strong></span> 
     </span>
     <span class='ocr_line' id='line_1_29' title="bbox 303 2099 1726 2146; baseline 0.004 -16"><span class='ocrx_word' id='word_1_253' title='bbox 303 2102 358 2131; x_wconf 83' lang='lat' dir='ltr'><strong><em>tor</em></strong></span> <span class='ocrx_word' id='word_1_254' title='bbox 372 2110 452 2131; x_wconf 86' lang='lat' dir='ltr'><strong>vero</strong></span> <span class='ocrx_word' id='word_1_255' title='bbox 470 2099 663 2132; x_wconf 80' lang='lat' dir='ltr'><strong>lustinianus</strong></span> <span class='ocrx_word' id='word_1_256' title='bbox 677 2100 877 2141; x_wconf 86' lang='lat' dir='ltr'><strong>Zenobiam,</strong></span> <span class='ocrx_word' id='word_1_257' title='bbox 900 2102 942 2134; x_wconf 79' lang='lat' dir='ltr'><strong><em>ab</em></strong></span> <span class='ocrx_word' id='word_1_258' title='bbox 967 2101 1096 2145; x_wconf 81' lang='lat' dir='ltr'><strong>integro</strong></span> <span class='ocrx_word' id='word_1_259' title='bbox 1119 2102 1381 2144; x_wconf 79' lang='lat' dir='ltr'><strong>reaedificatam,</strong></span> <span class='ocrx_word' id='word_1_260' title='bbox 1402 2113 1520 2146; x_wconf 78' lang='lat' dir='ltr'><strong>magno</strong></span> <span class='ocrx_word' id='word_1_261' title='bbox 1546 2102 1726 2136; x_wconf 86' lang='lat' dir='ltr'><strong>incolarum</strong></span> 
     </span>
     <span class='ocr_line' id='line_1_30' title="bbox 303 2144 1726 2191; baseline 0.006 -17"><span class='ocrx_word' id='word_1_262' title='bbox 303 2153 438 2176; x_wconf 87' lang='lat' dir='ltr'><strong>numero</strong></span> <span class='ocrx_word' id='word_1_263' title='bbox 455 2144 695 2187; x_wconf 79' lang='lat' dir='ltr'><strong>frequentavit,</strong></span> <span class='ocrx_word' id='word_1_264' title='bbox 718 2145 982 2189; x_wconf 81' lang='lat' dir='ltr'><strong>validissimoque</strong></span> <span class='ocrx_word' id='word_1_265' title='bbox 997 2147 1160 2190; x_wconf 86' lang='lat' dir='ltr'><strong>praesidio</strong></span> <span class='ocrx_word' id='word_1_266' title='bbox 1177 2157 1247 2179; x_wconf 90' lang='lat' dir='ltr'><strong>cum</strong></span> <span class='ocrx_word' id='word_1_267' title='bbox 1263 2147 1346 2180; x_wconf 90' lang='lat' dir='ltr'><strong>duce</strong></span> <span class='ocrx_word' id='word_1_268' title='bbox 1368 2147 1414 2180; x_wconf 90' lang='lat' dir='ltr'><strong><em>ibi</em></strong></span> <span class='ocrx_word' id='word_1_269' title='bbox 1432 2147 1629 2191; x_wconf 83' lang='lat' dir='ltr'><strong>constituto,</strong></span> <span class='ocrx_word' id='word_1_270' title='bbox 1653 2149 1726 2182; x_wconf 86' lang='lat' dir='ltr'><strong><em>Ro-</em></strong></span> 
     </span>
     <span class='ocr_line' id='line_1_31' title="bbox 303 2187 1726 2232; baseline 0.006 -14"><span class='ocrx_word' id='word_1_271' title='bbox 303 2187 387 2219; x_wconf 83' lang='lat' dir='ltr'><strong>mani</strong></span> <span class='ocrx_word' id='word_1_272' title='bbox 404 2187 530 2230; x_wconf 87' lang='lat' dir='ltr'><strong>imperii</strong></span> <span class='ocrx_word' id='word_1_273' title='bbox 546 2189 824 2232; x_wconf 79' lang='lat' dir='ltr'>propugnaculum</span> <span class='ocrx_word' id='word_1_274' title='bbox 839 2190 929 2230; x_wconf 77' lang='lat' dir='ltr'><strong>fecit,</strong></span> <span class='ocrx_word' id='word_1_275' title='bbox 943 2191 1056 2223; x_wconf 82' lang='lat' dir='ltr'><strong>Persis</strong></span> <span class='ocrx_word' id='word_1_276' title='bbox 1070 2191 1235 2225; x_wconf 85' lang='lat' dir='ltr'><strong>infestum.</strong></span> <span class='ocrx_word' id='word_1_277' title='bbox 1280 2192 1356 2225; x_wconf 90' lang='lat' dir='ltr'><strong>Nec</strong></span> <span class='ocrx_word' id='word_1_278' title='bbox 1371 2192 1450 2225; x_wconf 78' lang='lat' dir='ltr'><strong>satis</strong></span> <span class='ocrx_word' id='word_1_279' title='bbox 1465 2192 1578 2225; x_wconf 82' lang='lat' dir='ltr'><strong>habuit</strong></span> <span class='ocrx_word' id='word_1_280' title='bbox 1591 2193 1726 2226; x_wconf 75' lang='lat' dir='ltr'><strong>formam</strong></span> 
     </span>
     <span class='ocr_line' id='line_1_32' title="bbox 300 2231 1727 2279; baseline 0.005 -16"><span class='ocrx_word' id='word_1_281' title='bbox 300 2231 472 2274; x_wconf 81' lang='lat' dir='ltr'><strong>pristinam</strong></span> <span class='ocrx_word' id='word_1_282' title='bbox 489 2231 563 2264; x_wconf 90' lang='lat' dir='ltr'><strong>urbi</strong></span> <span class='ocrx_word' id='word_1_283' title='bbox 581 2233 738 2266; x_wconf 83' lang='lat' dir='ltr'>reddere:</span> <span class='ocrx_word' id='word_1_284' title='bbox 766 2234 930 2267; x_wconf 81' lang='lat' dir='ltr'><strong>firmitatis</strong></span> <span class='ocrx_word' id='word_1_285' title='bbox 955 2234 1051 2268; x_wconf 81' lang='lat' dir='ltr'><strong>etiam</strong></span> <span class='ocrx_word' id='word_1_286' title='bbox 1066 2235 1236 2279; x_wconf 83' lang='lat' dir='ltr'><strong>plurimum</strong></span> <span class='ocrx_word' id='word_1_287' title='bbox 1251 2235 1380 2269; x_wconf 81' lang='lat' dir='ltr'><strong>adiecit.</strong></span> <span class='ocrx_word' id='word_1_288' title='bbox 1427 2236 1509 2269; x_wconf 89' lang='lat' dir='ltr'><strong>Cum</strong></span> <span class='ocrx_word' id='word_1_289' title='bbox 1527 2237 1612 2270; x_wconf 87' lang='lat' dir='ltr'><strong>enim</strong></span> <span class='ocrx_word' id='word_1_290' title='bbox 1629 2237 1727 2270; x_wconf 76' lang='lat' dir='ltr'><strong>vicini</strong></span> 
     </span>
     <span class='ocr_line' id='line_1_33' title="bbox 301 2275 1724 2325; baseline 0.005 -18"><span class='ocrx_word' id='word_1_291' title='bbox 301 2275 441 2319; x_wconf 79' lang='lat' dir='ltr'><strong>scopuli,</strong></span> <span class='ocrx_word' id='word_1_292' title='bbox 465 2276 581 2319; x_wconf 86' lang='lat' dir='ltr'><strong>quibus</strong></span> <span class='ocrx_word' id='word_1_293' title='bbox 597 2277 703 2310; x_wconf 83' lang='lat' dir='ltr'><strong>cincta</strong></span> <span class='ocrx_word' id='word_1_294' title='bbox 719 2285 786 2317; x_wconf 85' lang='lat' dir='ltr'><strong>est,</strong></span> <span class='ocrx_word' id='word_1_295' title='bbox 810 2279 956 2312; x_wconf 79' lang='lat' dir='ltr'><strong>hostibus</strong></span> <span class='ocrx_word' id='word_1_296' title='bbox 975 2280 1252 2323; x_wconf 76' lang='lat' dir='ltr'><strong>opportunitatem</strong></span> <span class='ocrx_word' id='word_1_297' title='bbox 1268 2281 1466 2325; x_wconf 80' lang='lat' dir='ltr'><strong>praeberent</strong></span> <span class='ocrx_word' id='word_1_298' title='bbox 1489 2281 1636 2314; x_wconf 80' lang='lat' dir='ltr'><strong>mittendi</strong></span> <span class='ocrx_word' id='word_1_299' title='bbox 1657 2283 1724 2315; x_wconf 78' lang='lat' dir='ltr'><strong>tela</strong></span> 
     </span>
     <span class='ocr_line' id='line_1_34' title="bbox 301 2318 1722 2368; baseline 0.005 -17"><span class='ocrx_word' id='word_1_300' title='bbox 301 2331 342 2352; x_wconf 87' lang='lat' dir='ltr'><strong>ex</strong></span> <span class='ocrx_word' id='word_1_301' title='bbox 358 2319 447 2352; x_wconf 82' lang='lat' dir='ltr'><strong>edito</strong></span> <span class='ocrx_word' id='word_1_302' title='bbox 464 2318 498 2352; x_wconf 85' lang='lat' dir='ltr'><strong><em>in</em></strong></span> <span class='ocrx_word' id='word_1_303' title='bbox 513 2321 704 2355; x_wconf 84' lang='lat' dir='ltr'><strong>defensores</strong></span> <span class='ocrx_word' id='word_1_304' title='bbox 719 2322 821 2363; x_wconf 84' lang='lat' dir='ltr'><strong>muri3</strong></span> <span class='ocrx_word' id='word_1_305' title='bbox 843 2323 960 2356; x_wconf 85' lang='lat' dir='ltr'><strong>malum</strong></span> <span class='ocrx_word' id='word_1_306' title='bbox 975 2323 1030 2357; x_wconf 87' lang='lat' dir='ltr'><strong>ille</strong></span> <span class='ocrx_word' id='word_1_307' title='bbox 1048 2329 1202 2357; x_wconf 80' lang='lat' dir='ltr'><strong>avertere</strong></span> <span class='ocrx_word' id='word_1_308' title='bbox 1215 2330 1382 2368; x_wconf 82' lang='lat' dir='ltr'>satagens,</span> <span class='ocrx_word' id='word_1_309' title='bbox 1404 2325 1535 2368; x_wconf 82' lang='lat' dir='ltr'><strong>fastigio</strong></span> <span class='ocrx_word' id='word_1_310' title='bbox 1549 2325 1722 2368; x_wconf 85' lang='lat' dir='ltr'><strong>moenium,</strong></span> 
     </span>
     <span class='ocr_line' id='line_1_35' title="bbox 300 2364 1724 2413; baseline 0.006 -18"><span class='ocrx_word' id='word_1_311' title='bbox 300 2374 365 2407; x_wconf 83' lang='lat' dir='ltr'><strong>qua</strong></span> <span class='ocrx_word' id='word_1_312' title='bbox 380 2364 484 2397; x_wconf 85' lang='lat' dir='ltr'><strong>minus</strong></span> <span class='ocrx_word' id='word_1_313' title='bbox 500 2375 519 2396; x_wconf 89' lang='lat' dir='ltr'>a</span> <span class='ocrx_word' id='word_1_314' title='bbox 533 2366 675 2409; x_wconf 80' lang='lat' dir='ltr'><strong>scopulis</strong></span> <span class='ocrx_word' id='word_1_315' title='bbox 690 2366 831 2410; x_wconf 82' lang='lat' dir='ltr'><strong>distant,</strong></span> <span class='ocrx_word' id='word_1_316' title='bbox 857 2368 1006 2411; x_wconf 82' lang='lat' dir='ltr'><strong>quiddam</strong></span> <span class='ocrx_word' id='word_1_317' title='bbox 1021 2368 1107 2401; x_wconf 85' lang='lat' dir='ltr'><strong>aliud</strong></span> <span class='ocrx_word' id='word_1_318' title='bbox 1125 2369 1284 2410; x_wconf 82' lang='lat' dir='ltr'><strong>astruxit,</strong></span> <span class='ocrx_word' id='word_1_319' title='bbox 1309 2380 1373 2412; x_wconf 90' lang='lat' dir='ltr'><strong>quo</strong></span> <span class='ocrx_word' id='word_1_320' title='bbox 1389 2380 1518 2413; x_wconf 79' lang='lat' dir='ltr'><strong>semper</strong></span> <span class='ocrx_word' id='word_1_321' title='bbox 1530 2373 1724 2412; x_wconf 75' lang='lat' dir='ltr'><strong>tegerentur</strong></span> 
     </span>
     <span class='ocr_line' id='line_1_36' title="bbox 299 2410 1723 2457; baseline 0.005 -17"><span class='ocrx_word' id='word_1_322' title='bbox 299 2413 573 2452; x_wconf 81' lang='lat' dir='ltr'><strong>propugnatores.</strong></span> <span class='ocrx_word' id='word_1_323' title='bbox 603 2413 685 2444; x_wconf 71' lang='lat' dir='ltr'><strong>Alae</strong></span> <span class='ocrx_word' id='word_1_324' title='bbox 703 2410 777 2444; x_wconf 84' lang='lat' dir='ltr'><strong>ideo</strong></span> <span class='ocrx_word' id='word_1_325' title='bbox 793 2416 925 2454; x_wconf 79' lang='lat' dir='ltr'><strong>vocant,</strong></span> <span class='ocrx_word' id='word_1_326' title='bbox 940 2412 1026 2456; x_wconf 85' lang='lat' dir='ltr'><strong>quod</strong></span> <span class='ocrx_word' id='word_1_327' title='bbox 1043 2413 1132 2456; x_wconf 78' lang='lat' dir='ltr'><strong>quasi</strong></span> <span class='ocrx_word' id='word_1_328' title='bbox 1156 2424 1246 2446; x_wconf 86' lang='lat' dir='ltr'><strong>muro</strong></span> <span class='ocrx_word' id='word_1_329' title='bbox 1262 2423 1452 2457; x_wconf 83' lang='lat' dir='ltr'><strong>suspensum</strong></span> <span class='ocrx_word' id='word_1_330' title='bbox 1473 2413 1639 2447; x_wconf 76' lang='lat' dir='ltr'><strong>videatur.</strong></span> <span class='ocrx_word' id='word_1_331' title='bbox 1675 2417 1723 2448; x_wconf 77' lang='lat' dir='ltr'><strong><em>Ac</em></strong></span> 
     </span>
     <span class='ocr_line' id='line_1_37' title="bbox 299 2452 1723 2503; baseline 0.004 -18"><span class='ocrx_word' id='word_1_332' title='bbox 299 2453 389 2486; x_wconf 78' lang='lat' dir='ltr'><strong>nulla</strong></span> <span class='ocrx_word' id='word_1_333' title='bbox 404 2452 533 2496; x_wconf 86' lang='lat' dir='ltr'><strong>quidem</strong></span> <span class='ocrx_word' id='word_1_334' title='bbox 549 2454 654 2487; x_wconf 85' lang='lat' dir='ltr'><strong>oratio</strong></span> <span class='ocrx_word' id='word_1_335' title='bbox 671 2456 844 2499; x_wconf 78' lang='lat' dir='ltr'><strong>complecti</strong></span> <span class='ocrx_word' id='word_1_336' title='bbox 859 2462 969 2501; x_wconf 81' lang='lat' dir='ltr'><strong>potest</strong></span> <span class='ocrx_word' id='word_1_337' title='bbox 984 2457 1142 2501; x_wconf 88' lang='lat' dir='ltr'><strong>quidquid</strong></span> <span class='ocrx_word' id='word_1_338' title='bbox 1159 2458 1335 2503; x_wconf 78' lang='lat' dir='ltr'><strong>imperator</strong></span> <span class='ocrx_word' id='word_1_339' title='bbox 1351 2462 1462 2490; x_wconf 76' lang='lat' dir='ltr'><strong>noster</strong></span> <span class='ocrx_word' id='word_1_340' title='bbox 1477 2458 1647 2492; x_wconf 77' lang='lat' dir='ltr'><strong><em>Zenobiae</em></strong></span> <span class='ocrx_word' id='word_1_341' title='bbox 1660 2459 1723 2492; x_wconf 87' lang='lat' dir='ltr'><strong>be·-</strong></span> 
     </span>
     <span class='ocr_line' id='line_1_38' title="bbox 300 2496 1722 2548; baseline 0.006 -20"><span class='ocrx_word' id='word_1_342' title='bbox 300 2496 399 2539; x_wconf 85' lang='lat' dir='ltr'><strong>nigne</strong></span> <span class='ocrx_word' id='word_1_343' title='bbox 415 2497 598 2541; x_wconf 74' lang='lat' dir='ltr'><strong>praestititt</strong></span> <span class='ocrx_word' id='word_1_344' title='bbox 621 2499 780 2542; x_wconf 83' lang='lat' dir='ltr'><strong>siquidem</strong></span> <span class='ocrx_word' id='word_1_345' title='bbox 795 2502 908 2534; x_wconf 82' lang='lat' dir='ltr'><strong>urbem</strong></span> <span class='ocrx_word' id='word_1_346' title='bbox 924 2501 1036 2544; x_wconf 85' lang='lat' dir='ltr'><strong>procul</strong></span> <span class='ocrx_word' id='word_1_347' title='bbox 1051 2501 1146 2535; x_wconf 83' lang='lat' dir='ltr'><strong>sitam</strong></span> <span class='ocrx_word' id='word_1_348' title='bbox 1163 2502 1196 2535; x_wconf 92' lang='lat' dir='ltr'><strong><em>in</em></strong></span> <span class='ocrx_word' id='word_1_349' title='bbox 1211 2501 1401 2543; x_wconf 82' lang='lat' dir='ltr'><strong>solitudine,</strong></span> <span class='ocrx_word' id='word_1_350' title='bbox 1422 2512 1462 2534; x_wconf 81' lang='lat' dir='ltr'><strong><em>ac</em></strong></span> <span class='ocrx_word' id='word_1_351' title='bbox 1478 2503 1617 2546; x_wconf 85' lang='lat' dir='ltr'><strong>proinde</strong></span> <span class='ocrx_word' id='word_1_352' title='bbox 1631 2503 1722 2548; x_wconf 81' lang='lat' dir='ltr'><strong>peri-</strong></span> 
     </span>
     <span class='ocr_line' id='line_1_39' title="bbox 300 2541 1722 2590; baseline 0.005 -16"><span class='ocrx_word' id='word_1_353' title='bbox 300 2541 382 2574; x_wconf 86' lang='lat' dir='ltr'><strong>culis</strong></span> <span class='ocrx_word' id='word_1_354' title='bbox 397 2551 500 2585; x_wconf 82' lang='lat' dir='ltr'><strong>usque</strong></span> <span class='ocrx_word' id='word_1_355' title='bbox 516 2542 700 2584; x_wconf 80' lang='lat' dir='ltr'><strong>obnoxiam,</strong></span> <span class='ocrx_word' id='word_1_356' title='bbox 723 2545 899 2588; x_wconf 81' lang='lat' dir='ltr'><strong>auxiliique</strong></span> <span class='ocrx_word' id='word_1_357' title='bbox 913 2544 1056 2588; x_wconf 86' lang='lat' dir='ltr'><strong>inopem,</strong></span> <span class='ocrx_word' id='word_1_358' title='bbox 1079 2550 1195 2590; x_wconf 86' lang='lat' dir='ltr'><strong>utpote</strong></span> <span class='ocrx_word' id='word_1_359' title='bbox 1210 2546 1351 2579; x_wconf 73' lang='lat' dir='ltr'><strong>dissitam</strong></span> <span class='ocrx_word' id='word_1_360' title='bbox 1363 2557 1383 2579; x_wconf 78' lang='lat' dir='ltr'><strong>a</strong></span> <span class='ocrx_word' id='word_1_361' title='bbox 1397 2547 1567 2588; x_wconf 84' lang='lat' dir='ltr'><strong>Romanis,</strong></span> <span class='ocrx_word' id='word_1_362' title='bbox 1583 2558 1722 2581; x_wconf 79' lang='lat' dir='ltr'><strong>accura-</strong></span> 
     </span>
     <span class='ocr_line' id='line_1_40' title="bbox 299 2584 1720 2634; baseline 0.006 -17"><span class='ocrx_word' id='word_1_363' title='bbox 299 2584 386 2626; x_wconf 82' lang='lat' dir='ltr'><strong>tius,</strong></span> <span class='ocrx_word' id='word_1_364' title='bbox 409 2591 447 2618; x_wconf 87' lang='lat' dir='ltr'><strong>ut</strong></span> <span class='ocrx_word' id='word_1_365' title='bbox 463 2591 712 2620; x_wconf 82' lang='lat' dir='ltr'><strong>consentaneum</strong></span> <span class='ocrx_word' id='word_1_366' title='bbox 736 2592 825 2632; x_wconf 77' lang='lat' dir='ltr'><strong>erat,</strong></span> <span class='ocrx_word' id='word_1_367' title='bbox 848 2599 944 2632; x_wconf 78' lang='lat' dir='ltr'><strong>quam</strong></span> <span class='ocrx_word' id='word_1_368' title='bbox 964 2594 1113 2623; x_wconf 82' lang='lat' dir='ltr'><strong>caeteras</strong></span> <span class='ocrx_word' id='word_1_369' title='bbox 1130 2601 1242 2624; x_wconf 80' lang='lat' dir='ltr'><strong>omnes</strong></span> <span class='ocrx_word' id='word_1_370' title='bbox 1267 2591 1398 2624; x_wconf 76' lang='lat' dir='ltr'><strong>muniitz</strong></span> <span class='ocrx_word' id='word_1_371' title='bbox 1423 2603 1484 2634; x_wconf 83' lang='lat' dir='ltr'><strong>ego</strong></span> <span class='ocrx_word' id='word_1_372' title='bbox 1500 2602 1581 2625; x_wconf 82' lang='lat' dir='ltr'><strong>vero</strong></span> <span class='ocrx_word' id='word_1_373' title='bbox 1597 2603 1720 2634; x_wconf 85' lang='lat' dir='ltr'><strong>eorum,</strong></span> 
     </span>
     <span class='ocr_line' id='line_1_41' title="bbox 299 2628 1006 2676; baseline 0.004 -14"><span class='ocrx_word' id='word_1_374' title='bbox 299 2640 386 2674; x_wconf 76' lang='lat' dir='ltr'><strong>quae</strong></span> <span class='ocrx_word' id='word_1_375' title='bbox 400 2628 446 2663; x_wconf 91' lang='lat' dir='ltr'><strong><em>ibi</em></strong></span> <span class='ocrx_word' id='word_1_376' title='bbox 461 2630 583 2663; x_wconf 81' lang='lat' dir='ltr'><strong>effecta</strong></span> <span class='ocrx_word' id='word_1_377' title='bbox 596 2636 691 2672; x_wconf 81' lang='lat' dir='ltr'><strong>sunt,</strong></span> <span class='ocrx_word' id='word_1_378' title='bbox 716 2643 823 2676; x_wconf 82' lang='lat' dir='ltr'><strong>pauca</strong></span> <span class='ocrx_word' id='word_1_379' title='bbox 837 2633 1006 2675; x_wconf 78' lang='lat' dir='ltr'><strong>attingam.</strong></span> 
     </span>
    </p>

    <p class='ocr_par' dir='ltr' id='par_1_4' title="bbox 298 2674 1717 2770">
     <span class='ocr_line' id='line_1_42' title="bbox 387 2674 1717 2724; baseline 0.004 -17"><span class='ocrx_word' id='word_1_380' title='bbox 387 2674 565 2708; x_wconf 81' lang='lat' dir='ltr'><strong>Zenobiam</strong></span> <span class='ocrx_word' id='word_1_381' title='bbox 581 2675 674 2709; x_wconf 85' lang='lat' dir='ltr'><strong>alluit</strong></span> <span class='ocrx_word' id='word_1_382' title='bbox 694 2675 812 2710; x_wconf 86' lang='lat' dir='ltr'><strong>flumen</strong></span> <span class='ocrx_word' id='word_1_383' title='bbox 829 2677 1032 2721; x_wconf 78' lang='lat' dir='ltr'><strong>Euphrates,</strong></span> <span class='ocrx_word' id='word_1_384' title='bbox 1054 2678 1096 2710; x_wconf 86' lang='lat' dir='ltr'><strong><em>ab</em></strong></span> <span class='ocrx_word' id='word_1_385' title='bbox 1119 2677 1246 2711; x_wconf 87' lang='lat' dir='ltr'><strong>oriente</strong></span> <span class='ocrx_word' id='word_1_386' title='bbox 1264 2679 1325 2712; x_wconf 84' lang='lat' dir='ltr'><strong>sub</strong></span> <span class='ocrx_word' id='word_1_387' title='bbox 1348 2679 1515 2712; x_wconf 83' lang='lat' dir='ltr'><strong>moenibus</strong></span> <span class='ocrx_word' id='word_1_388' title='bbox 1538 2680 1717 2724; x_wconf 74' lang='lat' dir='ltr'><strong>praeterlu-</strong></span> 
     </span>
     <span class='ocr_line' id='line_1_43' title="bbox 298 2717 1716 2770; baseline 0.003 -18"><span class='ocrx_word' id='word_1_389' title='bbox 298 2717 389 2752; x_wconf 87' lang='lat' dir='ltr'><strong>bens.</strong></span> <span class='ocrx_word' id='word_1_390' title='bbox 427 2720 478 2753; x_wconf 82' lang='lat' dir='ltr'><strong><em>Et</em></strong></span> <span class='ocrx_word' id='word_1_391' title='bbox 493 2719 643 2763; x_wconf 75' lang='lat' dir='ltr'><strong>quoniam</strong></span> <span class='ocrx_word' id='word_1_392' title='bbox 659 2720 734 2754; x_wconf 75' lang='lat' dir='ltr'><strong>altis</strong></span> <span class='ocrx_word' id='word_1_393' title='bbox 748 2721 911 2756; x_wconf 78' lang='lat' dir='ltr'><strong>montibus</strong></span> <span class='ocrx_word' id='word_1_394' title='bbox 923 2722 1090 2756; x_wconf 86' lang='lat' dir='ltr'><strong>subiectus</strong></span> <span class='ocrx_word' id='word_1_395' title='bbox 1105 2727 1167 2764; x_wconf 83' lang='lat' dir='ltr'><strong>est,</strong></span> <span class='ocrx_word' id='word_1_396' title='bbox 1183 2735 1222 2757; x_wconf 88' lang='lat' dir='ltr'><strong>eo</strong></span> <span class='ocrx_word' id='word_1_397' title='bbox 1237 2723 1303 2757; x_wconf 84' lang='lat' dir='ltr'><strong>loci</strong></span> <span class='ocrx_word' id='word_1_398' title='bbox 1317 2723 1476 2769; x_wconf 76' lang='lat' dir='ltr'><strong>expatiari</strong></span> <span class='ocrx_word' id='word_1_399' title='bbox 1490 2736 1555 2758; x_wconf 88' lang='lat' dir='ltr'><strong>nou</strong></span> <span class='ocrx_word' id='word_1_400' title='bbox 1570 2730 1716 2770; x_wconf 70' lang='lat' dir='ltr'><strong>poteret:</strong></span> 
     </span>
    </p>
   </div>
  </div>
 </body>
</html>
