1800 3126
0 1146 4 1153 ·
0 1106 9 1127 ¹2
0 912 19 1089 μνῆ-Μ
0 825 17 921 xm&
2 792 19 833 ,φ
22 728 25 730 Ι
2 489 25 557 pes:
3 458 5 462 ·
0 270 27 442 ⁴⁴¹·k.v-“⁴⁴'³;,‘
0 163 26 223 -2-32‘·
2 118 26 135 ’-
9 78 20 100 ,›
17 8 31 22 ἶ

0 1406 15 1454 Α»,
9 1382 14 1391 .
5 1319 19 1366 3.
3 1281 15 1294 ῃ
0 1219 7 1234 “-
1 1199 6 1206 »
1 1175 4 1179 ·

492 142 552 187 ΙΝ
585 141 789 187 LIBROS
818 141 937 187 VIII.
1007 141 1082 184 DE
1111 140 1318 184 BELLIS.

219 252 280 289 fidi
294 252 322 296 Ι,
335 250 418 293 442,
442 251 496 287 17.
528 251 610 292 487,
635 251 687 288 13.
720 250 801 294 517,
825 251 881 286 10.

222 299 303 340 519,
320 299 353 333 2.
377 297 469 332 solae
487 297 577 344 apud
599 297 693 343 ipsos
714 296 883 331 foeminae

222 343 447 380 vaticinantur
461 343 489 384 Ι,
498 343 578 384 443,
591 345 626 379 7.
635 343 750 387 plures
759 343 883 377 habent

223 401 348 425 uxores
363 389 393 430 Ι,
408 389 488 431 452,
503 391 560 424 20.
583 400 722 433 quarum
739 400 806 434 ope
827 388 881 422 iu-

220 439 346 470 vantur
364 434 399 468 in
412 435 503 469 bello
527 435 554 473 Ι,
579 436 660 477 453,
686 436 720 470 6.
758 434 881 479 quibus

220 485 360 516 utantur
373 481 474 516 armis
492 482 516 523 Ι,
537 480 617 522 454,
643 481 696 515 16.
722 480 765 514 ad
788 479 881 514 obsi·

220 527 340 562 diones
371 527 707 572 oppugnationesque
748 526 881 560 urbium

218 584 336 620 parum
353 572 527 607 exercitati
550 573 579 614 Ι,
600 572 680 614 508,
707 573 760 607 19.
792 572 881 606 levi-

219 618 325 666 pedes
342 619 389 657 11.
407 620 485 660 120,
501 620 558 654 11.
582 618 676 652 victu
693 618 880 664 asperrimo

218 665 369 700 contenti
382 665 410 706 1,
430 665 510 706 434,
528 665 581 699 13.
608 675 673 709 quo
690 669 790 709 pacto
816 675 882 709 pa-

219 722 296 746 nem
325 715 471 756 coquant
498 710 529 751 Ι,
559 710 638 751 438,
670 709 726 744 15.
759 720 881 743 nomen

219 768 316 793 suum
331 757 477 791 retinent
490 756 551 789 sub
568 755 728 790 Gizerico
748 755 776 799 1,
798 756 880 799 343,

223 803 283 838 21.
307 802 420 837 Mauri
443 801 564 836 montis
591 801 724 836 Aurasii
748 801 880 835 incolae

217 848 247 891 Ι,
261 847 342 890 345,
357 849 390 884 7.
414 849 494 889 462,
512 848 567 882 19.
590 846 703 881 Mauri
729 846 879 892 Tripoli-

218 893 291 928 tani
312 893 347 927 in
372 893 499 938 templa
530 893 796 927 Christianorum
816 892 878 938 pii,

218 951 262 975 ex
278 939 388 984 impiis
411 938 574 972 Vandalis
605 939 781 972 victoriam
807 939 879 972 cla-

215 986 378 1020 rissunam
390 985 544 1018 referunt
557 984 587 1027 Ι,
599 984 678 1026 346,
693 985 748 1021 20.
764 984 879 1018 Mauri

216 1031 388 1075 B5zaceni
404 1030 539 1064 eosdem
551 1031 678 1075 praelio
689 1031 833 1064 fundunt
849 1031 876 1072 1,

215 1077 297 1118 349,
313 1076 367 1111 20.
385 1076 497 1111 Mauri
513 1076 739 1111 Mauritaniae
754 1075 879 1110 domini

214 1133 237 1157 a
251 1122 407 1156 Gadibus
430 1122 475 1156 ad
498 1121 621 1156 limites
638 1123 827 1156 Caesareae
849 1122 879 1165 Ι,

213 1169 294 1212 451,
309 1169 343 1204 7.
364 1169 445 1209 501,
468 1168 501 1203 5.
530 1167 644 1202 Mauri
669 1167 880 1203 Barbaricini

215 1214 251 1249 in
284 1213 452 1256 Sardinia,
482 1214 630 1248 latrones
658 1215 695 1256 1,
723 1213 811 1254 469.
843 1215 877 1249 1.

215 1259 332 1295 Mauri
363 1259 560 1293 Leucathae
596 1263 632 1294 et
661 1260 877 1294 Lebanthae:

216 1307 296 1340 vide
310 1306 396 1340 haec
408 1307 475 1339 duo
489 1306 658 1339 vocabula
684 1308 720 1340 in
745 1307 800 1340 lit.
832 1306 876 1340 L.

215 1351 411 1386 Maurorum
440 1351 550 1395 reguli
578 1350 722 1396 insignia
749 1351 875 1396 princi-

214 1405 318 1442 patus
334 1397 377 1430 ab
389 1396 591 1442 imperatore
606 1397 702 1434 Rom.
720 1398 875 1442 accipere

215 1442 320 1484 soliti,
336 1453 378 1476 ea
398 1447 516 1487 petunt
531 1454 551 1476 a
567 1443 726 1477 Belisario
752 1444 778 1483 1,
792 1445 874 1485 406,

214 1487 272 1523 15.
295 1488 496 1532 etaSergio
511 1488 539 1527 Ι,
558 1489 637 1529 502,
653 1489 686 1523 4.
713 1500 875 1533 quaenam

213 1533 397 1568 eafuerint
419 1535 448 1575 Ι,
479 1534 557 1573 406,
589 1537 644 1569 21.
677 1535 875 1568 Maurorum

210 1579 379 1659 {iffi-‚¹3
401 1579 875 1660 1⁰¹⁸?31¹’54⁶}dss·m53¹.¹53

428 1649 438 1666 ⁷
551 1651 559 1665 ν
612 1651 620 1659 ·

211 1676 289 1704 astu
307 1670 443 1716 capiunt
474 1671 502 1713 Ι,
524 1671 603 1712 510,
634 1672 666 1706 8.
691 1677 766 1706 astu
796 1672 875 1705 inde

236 1717 380 1750 elluntur
394 1716 424 1758 1,
438 1718 518 1757 511,
542 1718 600 1751 22.
626 1717 729 1751 Afros
753 1717 875 1751 crude-

224 1762 337 1796 issime
353 1765 480 1795 vexant
495 1761 522 1802 l,
538 1763 615 1801 512,
634 1762 687 1799 14.
711 1762 873 1797 Belisario

210 1807 353 1843 militant
370 1807 403 1840 in
420 1806 562 1841 Oriente
576 1808 590 1841 1
597 1834 604 1844 .
622 1809 702 1850 244,
717 1807 750 1843 5.
775 1812 812 1842 et
838 1808 874 1843 in

210 1853 314 1888 ltalia
328 1853 372 1894 ΙΙ,
385 1853 442 1893 26,
459 1854 513 1889 18.
538 1855 615 1894 120,
642 1853 674 1888 5.
703 1855 782 1892 137.
815 1856 871 1890 17.

209 1898 324 1934 Mauri
338 1898 506 1932 cuiusdam
525 1899 644 1933 vulnus
660 1899 812 1933 mirabile
837 1906 873 1935 et

235 1944 395 1979 ertinacia
410 1944 455 1986 11,
470 1942 551 1985 243,
577 1946 628 1979 17.
654 1945 686 1978 in
710 1945 828 1980 Africa
851 1957 872 1979 a

209 1957 340 2024 Mauris
355 1989 450 2035 quies
465 1989 511 2030 ΙΙ,
527 1990 606 2031 549,
621 1992 679 2025 20.

163 2043 348 2080 Mauricius
357 2046 474 2080 Mundi
483 2047 572 2081 filius
581 2048 626 2088 ΙΙ,
635 2048 691 2088 33,
701 2048 733 2082 9.
753 2048 872 2082 Theu-

208 2091 352 2126 dimundi
367 2097 467 2138 pater
482 2093 527 2136 ΙΙ,
549 2095 628 2133 287,
655 2095 708 2128 17.
753 2094 872 2128 Aruthi

177 2147 179 2149 ’
207 2149 305 2171 socer
320 2137 366 2178 ΙΙ,
379 2138 457 2180 599,
474 2139 506 2172 9.
531 2139 572 2172 de
589 2139 662 2173 eius
689 2139 792 2173 caede
814 2141 872 2174 Si-

205 2182 368 2227 byllinum
385 2185 554 2218 oraculum
569 2185 614 2227 11,
626 2185 681 2226 33,
698 2186 755 2220 22.

159 2239 367 2274 Mauritania
375 2240 494 2286 prima,
510 2241 599 2276 dicta
614 2242 715 2276 etiam
731 2242 827 2276 Zaba
839 2242 866 2286 Ι,

205 2287 344 2374 {2336}-
362 2287 433 2320 eius
459 2287 651 2333 metropolis
679 2288 821 2334 Sitipliis
843 2289 871 2331 Ι,

161 2388 366 2424 Mauritania
380 2389 526 2424 secunda
544 2389 744 2434 metropolin
766 2389 871 2424 habet

208 2435 409 2469 Caesaream
424 2436 452 2478 Ι,
474 2436 553 2478 501,
577 2437 610 2471 9.
636 2436 678 2469 ab
701 2436 764 2469 hac
787 2437 871 2470 urbe

204 2480 375 2562 ῗᾱὲιίᾱοε
384 2493 490 2527 usque
499 2481 870 2517 dominabanturMauti

224 2553 236 2569 2
321 2555 331 2570 a
347 2528 380 2562 8·

161 2581 389 2618 Maxentiolus
405 2583 615 2618 Constantini
627 2584 806 2618 Scutarius
821 2583 870 2627 11,

211 2629 288 2669 179,
309 2630 341 2663 1.
368 2632 444 2671 180,
462 2632 515 2664 12.

162 2672 354 2707 Maxentius
383 2675 538 2709 Belisarii
574 2675 776 2718 Protector,
815 2676 870 2710 vir

208 2719 304 2753 fortis
319 2719 364 2760 ΙΙ,
380 2721 436 2762 89,
450 2721 479 2754 Ι.

161 2763 363 2799 Maximinus
386 2771 522 2799 senator
547 2766 679 2810 legatus
705 2767 747 2801 ad
777 2767 866 2800 Viti-

207 2809 327 2857 ginll,
348 2811 430 2856 266,
454 2811 487 2847 5.
515 2812 716 2848 Praefectus
747 2813 864 2850 Praet-

1536 140 1631 186 511

971 248 1090 284 Italiae
1103 248 1146 291 ΙΙ,
1159 248 1240 290 302,
1258 248 1312 284 13.
1323 246 1395 282 eius
1405 247 1521 283 timida
1531 259 1634 283 cunc-

971 295 1054 330 tatio
1073 295 1119 339 ΙΙ,
1132 295 1211 337 305,
1226 294 1260 329 3.

926 341 1126 377 Maximinus
1142 339 1316 375 Theodori
1331 339 1468 375 satelles
1479 340 1634 383 tyranni-

972 387 1048 421 dem
1063 387 1205 421 affectat
1218 386 1254 420 in
1278 386 1395 420 Africa
1416 386 1443 425 Ι,
1470 386 1551 428 490,
1577 388 1633 420 18.

972 434 1051 475 491,
1069 435 1103 468 8.
1127 432 1343 477 suspenditur
1354 432 1382 474 Ι,
1400 431 1480 473 492,
1491 433 1548 466 20.

925 478 1093 514 Maximus
1118 478 1242 522 senior,
1273 484 1450 524 tyrannus,
1480 477 1636 511 aTheo-

971 525 1069 559 dosio
1094 525 1221 567 Magno
1247 524 1289 558 de
1313 524 1420 558 medio
1449 522 1579 556 tollitur
1605 523 1636 565 Ι,

971 572 1052 614 328,
1075 570 1110 606 4.
1144 571 1234 604 illius
1260 570 1373 604 clades
1406 570 1496 604 festo
1522 580 1635 603 annuo

972 617 1104 651 Romae
1118 617 1318 651 celebratur.
1329 617 1415 652 ibid.

925 661 1092 697 Maximus
1126 663 1257 704 iunior,
1285 667 1442 704 senator,
1481 673 1503 695 e
1527 660 1635 707 stirpe

971 708 1113 743 Maximi
1137 708 1275 743 senioris
1290 707 1428 752 tyranni
1445 706 1472 749 Ι,
1498 707 1579 748 328,
1599 709 1634 742 3.

971 755 1111 798 ignarus
1126 765 1166 788 ac
1189 754 1360 800 deceptus,
1387 764 1523 788 uxorem
1545 753 1632 787 obii-

972 801 1019 834 cit
1033 800 1157 834 libidini
1169 800 1398 834 Valentiniani
1410 801 1495 843 Aug.
1508 799 1537 841 1,
1549 799 1631 840 328,

970 847 1027 881 11.
1051 851 1090 880 ut
1117 846 1206 880 illum
1232 846 1374 891 perdat,
1405 845 1507 879 Aetio
1538 848 1634 879 creat

970 892 1108 926 exitium
1138 893 1166 933 Ι,
1189 893 1275 932 329,
1308 893 1362 927 10.
1395 890 1632 924 Valentiniano

970 938 1094 981 occiso,
1109 938 1317 980 tyrannidem
1337 937 1476 978 invadit,
1492 937 1633 980 eiusque

969 995 1109 1018 uxorem
1119 984 1308 1017 Eudoxiam
1324 983 1387 1017 sibi
1403 995 1463 1028 per
1472 983 1538 1016 vim
1551 986 1629 1016 toro

966 1030 1077 1073 iungit
1093 1030 1120 1070 1,
1132 1030 1213 1070 331,
1240 1031 1273 1066 8.
1306 1029 1505 1074 discerpitur
1521 1040 1542 1063 a
1557 1028 1632 1062 Ro-

968 1076 1074 1110 manis
1088 1076 1115 1118 1,
1132 1076 1211 1116 332,
1223 1076 1257 1109 6.

922 1121 1090 1156 Maximus
1111 1126 1252 1155 senator
1268 1132 1309 1155 ac
1333 1119 1504 1154 Patricius
1534 1121 1631 1154 Rom.

967 1167 1013 1209 ΙΙ,
1041 1168 1118 1211 121,
1143 1169 1198 1203 13.
1225 1167 1315 1208 363,
1348 1164 1401 1202 14.
1424 1165 1584 1200 occiditur
1610 1176 1632 1200 a

967 1213 1110 1246 Gotthis
1124 1213 1169 1255 ΙΙ,
1185 1214 1264 1255 633,
1281 1214 1313 1247 6.

921 1258 1088 1294 Mebodes
1111 1258 1201 1292 inter
1218 1259 1342 1293 Persas
1360 1256 1526 1300 Magister
1538 1283 1548 1300 ‚
1579 1256 1631 1290 le-

965 1310 1065 1349 gatus
1083 1304 1231 1339 Cabadis
1255 1305 1283 1347 Ι,
1309 1303 1366 1345 54,
1395 1304 1448 1338 14.
1488 1303 1632 1337 Seosem

965 1351 1079 1384 desert
1093 1351 1122 1394 1,
1134 1351 1191 1393 55,
1205 1352 1258 1386 10.
1284 1349 1432 1384 Cabadis
1447 1353 1631 1382 testamen-

964 1401 1034 1430 tum
1052 1397 1170 1431 scribit
1183 1397 1212 1438 Ι,
1229 1397 1306 1438 109,
1324 1397 1378 1430 17.
1425 1395 1575 1440 legitque
1596 1395 1631 1428 in

965 1442 1146 1476 Persarum
1170 1442 1315 1476 comitiis
1336 1442 1364 1486 Ι,
1395 1443 1472 1485 110,
1490 1441 1523 1477 3.
1559 1440 1631 1475 eius

964 1499 1054 1522 mors
1067 1488 1193 1532 tragica
1203 1489 1233 1529 Ι,
1253 1488 1329 1526 119,
1355 1491 1386 1522 1.

920 1533 1045 1568 Medea
1054 1539 1090 1568 et
1102 1535 1201 1567 lason
1211 1534 1244 1567 in
1256 1533 1365 1567 media
1376 1532 1537 1567 Colchide
1548 1543 1633 1576 ege-
1687 1540 1689 1544 ’

964 1584 1044 1614 runt
1072 1580 1101 1621 Ι,
1123 1580 1202 1620 225,
1236 1580 1270 1614 8.
1295 1579 1339 1619 ΙΙ,
1367 1579 1447 1620 468,
1474 1578 1527 1613 14.
1558 1579 1631 1612 Ab-

965 1630 1061 1668 syrto
1078 1630 1265 1669 perempto,
1283 1625 1461 1668 aufugiunt
1476 1624 1525 1666 ΙΙ,
1549 1623 1629 1665 465,

968 1672 1022 1706 13.
1031 1671 1176 1704 Medeae
1193 1670 1314 1713 oleum,
1324 1671 1475 1716 naphtha
1488 1671 1532 1712 ΙΙ,
1550 1670 1631 1711 512,

919 1761 1099 1803 Meflanus,
1119 1762 1201 1796 urbs
1218 1761 1399 1795 Numidiae
1420 1761 1449 1803 Ι,
1466 1759 1545 1801 427,
1568 1760 1624 1795 14.

918 1807 1025 1849 Medi,
1041 1819 1104 1853 pro
1119 1808 1248 1850 Persis,
1264 1818 1286 1840 a
1307 1807 1477 1852 Procopio
1491 1806 1575 1840 dicti
1598 1806 1629 1849 Ι,

966 1854 1021 1895 13,
1036 1855 1069 1888 4.
1095 1857 1131 1887 et
1145 1853 1225 1887 alibi
1239 1854 1328 1887 vide.
1342 1853 1479 1887 Persae.
1495 1851 1630 1886 Medica

962 1899 1082 1979 ἔωθε,
1098 1898 1199 1933 hodie
1214 1898 1422 1933 dictaserica
1439 1899 1467 1933 Ι.
1486 1898 1629 1942 106,13.

917 1972 1064 2031 Medici,
1092 2001 1232 2035 quorum
1249 1989 1290 2022 fit
1305 1989 1441 2031 mentio,
1462 1988 1495 2022 bi
1528 1992 1626 2023 suntz

962 2036 1139 2081 Elpidius,
1194 2035 1360 2079 Pegasius
1373 2060 1384 2077 ,
1425 2035 1630 2080 Stephanus,

961 2082 995 2115 Τ
997 2083 1195 2123 heoctistus‚
1216 2081 1401 2115 Tribunus.

915 2127 1147 2162 Mediolanum
1162 2127 1244 2161 urbs
1262 2127 1421 2171 Liguriae
1442 2126 1488 2170 ΙΙ,
1514 2128 1570 2168 74,
1592 2127 1627 2161 3.

964 2173 1036 2208 eius
1053 2174 1138 2207 situs
1168 2174 1220 2215 ΙΙ,
1251 2175 1334 2213 178,
1365 2175 1400 2208 2.
1434 2172 1631 2207 Occidentis

962 2220 1118 2264 maxima,
1135 2219 1317 2253 secundum
1328 2219 1482 2253 Romam.
1494 2220 1575 2253 ibid.
1593 2222 1629 2252 et

961 2265 1009 2299 11.
1027 2267 1107 2307 229,
1124 2266 1178 2300 13.
1203 2265 1377 2299 obsidetur
1391 2276 1411 2299 a
1428 2264 1570 2298 Gottbis
1593 2268 1629 2297 et

962 2310 1259 2356 Burgundionibus
1270 2311 1314 2353 ΙΙ,
1325 2312 1405 2355 228,
1413 2312 1468 2346 23.
1493 2311 1630 2344 laborat

962 2358 1052 2391 same
1070 2359 1113 2398 ΙΙ,
1134 2359 1214 2398 232,
1233 2358 1288 2392 12.
1314 2357 1447 2402 capitur
1462 2368 1501 2391 ac
1518 2355 1630 2390 dirui-

960 2407 1017 2437 tur
1034 2414 1109 2437 cum
1132 2403 1260 2447 ingenti
1282 2402 1406 2438 civium
1438 2409 1552 2446 strage
1582 2401 1628 2444 ΙΙ,

960 2448 1041 2491 234,
1066 2450 1099 2484 7.
1148 2449 1219 2484 eius
1252 2449 1394 2483 antistes
1423 2447 1548 2482 Datius
1581 2447 1629 2489 ΙΙ,

914 2538 1144 2575 Medisinissas
1167 2540 1362 2574 Maurorum
1388 2539 1567 2585 princeps,
1593 2537 1628 2575 in

961 2586 1133 2620 Romanos
1147 2587 1284 2620 rebellis
1296 2587 1322 2628 l,
1332 2587 1411 2627 448,
1431 2586 1485 2626 13,
1500 2585 1578 2626 449,
1593 2585 1626 2618 4.

914 2630 1197 2666 Mediterraneum
1225 2644 1314 2666 mare
1339 2633 1382 2665 ab
1410 2631 1549 2664 Oceano
1575 2629 1629 2662 in-

959 2678 1112 2711 funditur
1129 2679 1155 2719 1,
1171 2679 1251 2720 309,
1273 2678 1326 2711 16.
1349 2676 1455 2722 ipsius
1476 2676 1626 2709 littorum

956 2735 1112 2758 mensura
1129 2724 1155 2765 Ι,
1169 2725 1251 2766 310,
1273 2725 1327 2758 17.
1351 2733 1466 2756 cursus
1483 2722 1527 2765 ΙΙ,
1544 2722 1625 2765 482,

955 2770 1185 2850 §latei-minus
1225 2769 1260 2813 Ι,
1300 2769 1383 2814 487,
1439 2767 1493 2807 15.
1540 2770 1620 2805 vide

1036 2828 1066 2850 e·
