1754 3132
211 210 241 256 4
500 148 522 211 l
726 210 1122 254 ARGUMENTUM.

212 320 505 375 ἐνοχλουμένων
542 319 746 372 συντάξεις
782 340 824 364 τε
859 319 1034 376 μεγάλας
1074 320 1377 375 ἀποκληρῶσαι,
1422 318 1520 362 ὅθεν
1560 318 1642 361 δέοι

214 393 343 430 ταῦτα
363 390 543 443 γίνεσθαι
556 421 569 440 ,
603 390 756 444 πρᾶξαί
772 406 813 430 τε
836 391 900 430 καὶ
921 388 1025 430 ἄλλα
1040 388 1166 442 μυρία
1187 387 1329 441 εὐσεβῆ
1351 388 1417 428 καὶ
1441 390 1526 443 θεῷ
1546 385 1640 441 ἀρέ-

211 471 384 507 σκοντα,
422 455 527 511 εἴπερ
561 457 603 505 ἐξ
629 456 780 498 οἰκείων
803 457 930 512 δρῷεν
961 455 1000 496 οἳ
1031 452 1186 496 τούτων
1214 452 1377 510 ἐργάται
1411 455 1476 495 καὶ
1504 457 1640 495 καθα-

210 522 285 576 ράς
301 522 375 571 τὰς
394 526 509 578 σφῶν
529 520 689 578 πράξεις
707 528 1013 579 καρποφοροΐεν.

780 630 963 675 Ibidem
999 632 1075 676 32.

344 723 481 762 Εἶπεΐν
509 721 553 763 δὲ
579 723 641 763 δεῖ
659 723 724 763 καὶ
748 721 882 776 ἕτερον
900 725 980 764 τῶν
996 721 1280 763 Ἰουστινιανοῦ
1301 721 1434 760 πᾶσαν
1452 713 1670 771 θηριώδηξ)

207 783 373 841 γνώμην
400 789 588 841 ἐκβαῖνον
601 821 614 839 ,
651 788 726 830 εἴτε
748 790 791 830 δὲ
810 787 968 844 φύσεως
997 786 1176 844 ἁμαρτία
1211 785 1286 826 εἴτε
1319 785 1466 832 δειλίας
1494 800 1535 825 τε
1573 784 1638 824 καὶ

207 852 350 909 φόβων
378 853 559 910 ἔγγονον,
594 854 667 896 οὐκ
696 854 772 909 ἔχω
802 856 945 910 λέγειν,
982 857 1024 897 ἐκ
1044 858 1116 908 τῆς
1133 850 1349 906 δημώδους
1368 848 1546 899 στάσεως
1565 853 1639 891 τοῦ·

205 923 295 962 νίκα
315 921 388 975 τὴν
408 921 534 976 ἆρχὴν
554 922 680 964 ἕλκον.
728 920 853 963 ε’δόκει
873 922 949 977 γὰρ
969 921 1132 978 θατέρῳ
1151 924 1231 961 τῶν
1247 922 1404 974 μερῶν,
1440 921 1521 959 τῶν
1539 932 1639 958 κυα-

205 987 305 1029 νέων
336 989 463 1043 φημὶ,
502 988 675 1042 ἀτεχνῶς
701 990 1015 1043 προσκεκλίσθαι
1037 989 1076 1036 ἐς
1097 990 1290 1029 τοσοῦτον
1318 983 1420 1027 ὥστε
1442 985 1507 1026 καὶ
1526 1000 1640 1036 μιαι-

205 1055 349 1108 φονίας
379 1054 528 1103 mirmig-
560 1056 600 1096 ἓν
626 1055 729 1111 με’σῃ
757 1054 886 1113 ἡμέρᾳ
914 1057 979 1096 καὶ
1007 1056 1047 1096 ἓν
1075 1054 1177 1109 με’σῃ
1198 1057 1248 1108 τῇ
1267 1049 1378 1094 πόλει
1399 1048 1637 1106 ἐργάζεσθαι
1650 1055 1693 1088 10

203 1124 285 1161 τῶν
322 1120 399 1162 ἀπ’
434 1122 639 1173 ἐναντίας,
673 1124 738 1163 καὶ
757 1123 815 1175 μὴ
837 1121 962 1174 μόνον
983 1121 1123 1169 ποινὰς
1142 1120 1196 1173 μὴ
1216 1118 1405 1170 δεδιέναι,
1441 1117 1544 1159 ἀλλὰ
1572 1118 1638 1158 καὶ

203 1190 329 1240 γερῶν
363 1187 580 1236 ἀξιοῦσθαι
590 1219 604 1239 ,
642 1186 698 1236 ὡς
725 1188 899 1236 πολλοῦς
933 1185 1209 1242 ἀνδροφόνους
1234 1186 1419 1227 ἐντεῦθεν
1436 1184 1635 1238 γενέσθαι.

203 1253 295 1305 ἐξῆν
322 1254 365 1294 δὲ
383 1253 520 1302 αὐτοῖς
541 1256 607 1295 καὶ
630 1261 715 1302 τοῖς
735 1254 857 1302 οἴκοις
876 1255 1021 1295 ἐπιέναι
1032 1286 1044 1305 ,
1081 1254 1146 1294 καὶ
1163 1252 1215 1294 τὰ
1237 1251 1530 1304 ἓναποικείμενα
1557 1266 1638 1291 κει-

199 1317 324 1372 μήλια
359 1321 590 1374 ληίζεσθαι,
625 1322 692 1362 καὶ
721 1327 806 1369 τοῖς
827 1318 1060 1375 ἀνθρώποις
1079 1319 1153 1367 τὰς
1171 1322 1288 1374 σφῶν
1305 1315 1539 1373 πιπράσκειν
1555 1332 1638 1359 σω-

198 1388 352 1441 τηρίας.
425 1388 491 1427 καὶ
518 1386 568 1440 ἤν
598 1399 660 1435 τις
690 1391 771 1428 τῶν
795 1384 999 1442 ἀρχόντων
1027 1387 1165 1441 εἴργειν
1196 1382 1416 1439 ἐπειράθη,
1453 1386 1541 1439 περὶ
1562 1383 1636 1437 τὴν
1648 1385 1690 1420 15

198 1453 403 1507 σωτηρίαν
424 1451 677 1495 ἐκινδύνευεν.
724 1452 822 1495 ὅθεν
844 1453 978 1506 ἀμέλει
997 1451 1051 1502 εἷς
1070 1469 1130 1501 τις
1152 1451 1225 1506 τὴν
1245 1449 1349 1508 ἑῴαν
1367 1447 1636 1503 ἐπιτροπεύων

197 1518 325 1573 ἀρχὴν
334 1551 348 1570 ,
385 1520 466 1561 ἐπεὶ
485 1521 614 1568 ε’νίους
632 1524 713 1562 τῶν
732 1518 1040 1575 νεωτεριζόντων
1058 1516 1212 1574 νεύροις
1231 1515 1498 1573 ἐσωφρόνισεν
1507 1550 1520 1568 ,
1558 1517 1634 1558 ἀνὰ

192 1585 239 1627 τὸ
272 1586 516 1638 μεσαίτατον
555 1590 627 1639 τῆς
661 1584 814 1636 πόλεως
847 1584 1000 1641 νεύροις
1031 1586 1183 1642 ᾐκίσθη
1211 1602 1253 1627 τε
1284 1586 1350 1626 καὶ
1376 1585 1630 1639 περιηνέχθη.

192 1654 436 1701 Καλλίνικος
464 1654 509 1694 δὲ
534 1657 615 1695 τῶν
643 1655 820 1695 Κιλίκων
857 1652 1074 1708 ἡγούμενος
1106 1650 1178 1694 δύο
1208 1649 1447 1707 ἄνδροφόνω
1477 1653 1630 1702 Κίλικε,

193 1721 364 1761 Παῦλον
391 1720 457 1761 καὶ
487 1724 741 1772 Φαυστῖνον,
773 1718 986 1763 ἕπελθόντε
1012 1720 1050 1762 οἳ
1074 1721 1139 1761 καὶ
1161 1716 1464 1775 διαχρήσασθαι
1481 1722 1688 1771 provio-20

193 1846 281 1887 vim,
314 1846 404 1881 unde
427 1846 494 1880 ista
516 1848 779 1893 perficerentur,
810 1860 898 1894 quae
921 1859 1003 1882 sane
1026 1847 1083 1893 pia
1106 1847 1249 1892 Deoque
1271 1849 1412 1892 accepta
1435 1849 1568 1889 essent,
1601 1846 1631 1880 si

190 1891 287 1924 modo
322 1892 376 1925 vel
408 1891 488 1934 ille,
521 1894 575 1926 vel
600 1894 656 1927 alii
681 1894 738 1938 qui
760 1894 843 1927 talia
866 1894 1066 1934 moliuntur,
1099 1893 1141 1926 de
1171 1893 1242 1926 suis
1264 1892 1412 1937 ipsorum
1435 1891 1531 1926 bonis
1552 1892 1631 1925 effi-

193 1935 313 1970 cienda
348 1940 525 1979 curarent,
563 1948 711 1984 suaeque
733 1939 826 1974 vitae
849 1938 1000 1973 actiones
1024 1948 1146 1973 vacuas
1169 1949 1190 1972 a
1211 1937 1350 1972 sceleris
1371 1937 1448 1972 labe
1470 1941 1628 1982 tanquam

190 1981 331 2016 hostiam
354 1982 428 2016 Deo
452 1983 628 2017 offerrent.

802 2061 930 2095 Ibidem
952 2061 1008 2096 32.

276 2114 331 2148 De
355 2115 420 2149 alio
444 2115 522 2149 item
546 2114 726 2150 Iustiniani
750 2116 841 2150 facto
865 2117 944 2150 mihi
968 2114 1142 2150 dicendum
1166 2118 1237 2158 est,
1269 2115 1358 2160 quod
1390 2115 1522 2161 quidem
1554 2115 1628 2150 sive

188 2170 231 2193 ex
253 2164 396 2193 naturae
419 2161 525 2201 vitio,
557 2161 630 2193 sive
656 2172 697 2194 ex
721 2161 898 2195 formidine
921 2166 956 2195 et
979 2161 1098 2194 timore
1122 2166 1230 2196 ortum
1253 2161 1320 2201 sit,
1353 2173 1418 2195 non
1442 2162 1550 2196 habeo
1575 2161 1628 2194 di-

189 2215 288 2244 cere;
327 2204 399 2237 eius
431 2210 541 2238 tamen
573 2206 708 2248 generis
732 2206 819 2247 fuit,
852 2211 889 2239 ut
911 2218 1036 2240 omnem
1068 2206 1244 2240 belluinam
1266 2206 1502 2240 immanitatem
1526 2207 1627 2250 longe

187 2255 375 2293 superaret.
423 2249 529 2282 Duxit
559 2255 670 2284 autem
702 2250 830 2284 initium
855 2252 898 2284 ab
921 2263 963 2285 ea
986 2250 1151 2285 seditione
1181 2251 1356 2295 populari,
1389 2262 1488 2295 quam
1521 2251 1625 2293 Nma,

187 2294 252 2326 hoc
272 2298 324 2326 est
351 2294 473 2334 Vmor-2,
499 2299 632 2328 vocant.
680 2295 815 2328 Placuit
837 2295 1019 2329 Iustiniano
1042 2295 1092 2329 ita
1114 2296 1329 2330 vehementer
1351 2298 1386 2330 in
1410 2296 1548 2330 alteram
1570 2297 1626 2329 fa-

188 2338 335 2372 ctionem
358 2350 471 2371 eorum
497 2339 554 2382 qui
580 2340 699 2373 Veneti
725 2341 905 2383 dicuntur,
938 2340 1045 2374 animo
1070 2341 1297 2384 propendere,
1330 2345 1368 2374 ut
1390 2340 1523 2386 impune
1546 2351 1627 2384 pos-

186 2386 264 2416 sent
285 2383 359 2428 ipso
383 2382 523 2416 meridie
546 2383 581 2417 in
608 2384 718 2417 media
741 2385 882 2418 civitate
905 2385 1117 2419 adversarios
1140 2385 1330 2426 trucidare,
1363 2389 1399 2419 et
1427 2396 1494 2419 uon
1527 2385 1622 2418 modo

186 2438 251 2461 non
276 2438 400 2471 poenas
423 2432 625 2469 metuerent,
649 2441 765 2463 verum
789 2429 889 2463 etiam
913 2430 1134 2473 dignarentur
1156 2430 1354 2463 honoribus:
1378 2429 1462 2464 adeo
1485 2432 1523 2462 ut
1543 2429 1623 2463 inde

187 2471 280 2506 multi
314 2472 503 2505 homicidae
538 2474 733 2507 existerent.
780 2474 922 2508 Licebat
950 2479 1060 2508 autem
1086 2475 1151 2507 illis
1174 2475 1209 2507 in
1232 2475 1332 2508 aedes
1354 2474 1480 2508 alienas
1502 2473 1624 2508 irrum—

214 2527 292 2557 ere‚
316 2517 494 2550 thesauros
519 2517 666 2561 diripere
690 2519 724 2551 in
748 2518 815 2552 illis
838 2520 1052 2560 reconditos,
1075 2519 1262 2553 hominibus
1286 2531 1378 2553 suam
1399 2519 1545 2564 ipsorum
1563 2530 1621 2552 sa-

186 2528 290 2595 linem
312 2573 352 2594 ac
374 2561 477 2594 vitam
501 2561 707 2596 divendere:
741 2566 774 2596 et
801 2563 828 2597 si
862 2564 938 2607 quis
962 2564 1184 2608 Magistratus
1206 2564 1281 2598 illos
1303 2564 1461 2598 cohibere
1485 2564 1622 2597 molire·-

185 2610 259 2647 tur,
293 2616 354 2638 suo
386 2605 495 2650 ipsius
526 2607 632 2650 capiti
663 2608 794 2641 creavit
826 2608 1022 2652 periculum.
1072 2608 1171 2641 Unde
1203 2613 1295 2642 certe
1325 2608 1380 2642 vir
1401 2608 1537 2652 quidam
1562 2607 1620 2652 qui

188 2650 296 2694 gessit
318 2650 351 2683 in
374 2650 518 2684 Oriente
539 2651 797 2694 Magistratum,
832 2653 989 2695 quoniam
1019 2653 1190 2687 nonnullos
1218 2664 1330 2687 eorum
1354 2653 1412 2697 qui
1435 2654 1535 2687 rebus
1559 2663 1619 2686 no—

188 2696 240 2728 vis
263 2696 463 2735 studebant,
497 2696 609 2729 nervis
633 2700 791 2730 coercere
817 2697 942 2740 voluit,
966 2709 1034 2741 quo
1055 2698 1276 2731 modestiores
1296 2697 1531 2738 efficerentur,
1559 2708 1619 2741 per

187 2741 327 2774 mediam
351 2741 464 2774 urbem
487 2740 731 2775 circumductus
754 2741 841 2782 fuit,
873 2741 1053 2786 nervisque
1074 2743 1225 2786 graviter
1247 2753 1378 2778 caesus.
1437 2742 1618 2776 Callinicus

187 2796 288 2829 porro
312 2785 511 2819 Praefectus
534 2785 699 2828 Ciliciae,
731 2797 804 2820 cum
827 2786 894 2821 duo
918 2787 1060 2829 Cilices,
1083 2787 1209 2822 Paulus
1232 2791 1268 2822 et
1291 2787 1492 2829 Faustinus,
1516 2786 1618 2821 homi-
