1800 3126
301 157 395 202 408
747 160 806 202 IN
837 158 979 202 HIST.
1013 159 1264 203 ARCANAM

301 279 391 304 vero
421 279 519 317 quae
556 265 727 304 hostimn
758 264 900 302 damna
928 266 1058 302 minus
1087 272 1276 313 senserat,
1315 265 1404 314 ἕνός
1430 263 1555 318 μόνον
1582 281 1717 318 κεντη-

297 323 436 372 ναρίου
467 318 707 374 συγχώρησιν
737 322 910 370 δοθῆναι.
939 321 1117 359 συνεῖδον
1146 320 1186 359 οἷ
1219 320 1440 370 ἐπίσκοποι,
1474 324 1599 359 unia-s·
1624 329 1718 358 tan..

299 383 384 412 tum
404 379 616 413 centenarii
641 378 903 412 remissionem
924 374 1102 412 dandam
1132 377 1330 425 epiecopo-s·
1355 375 1576 414 decrevisse.
1618 379 1716 427 Epi-

299 445 436 481 scopos
466 435 518 468 ait
547 431 774 477 decrevisse,
803 444 944 480 nempe
960 433 1172 467 Antonium
1199 431 1474 479 Ascalonitam,
1504 439 1541 469 et
1565 431 1717 468 Zacha-

299 489 398 523 riam
433 489 676 532 Pellensem,
717 499 814 537 quos
850 485 1087 536 pensitandis
1127 487 1353 522 clericorum
1391 493 1428 522 et
1468 487 1716 524 ecclesiarum

299 541 450 578 damnis
481 544 716 578 Iustinianus
744 542 993 591 praefecerat,
1021 547 1065 576 ut
1093 539 1199 576 idem
1228 541 1394 590 Cyrillus
1422 549 1562 578 narrat.
1617 545 1718 580 Nam

298 598 419 634 Sabas
448 599 508 632 vir
535 603 689 633 sanctus
719 609 806 632 eam
831 599 1098 633 remissionem
1125 609 1204 632 non
1231 609 1300 645 pro
1332 596 1432 632 clero
1455 603 1618 643 tantum,
1648 597 1719 634 sed

297 655 416 689 etiam
443 665 512 702 pro
542 652 696 701 populis
720 652 962 688 Palaestinae
990 651 1167 687 fidelibus
1194 651 1358 687 fortasse
1385 653 1566 701 petierat:
1597 654 1717 689 Iusti-

295 709 435 742 nianus
465 709 631 743 instante
660 707 730 743 tali
766 713 950 758 tantoque
979 708 1061 742 viro
1093 707 1263 743 ecclesiis
1292 718 1434 755 negare
1461 708 1604 744 veritus
1635 715 1715 754 est3

293 763 454 812 reliquis
492 763 647 812 populis
685 761 893 798 concedere
925 763 1064 798 noluit.
1121 764 1202 798 Hoc
1238 767 1295 798 est
1327 760 1374 797 de
1404 774 1480 812 quo
1508 763 1716 812 Procopius

293 819 556 868 conqueritur.
613 819 696 854 Iino
727 829 772 853 ea
800 820 884 868 ipsa
913 816 1100 853 tredecim
1130 818 1438 853 centenariorum
1466 818 1665 864 remissio,
1683 820 1717 855 si

294 885 384 908 cum
414 873 518 918 cleri,
549 873 820 920 ecclesiarum,
851 880 888 908 et
915 874 1239 909 monasteriorum
1268 873 1509 908 Palaestinae
1536 873 1720 909 multitu-

293 926 384 963 dine
416 934 669 978 comparetur,
700 934 786 977 post
814 934 963 964 tantam
992 926 1142 963 cladem
1169 929 1333 963 minima
1363 933 1399 963 et
1425 939 1526 977 pene
1554 927 1719 964 ridicula

291 982 499 1018 videbitur.
556 984 614 1018 De
636 984 816 1032 vectigali
845 984 890 1019 ab
921 983 1188 1019 ecclesiasticis
1219 985 1337 1019 etiam
1364 982 1561 1043 persoluto
1591 981 1718 1020 dicam

290 1038 430 1127 infrap
445 1036 494 1073 ad
522 1039 761 1087 p-1021in.
793 1041 859 1077 31.

435 1095 540 1138 ·‚76
577 1095 610 1131 1
669 1092 714 1128 In
740 1093 905 1142 gentiles
933 1094 1142 1128 saevitiam
1170 1091 1382 1142 convertit]
1422 1093 1535 1130 Anno
1563 1094 1718 1143 imperii

291 1160 362 1184 suo
390 1149 525 1193 tertio,
555 1146 765 1183 indictione
796 1155 952 1194 octav,a
984 1155 1027 1184 ut
1056 1148 1187 1184 scribit
1214 1146 1498 1196 Theophanes,
1537 1147 1718 1198 ἐπτοίησεν

290 1201 316 1239 ό
343 1201 526 1251 βασιλευς
552 1199 818 1248 Ἰουστινιανὸς
838 1200 1004 1253 διωγμὸν
1023 1202 1152 1269 μέγαν
1180 1200 1276 1241 nato?
1302 1198 1522 1251 Ἑλλήνων,
1547 1202 1614 1242 καὶ
1641 1199 1718 1242 πά-

291 1268 363 1305 σης
393 1256 593 1307 αἱρέσεως,
626 1272 691 1295 και
718 1255 787 1303 τοὶς
814 1254 962 1296 τούτων
985 1254 1122 1304 ουσίας
1151 1254 1362 1308 ἐδήμευσεν
1390 1253 1554 1304 ἄπασας.
1610 1259 1719 1294 Fecit

290 1311 542 1348 JuStlnbanuS
572 1319 783 1362 llnpel'ator
814 1315 1118 1362 perSeClbtlonem
1145 1325 1337 1362 magram
1367 1310 1558 1348 adversus·
1589 1315 1720 1362 gentl—

290 1366 366 1414 les,
407 1373 441 1402 et
479 1380 608 1403 omnes
640 1367 877 1413 haereticos,
920 1369 1154 1418 illorumque
1194 1367 1444 1404 substantias
1476 1367 1714 1417 publicavit.

288 1422 434 1458 Mirum
465 1435 558 1458 saue
595 1430 653 1459 est
685 1425 889 1472 primarios
927 1425 1197 1472 imperatoriae
1236 1423 1347 1459 aulae
1385 1424 1600 1473 principes,
1645 1423 1718 1460 hac

287 1477 367 1513 lata
411 1479 523 1527 lege,
571 1479 785 1527 gentilitiae
825 1480 1108 1528 superstitionis
1147 1491 1233 1514 reos
1276 1484 1379 1513 actos
1421 1478 1556 1515 fuisse.
1612 1480 1718 1516 Inter

286 1531 387 1579 hos,
425 1540 468 1570 ut
497 1533 612 1569 refert
640 1531 879 1583 Hesychius,
919 1536 1148 1583 Procopius,
1178 1531 1464 1582 Theophanes,
1495 1540 1532 1570 et
1562 1533 1717 1582 Suidas,

286 1587 446 1624 fuerunt
492 1587 755 1625 Tribom'anae
793 1596 997 1639 quaestor,
1050 1589 1216 1625 ΊΙιοιηαε
1252 1589 1441 1638 magister
1479 1589 1718 1640 officiorum,

287 1643 457 1680 Ioannes
489 1643 716 1693 praefectae
749 1646 976 1694 praetorio,
1021 1651 1060 1680 et
1097 1644 1254 1680 Plzocas·
1289 1644 1490 1692 patricius
1531 1646 1720 1695 magister

286 1699 460 1734 militum
502 1698 738 1735 conficiendo
777 1699 900 1735 codici
937 1712 959 1735 a
997 1700 1211 1735 Iustiniano
1251 1699 1449 1748 praefecti.
1507 1701 1577 1736 His
1611 1699 1719 1737 addit

285 1751 552 1803 Theophanes
571 1753 897 1803 Asclepiodotum
920 1754 1168 1804 praesectum
1191 1755 1406 1804 praetorio,
1438 1754 1720 1792 Macedonium

286 1807 612 1858 referendarium,
643 1816 679 1845 et
704 1811 920 1858 Pegasiam
950 1810 1292 1859 Heliopolitanam
1315 1810 1548 1859 patricium.
1603 1812 1718 1849 Falso

286 1866 494 1901 Aimoinus
525 1871 704 1900 numerat
732 1865 1005 1902 Belisarium:
1031 1865 1119 1914 lege
1149 1877 1248 1915 quae
1277 1877 1394 1915 supra
1420 1872 1550 1902 narrat
1572 1868 1718 1904 Proco-

286 1921 376 1968 pius
416 1918 463 1956 de
491 1918 717 1958 Theodosio
755 1933 776 1956 e
813 1933 921 1958 sacro
961 1921 1113 1958 lavacro
1150 1927 1330 1970 suscepto
1368 1920 1415 1956 ab
1445 1922 1640 1959 Antonina
1679 1928 1718 1959 et

284 1976 490 2012 Belisario.

396 2032 441 2066 P.
466 2031 531 2077 76,
556 2031 595 2070 3.
656 2031 762 2069 Inter
790 2032 998 2081 libamina,
1028 2038 1064 2068 et
1090 2032 1305 2082 sacrificia,
1333 2037 1452 2080 atque
1480 2031 1626 2081 impias
1653 2045 1717 2068 re-

286 2084 456 2134 ligiones
485 2085 713 2135 deprehensi
739 2087 858 2138 sunt]
902 2089 983 2123 Hac
1008 2088 1170 2123 infamia
1198 2093 1354 2123 notatur
1381 2086 1567 2134 Severus,
1597 2099 1716 2137 quem

285 2142 400 2176 unice
431 2143 575 2176 amavit
605 2154 649 2177 ac
675 2142 774 2179 fovit
801 2141 1011 2180 Theodora
1039 2143 1280 2192 imperatrix.
1336 2143 1382 2177 In
1410 2154 1472 2192 ep.
1501 2140 1717 2179 monacho-

284 2207 375 2231 rum
403 2194 454 2231 ad
482 2197 652 2232 Menam.

396 2251 440 2286 P.
466 2252 531 2297 76,
561 2252 599 2290 4.
661 2252 773 2300 Quae
800 2265 889 2288 vero
918 2253 961 2289 in
993 2250 1244 2288 Christianos
1269 2253 1379 2302 ipso-s·
1406 2252 1622 2301 commisit,
1651 2252 1716 2288 in-

272 2305 354 2355 fra
384 2303 535 2341 dictari
562 2305 726 2355 sumus]
768 2307 914 2344 Saeviit
952 2309 1071 2344 etiam
1103 2309 1145 2343 in
1181 2305 1443 2354 Christianos3
1483 2305 1590 2358 quod
1622 2306 1716 2343 licet

283 2358 368 2406 hic,
401 2367 438 2397 et
466 2373 598 2397 rursus
627 2362 728 2398 infra
756 2376 796 2412 p.
830 2362 905 2402 115
934 2363 1183 2414 polliceatur,
1211 2364 1342 2400 nescio
1372 2369 1503 2399 tamen
1533 2374 1580 2397 an
1611 2362 1716 2398 obli-

283 2417 398 2452 vione
428 2418 666 2466 promissum
694 2430 773 2454 non
800 2417 949 2455 fecerit.
1006 2420 1088 2455 Hoc
1117 2424 1249 2454 autem
1285 2418 1370 2454 loco
1412 2417 1622 2468 (quantum
1650 2429 1716 2453 as-

282 2473 396 2521 sequi
437 2472 655 2508 coniectura
691 2472 916 2522 possumus)
955 2472 1127 2510 dicturus
1165 2480 1245 2510 erat
1273 2474 1485 2522 Procopius
1523 2470 1733 2509 ‹lactu-if

283 2527 500 2563 stianorum
528 2526 732 2574 caedibus,
769 2528 933 2579 aliisque
962 2529 1162 2578 suppliciis
1189 2528 1238 2564 ob
1266 2529 1340 2564 tria
1368 2527 1515 2578 capita,
1550 2533 1590 2564 et
1617 2527 1714 2564 alias

285 2595 332 2618 eo
371 2587 546 2632 tempore
581 2589 845 2620 controversas
875 2582 923 2619 de
954 2582 1200 2632 dogmatibus
1233 2583 1492 2650 quaestiones.
1547 2581 1595 2618 Id
1623 2583 1714 2650 ipsc

165 2644 194 2676 A
218 2642 265 2677 60
286 2638 499 2704 Procopius
527 2639 654 2674 innuit
689 2638 758 2674 lib.
787 2636 880 2674 hist.
911 2639 949 2677 8.
990 2638 1031 2677 οἱ
1060 2634 1133 2689 γὰρ
1171 2633 1282 2677 ἄλλοι
1312 2637 1354 2677 ἐν
1379 2633 1575 2706 Ἰλλυριοῖς
1608 2632 1714 2702 ἀμφὶ

284 2688 401 2732 πόλιν
434 2688 662 2732 Οὕλπιάναν
701 2691 889 2742 βασιλέως
926 2692 1220 2758 ἐπαγγείλαντος
1248 2690 1468 2761 ὁίοιιτριβήντ
1483 2691 1594 2743 ἔσχον
1621 2687 1713 2731 στά-

147 2755 172 2786 1⁸
200 2753 266 2790 133
290 2761 388 2795 σεως
424 2747 599 2789 ἔνταυθα
635 2763 735 2802 noos
762 2763 843 2788 των
872 2744 1087 2800 οἰκητόρων
1123 2746 1398 2801 γεγενημένης,
1436 2741 1564 2801 ὦνπερ
1601 2745 1712 2788 ἕνεκα
