1754 3132
234 193 300 220 xix
628 178 885 221 ALEMANNI
920 178 1251 222 DISSERTATIO.

234 289 440 330 lastinianus
460 289 512 331 sic
532 290 997 346 constantinopolitanorum
1022 290 1436 334 patriarcharum-fastui
1459 308 1503 334 ac
1529 307 1650 350 super-

236 355 319 395 cilio
339 355 513 397 blanditus
533 364 605 406 est,
645 365 680 397 ut
710 357 860 397 Ioannes
890 356 1132 397 Scholasticus
1154 357 1362 412 Cappadox,
1399 359 1601 408 iustiniano,
1630 374 1654 400 a

235 436 304 476 quo
325 423 507 476 plurimum
527 423 754 476 diligebatur,
783 423 1051 478 Rempublicam
1068 423 1342 473 administrante,
1367 425 1516 479 primum
1535 425 1651 466 Occu—

235 488 363 528 menici
401 503 530 528 nomen
562 488 631 528 sibi
669 488 866 542 arrogarit,
907 489 1071 544 idemque
1108 497 1241 538 ratum,
1284 498 1494 546 gratumque
1521 491 1653 546 primus

231 554 384 593 omnium
412 554 568 594 Orientis
595 555 851 608 Imperatorum
877 553 1061 603 habuerit,
1099 563 1206 609 atque
1235 555 1306 596 suis
1341 556 1654 597 constitutionibus

229 619 436 660 lastinianus
458 620 684 674 inscripserit.
721 620 961 671 Quamobrem
980 620 1218 674 Epiphanius,
1257 622 1316 676 qui
1333 622 1455 662 loanni
1473 622 1652 670 successit,

233 685 400 739 quidquid
428 686 462 725 in
485 687 663 726 Romanos
683 686 872 726 Pontifices
899 700 1003 726 ausus
1037 694 1072 726 et
1098 686 1175 740 ipse
1208 687 1312 736 foret,
1347 688 1395 729 ita
1425 688 1493 728 sihi
1513 687 1654 728 facilem

231 751 453 791 Iustinianum
481 751 646 799 saturum,
674 751 719 791 ab
754 765 871 805 eoque
893 751 960 791 sibi
987 752 1082 792 adeo
1101 753 1190 792 nihil
1213 753 1292 793 fore
1314 753 1504 795 timendum
1525 753 1652 794 intelli-

232 817 362 871 gebat,
393 826 429 858 ut
455 817 576 857 Ioanni
602 817 793 858 Ecclesiae
823 819 1005 858 Romanae
1034 819 1195 858 Pontifici
1224 819 1430 874 Byzantium
1460 819 1655 875 appellenti

233 883 315 923 loco
336 884 466 923 cedere
487 883 659 931 noluerit,
692 883 822 936 vixque
851 884 996 924 tandem
1023 886 1078 936 (ut
1098 885 1328 926 Marcellinus
1357 886 1537 927 Iustiniani
1562 887 1654 926 Can-

138 949 169 983 A
191 948 213 983 4
236 949 400 989 cellarius
428 949 558 997 rcl'ert,
589 963 632 988 ac
655 949 899 1002 Theophanes
927 950 1099 1004 explicat)
1139 951 1298 991 dextrum
1320 951 1508 992 Ecclesiae
1531 952 1656 992 solium

235 1015 395 1055 Pontifici
413 1016 572 1056 Romano
602 1029 717 1070 aegre
743 1017 969 1057 concesserit,
1025 1017 1173 1057 Domum
1203 1018 1297 1071 quod
1334 1017 1655 1072 Constantinopoli·

236 1082 319 1128 tani,
351 1090 387 1122 et
408 1081 711 1122 Chalcedonensis
747 1080 898 1121 Concilii
926 1082 1060 1122 duobus
1092 1082 1162 1122 illis
1193 1082 1238 1122 ab
1264 1082 1453 1123 Ecclesiae
1474 1085 1657 1124 Romanae

236 1147 451 1187 adversariis
479 1147 672 1188 decantatis
694 1147 896 1187 Canonibus
915 1147 1163 1201 Byzantiorum
1182 1148 1387 1189 praesulum
1409 1149 1480 1198 lqei
1508 1164 1655 1204 praero-

237 1213 359 1268 gativa
386 1227 528 1267 semper
559 1213 779 1261 titubaverit,
819 1227 881 1253 sua
909 1212 1033 1254 fulcire
1062 1215 1262 1264 sanctione,
1298 1215 1527 1271 stabilireque
1555 1216 1657 1258 nixus

234 1286 290 1319 est
315 1278 532 1319 Iustinianus.

343 1367 446 1407 Mitto
468 1380 559 1420 quae
591 1366 699 1406 iidem
728 1366 785 1406 isti
805 1367 991 1415 Auctores,
1030 1382 1073 1407 ac
1092 1368 1300 1408 nominatim
1319 1369 1510 1424 Euagrius,
1532 1369 1660 1411 Victor

233 1448 276 1472 ac
294 1433 480 1473 Liberatus
499 1433 633 1473 habent
656 1434 702 1473 de
722 1433 902 1472 Iustiniani
921 1432 1075 1488 coniuge
1096 1422 1311 1474 Theodora³
1338 1449 1454 1490 neque
1486 1435 1579 1475 enim
1597 1435 1658 1475 hic

234 1499 522 1553 operaepretitim
551 1508 604 1539 cst
626 1513 800 1553 quaerere
829 1498 1005 1552 Procopio
1025 1506 1155 1547 testes,
1181 1515 1259 1540 eum
1286 1501 1415 1542 nullum
1435 1508 1504 1540 tam
1524 1501 1656 1542 inaudi-

232 1573 324 1614 tum,
361 1573 432 1605 tam
464 1566 701 1605 execrandum
734 1564 910 1619 piaculum
938 1563 1027 1620 fingi
1057 1565 1174 1605 animo
1208 1567 1336 1620 possit,
1375 1566 1458 1620 quin
1489 1567 1659 1622 graviora

232 1631 356 1670 molita
378 1631 422 1670 sit
441 1631 679 1684 perditissima
706 1630 883 1678 foemina,
925 1637 959 1670 et
988 1644 1028 1670 re
1049 1631 1127 1685 ipsa
1158 1633 1373 1686 perpetrarit
1399 1633 1434 1672 in
1453 1633 1656 1687 Rempubli-

231 1712 331 1744 cam,
369 1697 406 1736 in
435 1698 624 1745 Senatum,
667 1696 703 1736 in
729 1697 982 1751 Magistrattis,
1023 1696 1059 1736 in
1090 1697 1255 1752 plebem,
1291 1699 1325 1738 in
1351 1699 1484 1745 Deum;
1527 1699 1660 1754 quippe

233 1763 304 1803 Dei
328 1763 435 1803 filium
455 1763 616 1802 absolute
637 1778 778 1817 passum
797 1762 905 1802 fuisse
928 1762 1056 1803 Edicto
1077 1764 1332 1816 pronuntiavit,
1367 1772 1402 1804 et
1423 1764 1515 1804 hanc
1535 1765 1660 1820 exegit

229 1829 270 1868 vi
297 1844 318 1867 a
344 1828 539 1868 Catholicis
570 1829 697 1877 iidem,
743 1828 979 1882 scriptamque
1009 1843 1113 1868 manu
1141 1830 1447 1883 approbationem.
1505 1830 1659 1871 Chalce-

124 1903 153 1937 P
179 1903 211 1935 V
236 1895 393 1934 ‹lonense
420 1894 616 1934 Concilium
644 1896 690 1934 de
719 1894 839 1934 medio
858 1893 1067 1942 tollendum,
1099 1895 1215 1948 quoad
1243 1895 1352 1943 vixit,
1383 1908 1518 1936 summo
1545 1897 1660 1937 studio

237 1959 381 2000 curavit.
446 1961 620 2000 Ecclesiis
655 1959 850 2015 praefecit,
901 1959 1026 2013 quibus
1067 1959 1230 2008 favebat,
1277 1961 1509 2009 llaercticos;
1558 1963 1662 2004 minis

237 2025 434 2079 exagitavit
454 2026 656 2080 Agapctum
675 2027 870 2066 Romanum
889 2024 1113 2073 Pontificem,
1143 2026 1315 2080 vigilium
1347 2041 1413 2081 per
1440 2028 1564 2068 urbem
1591 2030 1660 2086 By-

237 2092 388 2131 zantium
410 2091 490 2130 sune
509 2091 679 2144 raptavit;
708 2091 836 2138 exilio,
867 2098 981 2130 morte
1014 2090 1215 2145 Sylverium
1237 2091 1368 2132 all'ecit.
1425 2091 1516 2132 Tam
1549 2094 1659 2135 insau-

235 2166 324 2197 stum
342 2156 530 2196 Ecclesiae
551 2157 760 2197 Catholicae
787 2165 979 2196 monstrum
998 2156 1197 2196 cardinalis
1216 2157 1388 2197 Baronius
1407 2173 1477 2198 non
1500 2173 1547 2200 ex
1573 2159 1659 2200 Pro·

236 2224 361 2278 copio,
393 2238 497 2276 quem
523 2222 629 2277 plane
651 2222 783 2263 vidisse
804 2237 844 2262 se
874 2230 1002 2277 negat,
1042 2223 1107 2262 sed
1128 2236 1173 2262 ex
1198 2231 1355 2264 veterum
1378 2224 1586 2278 scriptorum
1604 2225 1659 2266 hi-

236 2289 356 2330 storiis
376 2289 424 2328 ita
437 2287 729 2343 repraesentavit.
791 2290 908 2327 Tanta
926 2291 1008 2327 haec
1029 2290 1124 2327 mata
1143 2291 1253 2328 ordita
1273 2295 1322 2328 est
1340 2294 1487 2343 pessima
1507 2292 1661 2343 foemina

238 2355 472 2408 (Theodora)
496 2370 582 2407 quae
608 2357 718 2394 altera
747 2357 832 2394 Eva
856 2359 1002 2406 serpenti
1027 2355 1211 2393 obaudiens
1231 2356 1338 2406 facta
1374 2362 1423 2394 est
1448 2362 1524 2396 viro
1554 2360 1662 2398 malo-

237 2437 313 2461 rum
338 2425 485 2460 omnium
516 2435 644 2471 causa,
682 2435 837 2472 novaque
865 2423 987 2460 Dalila
1017 2422 1201 2473 Sampsom'
1222 2425 1295 2459 eius
1323 2425 1412 2461 vires
1439 2424 1556 2463 dolosa
1586 2431 1662 2463 arte

240 2503 396 2528 enervare
424 2490 604 2536 laborans,
629 2488 802 2526 Heraclius
824 2489 936 2526 altera
956 2491 1243 2527 sanctissimorum
1264 2492 1409 2528 virorum
1432 2492 1550 2529 sitiens
1575 2505 1662 2530 san—

241 2557 399 2604 guinem,
420 2555 646 2606 petulansque
667 2556 790 2592 summi
818 2556 1018 2593 Sacerdotis
1042 2555 1195 2595 Ancilla
1226 2555 1327 2594 Petra·
1347 2559 1562 2606 negationem
1589 2559 1662 2596 sol-

242 2623 400 2660 licitam.-
437 2623 496 2660 scd
524 2634 649 2672 parum
675 2624 721 2659 sit
750 2623 859 2670 ipsam
885 2622 1115 2659 huiuscemodi
1133 2623 1317 2671 sugillasse
1345 2625 1556 2671 nonainibus,
1592 2637 1662 2675 qua

245 2689 396 2738 reliquas
421 2690 596 2738 impietate
607 2688 779 2739 foeminas
799 2687 1014 2725 antecelluit:
1044 2690 1195 2738 accipiat
1218 2691 1334 2739 polius
1360 2702 1474 2727 nomen
1494 2689 1538 2726 ab
1565 2691 1662 2741 infe-

243 2757 313 2803 ris,
347 2755 438 2806 quod
451 2754 562 2805 furiis
578 2754 725 2806 fabulae
749 2753 966 2803 indiderunt,
987 2753 1142 2804 femina
1160 2754 1284 2805 furens
1301 2755 1431 2793 Alecto
1454 2757 1582 2806 potius,
1607 2756 1662 2792 vel
