1800 3126
560 140 750 186 NOTAE
780 139 1073 184 ALEMANNI.
1443 136 1544 184 459
1559 189 1563 192 .

96 258 174 296 reis
201 253 420 294 constitisse
450 250 627 290 dicamus
655 251 815 288 unciam
842 250 982 288 seriel:
1019 261 1140 302 quare
1174 260 1228 286 ex
1256 249 1478 287 coniectura
1506 257 1547 288 et

95 313 256 352 historia
281 306 447 364 ου’γκίαν
476 309 738 360 reposuimus.

202 366 384 414 P.142,
418 369 452 407 1.
525 366 652 416 Quem
688 363 922 402 holoverum
958 362 1124 414 iocant]
1165 363 1271 412 Ergo
1309 359 1547 400 holoverum

93 426 262 464 tinctum
286 424 402 461 serici
428 430 468 460 et
495 423 602 460 color
629 429 700 469 est,
730 433 812 458 non
831 421 1015 468 sericum,
1044 426 1088 456 ut
1109 417 1159 456 ad
1182 417 1285 456 hauc
1305 417 1411 456 diem
1431 421 1549 458 multi

93 482 382 528 existimarunt,
412 479 677 530 inanibusque
706 477 924 515 rationibus
952 475 995 513 id
1025 483 1198 513 astruere
1230 477 1357 513 conati
1385 484 1492 514 sunt.

198 538 246 574 P.
280 537 378 585 142,
411 537 477 578 13.
539 533 850 574 Causidicorum
880 531 1058 570 ordinem
1096 534 1241 570 statuit
1280 532 1546 584 evertendum]

90 595 139 632 In
165 594 407 645 pragmatica
436 594 645 630 Iustiniani
680 592 881 629 sanctione
912 602 934 626 a
963 591 1080 627 Petro
1109 587 1251 627 Pitheo
1287 588 1393 627 edita
1432 603 1464 627 c.
1497 592 1551 631 12

91 649 279 697 medicis,
322 648 556 697 causidicis,
596 648 886 699 grammaticis,
928 659 1107 683 annonae
1137 648 1417 694 restituuntur3
1456 659 1547 698 ergo
1570 648 1602 683 A
1627 650 1694 686 106

91 706 245 744 ablatae
271 706 442 744 fuerant.
500 707 695 754 Zonaras,
730 703 779 741 de
802 703 968 740 consilto
992 704 1192 754 praefecti
1220 702 1424 754 stipendia
1453 704 1553 741 libe..

89 763 243 802 ralium
273 765 427 800 artium
463 763 676 813 magistris
713 761 811 798 olim
840 761 1063 796 constituta
1092 761 1136 796 in
1165 760 1352 797 omnibus
1381 760 1552 799 urbibus

89 819 272 858 sustulit.
328 821 564 870 Anonymus
592 820 635 855 iu
661 815 858 865 chronico,
890 814 914 856 ό
943 813 1128 868 βασιλευς
1154 812 1424 864 Ἰουστινιανὸς
1452 817 1552 869 πέμ-

89 885 174 927 ψας
204 876 261 924 εἰς
286 870 464 927 Ἀθήνας
492 874 669 915 ἐκέλευσε
701 872 852 926 μηδένα
889 875 1039 928 τολμᾷν
1072 869 1274 913 διδάσκειν
1304 875 1550 925 φιλοσοφίαν

89 931 157 972 και
187 927 466 998 ἀστρονομίαν.
523 931 778 969 lastinianus
807 932 1026 981 imperator
1058 931 1222 967 nuntios
1250 930 1432 967 Athenas
1469 933 1553 968 mi-

88 989 164 1040 sit,
193 990 267 1040 qui
292 987 544 1040 prohiberent
563 987 866 1039 philosophiam
896 992 932 1023 et
960 987 1252 1023 astronomiam
1281 985 1426 1025 doceri.

199 1047 247 1082 Ρ.
280 1043 379 1093 144,
410 1047 449 1086 6.
506 1046 606 1082 Duo
635 1045 836 1082 Romani-5·
878 1043 1060 1080 consules
1089 1043 1353 1092 creabantur,
1395 1044 1552 1082 Romae

89 1099 252 1153 quidem
279 1101 395 1148 alter,
423 1101 526 1138 alter
549 1100 756 1152 Byzantii]
797 1101 925 1150 Saepe
956 1099 1119 1151 quidem
1146 1113 1250 1137 unus
1279 1102 1363 1138 sine
1397 1102 1550 1152 collega

89 1158 229 1196 consul
256 1158 322 1195 vel
353 1159 396 1195 iu
426 1159 596 1206 oriente,
634 1158 700 1196 vel
726 1159 769 1194 in
794 1155 997 1194 occidente
1026 1157 1116 1194 fuit.
1172 1156 1254 1195 Sed
1283 1155 1380 1209 quid
1409 1171 1551 1195 causae

88 1221 168 1263 est,
210 1212 315 1266 quod
354 1216 607 1266 antiquorum
643 1215 832 1265 epistolae
870 1220 910 1250 et
947 1214 1135 1265 pleraque
1177 1214 1256 1250 alia
1289 1221 1551 1252 monumenta

88 1277 227 1308 extant
255 1272 371 1309 unico
400 1277 556 1308 tantum
587 1271 758 1308 consulis
787 1271 949 1309 nomine
987 1272 1217 1321 consignata
1246 1272 1295 1308 iis
1326 1272 1446 1308 etiam
1476 1284 1550 1308 an-

87 1328 172 1376 nis,
203 1327 346 1380 quibus
373 1325 471 1365 duos
499 1328 593 1364 fasti
624 1328 805 1365 consules
833 1325 1014 1364 habent?
1051 1328 1117 1363 Ex
1145 1325 1221 1364 hoc
1250 1328 1432 1379 Procopii
1460 1328 1548 1367 loco
1573 1330 1608 1366 V
1633 1332 1701 1369 378

86 1385 171 1435 peti
197 1397 313 1435 posse
343 1397 460 1421 causa
489 1383 660 1422 videtur.
717 1385 816 1430 Quia
846 1384 997 1420 scilicet
1021 1384 1154 1435 aliquo
1187 1397 1286 1435 opus
1316 1391 1400 1421 erat
1424 1387 1552 1436 spatio

86 1441 299 1491 temporis,
342 1453 419 1492 quo
453 1441 662 1478 consulum
698 1447 915 1478 creatorum
943 1441 1079 1477 nuncii
1115 1441 1218 1478 ultro
1250 1442 1426 1492 citroque
1458 1456 1554 1493 per-

85 1497 303 1545 fex-rentum
333 1498 493 1534 interim
520 1497 782 1548 provinciales
813 1497 1016 1534 consulem
1045 1497 1177 1534 solum
1204 1498 1407 1546 notabant,
1440 1501 1552 1537 cuius

86 1555 263 1604 primum
298 1555 480 1591 notitiam
518 1552 765 1590 habuissent.
833 1553 1025 1610 Synesius
1066 1556 1181 1604 epist.
1216 1555 1310 1594 132.
1347 1552 1444 1606 χθὲς
1483 1554 1553 1596 καὶ

85 1606 227 1679 πρώην
255 1608 319 1650 ἐπὶ
347 1625 430 1649 των
460 1609 620 1678 ἔναγχος
648 1605 835 1658 ὑπάτων,
868 1610 924 1649 ὠν
955 1605 1094 1662 α’τερός
1121 1609 1227 1650 ἐστιν
1254 1605 1551 1662 Ἀρισταίνετος,

85 1662 152 1706 τὸν
179 1681 256 1718 γαρ
295 1677 538 1719 συναρχοντα
574 1663 722 1718 οἷγνοω,
781 1665 1116 1715 Ναᾶίιιείενίίαε,
1158 1668 1276 1703 novis
1305 1668 1552 1718 consulibus,

88 1735 262 1773 quorum
281 1722 383 1759 alter
408 1729 464 1759 est
480 1723 770 1769 Aristaenetus,
796 1723 991 1772 collegam
1012 1724 1116 1760 enim
1137 1724 1293 1774 ignoro.
1350 1723 1414 1762 Ad
1443 1723 1552 1762 hunc

85 1779 220 1816 locum
249 1779 310 1815 vir
338 1777 626 1816 eruditissimus
655 1779 869 1830 Dionysius
890 1781 1099 1826 Petavius3
1132 1777 1340 1832 συνάρχων
1362 1781 1553 1818 Aristae-

85 1836 168 1873 neti
186 1836 399 1872 Honorius
427 1836 643 1885 imperator
662 1836 754 1884 fuit
784 1849 888 1872 anno
919 1835 1014 1875 404.
1073 1836 1182 1872 Bene
1212 1843 1284 1885 est,
1313 1839 1369 1874 sic
1400 1836 1550 1875 habent

85 1891 203 1939 fasti,
239 1890 386 1928 subdit.
445 1892 528 1928 Nec
565 1892 712 1928 mirum
748 1891 935 1942 ignorari
964 1891 1015 1928 ab
1047 1892 1235 1941 ὁζγηεείος
1275 1895 1418 1930 etenim
1449 1908 1549 1931 con—

84 1948 242 1986 sularis
259 1946 385 1986 honos
410 1947 635 1999 principali
651 1948 849 1998 fastigio,
878 1947 988 1984 velut
1006 1947 1126 1984 sidus·
1154 1949 1254 1985 solis·
1272 1950 1424 1986 lumine
1453 1964 1550 1987 con-

85 2002 271 2042 debatur.
331 2002 413 2042 Sed
441 2003 550 2052 ludi,
580 2005 823 2052 venationes,
856 2017 1022 2040 munera
1053 2005 1187 2041 statim
1215 2006 1329 2044 initio
1359 2007 1548 2044 consula-

84 2067 148 2099 tus
189 2061 236 2098 ab
266 2062 440 2098 Honorio
479 2059 527 2097 de
556 2073 666 2098 more
696 2059 809 2107 data,
848 2061 1031 2111 publicae
1064 2060 1224 2098 tabulae
1261 2063 1346 2100 eius
1384 2065 1547 2100 nomine

86 2118 339 2168 consignatae
369 2118 572 2155 consulem
598 2130 730 2154 nonne
761 2115 1011 2167 prodebant?
1052 2118 1240 2156 Dicamus
1269 2132 1322 2156 ex
1353 2121 1546 2171 Procopio

86 2172 193 2226 quod
221 2181 292 2211 est.
350 2174 540 2225 Synesius
570 2175 732 2211 orientis
758 2174 960 2210 consulem
990 2173 1196 2212 commode
1226 2177 1440 2227 statimque
1468 2175 1547 2214 ha·-

84 2229 178 2268 bcre
206 2231 348 2282 potuit,
373 2231 578 2268 consulem
607 2229 821 2268 occidentis
849 2243 923 2267 nec
953 2229 1160 2268 commode
1189 2245 1263 2268 nec
1293 2235 1441 2270 statim.
1499 2235 1546 2270 In

84 2287 230 2324 tabulis
258 2299 351 2325 vero
380 2288 574 2337 publicis,
614 2287 810 2334 consulis,
850 2288 960 2324 cuius
999 2300 1145 2324 nomen
1174 2289 1450 2339 ignorabatur,
1490 2291 1548 2327 sic

85 2345 235 2381 mentio
273 2343 406 2380 fiebat.
467 2343 645 2395 Φλαβίου
676 2342 963 2395 Πρωτογένους
999 2343 1170 2384 καὶτοῦ
1203 2344 1547 2397 δηλωθησομένου

83 2394 255 2440 ὖπᾶτου.
311 2400 396 2437 FL.
426 2401 663 2449 Protegene‚
695 2407 731 2437 et
760 2398 1004 2436 declarando
1034 2413 1162 2441 cons-8.
1218 2403 1308 2439 Act.
1334 2405 1360 2443 7
1391 2403 1548 2439 concilii

85 2454 381 2507 Constantinop.
422 2457 495 2493 sub
534 2457 737 2494 Flaviano.
805 2454 1136 2495 Chalcedonensis
1177 2459 1334 2495 concilii
1373 2461 1546 2496 actiones

84 2517 241 2548 notatae
269 2519 374 2560 sunt,
403 2514 631 2562 Marciano,
662 2519 696 2549 et
720 2513 794 2563 qui
810 2513 951 2562 fuerit
969 2515 1189 2551 nunciatus
1209 2528 1340 2553 cons-9.
1368 2517 1411 2552 in
1440 2516 1548 2552 calce

86 2565 312 2618 diplomatis
333 2567 553 2607 Theodosii
585 2571 642 2607 sic
669 2570 855 2620 legimus,
884 2570 971 2610 FL.
986 2569 1184 2609 Antiochi
1209 2579 1245 2609 et
1273 2572 1446 2609 alterius
1474 2570 1549 2609 de-

86 2623 276 2662 clarandi
303 2627 536 2665 consulatu.
566 2632 568 2634 ’

196 2681 474 2730 P-144,13.
533 2683 628 2720 Non
656 2688 714 2719 est
746 2683 907 2719 omnino
940 2683 1107 2720 comitia
1134 2681 1269 2721 videre
1297 2683 1548 2734 consularia]

86 2736 139 2772 Ut
169 2733 377 2786 donativis,
410 2741 632 2791 strenisque
661 2746 899 2790 parceretur,
930 2738 1039 2791 quod
1067 2738 1134 2778 hic
1162 2747 1296 2778 narrat
1316 2741 1547 2793 Procopius,

85 2797 127 2830 et
153 2793 326 2833 lustinus
355 2794 464 2848 apud
490 2797 707 2850 Corippum
736 2795 955 2835 confirmat.
