1800 3126
468 153 527 196 IN
555 151 759 198 LIBROS
789 150 909 196 VIII.
981 150 1056 196 DE
1079 150 1284 195 BELLIS.
1323 147 1325 149 ’

1509 149 1606 198 493

183 261 324 309 prianns
344 258 542 303 carthagin.
568 257 692 292 Datius
717 257 854 293 Medio·
898 258 1016 305 Equus
1031 257 1130 294 Balas
1145 257 1235 304 apud
1258 256 1424 292 barbaros
1446 258 1533 293 idem
1550 259 1609 304 qui

186 310 253 343 lan.
271 305 461 342 Demetrius
484 304 709 350 Philippensis
722 331 733 347 ,
766 305 852 350 Epi-

182 353 326 400 phanius
340 350 631 395 Constantinopol.
647 350 851 395 Ephremius

182 398 434 439 AntiochenuS,
457 396 632 431 Eudubius
653 395 851 430 Persarme-

184 456 260 485 nus,
276 443 446 478 Eusebius
459 443 661 487 Cyzicenus,
678 441 851 488 Hypatius

181 490 388 536 Ephesinus,
404 489 535 523 Mamas
547 488 712 531 Darenus,
730 489 850 532 Megas

182 535 410 578 Beroeensis,
435 535 627 580 Reparatus
651 533 849 578 Carthagin.

185 581 350 616 Silverius
373 582 564 624 Romanus,
589 580 740 614 Thomas
757 582 850 625 Apa-

943 303 1079 348 φαλιὸς
1104 304 1193 351 apud
1219 305 1372 338 Graecos
1399 304 1446 346 ΙΙ,
1470 306 1526 346 87,
1549 308 1606 340 20.

944 351 1022 396 equi
1037 351 1180 385 camelos
1194 350 1335 384 horrent
1350 351 1378 392 Ι,
1389 350 1468 392 349,
1479 351 1512 385 3.
1529 352 1609 392 457,

941 398 975 432 5.
1000 397 1034 431 ἰη
1051 397 1192 431 Corsica
1207 396 1309 442 paulo
1327 395 1472 430 maiores
1489 397 1609 430 ovibus

942 443 989 485 ΙΙ,
1005 443 1085 484 591,
1101 444 1156 479 18.
1178 443 1212 477 in
1227 442 1352 477 Brittia
1367 442 1447 476 nulli
1463 442 1509 484 11,
1527 443 1607 483 563,

943 489 998 523 16.
1046 488 1125 534 equi
1141 498 1257 523 cursus
1273 487 1419 535 publici:
1445 488 1519 522 vide
1539 488 1609 522 Ve-

940 534 1026 568 redi.
1073 533 1199 580 equitia
1213 534 1427 580 imperatoris
1442 533 1476 568 in
1493 534 1607 568 Thra-

942 580 995 614 cia
1015 580 1045 621 1,
1061 581 1139 621 363,
1160 582 1213 615 19.
1237 581 1282 621 ΙΙ,
1300 581 1380 621 603,
1401 579 1454 616 15.

182 627 326 670 mensis,
360 626 580 668 Valentinus,
605 625 751 670 Vigilius
777 626 850 659 Ro·
895 625 1057 660 Eraricus
1083 625 1219 660 natione
1238 626 1377 671 Rugus,
1402 625 1523 660 ltaliae
1544 637 1609 659 rex

181 685 310 709 manuS.
348 672 541 718 Episcopus
558 673 710 705 Surenus
725 671 751 712 Ι,
771 673 849 713 172,

184 720 238 755 19.
286 719 417 763 legatus
436 717 577 761 Vittigis
601 718 644 751 ad
662 717 848 751 ChosroEm

182 765 479 845 ἓρῇῗοῗρῖὄῐὲοιέεη
503 770 606 809 atque
631 763 780 797 habitum
795 763 848 796 in-

207 823 240 844 ui
290 837 300 852 ,
386 837 394 851 ,
436 835 443 842 .

134 856 312 903 Epistulae
326 860 463 889 mutuae
478 853 632 888 Belisarii
649 858 684 887 et
698 852 848 887 Mirrha-

180 903 233 936 nis
258 902 286 944 Ι,
310 903 366 944 66,
381 901 415 935 5.
462 901 543 934 lusti
572 903 606 933 et
633 899 790 933 Belisarii
816 900 848 943 Ι,

179 948 260 990 241,
277 949 330 983 17.
382 945 556 980 Iustiniani
572 950 607 979 et
622 945 802 979 Gelimeris
818 945 847 988 Ι,

179 995 272 1037 351,
298 994 353 1028 11.
383 993 473 1033 352,
502 993 557 1026 14.
613 991 784 1025 Tzazonis
811 997 848 1026 et

181 1038 363 1074 Gelimeris
385 1039 411 1079 Ι,
427 1036 507 1080 404,
522 1038 555 1071 4.
578 1036 658 1080 407,
677 1038 719 1071 14
775 1037 847 1071 Be—

109 1082 113 1086 ’
178 1084 285 1120 liserii
313 1088 348 1118 et
375 1084 580 1118 Gotthorum
614 1083 649 1124 Ι,
674 1084 763 1125 431,
790 1084 845 1118 19.

178 1131 259 1172 432,
283 1131 340 1166 20.
385 1131 520 1164 Pharae
543 1134 579 1162 et
607 1128 788 1162 Gelimeris
816 1129 844 1172 1,

177 1177 258 1220 435,
277 1177 329 1211 18.
353 1174 434 1218 437,
453 1176 487 1210 6.
510 1174 591 1216 439,
608 1177 640 1210 7.
687 1174 847 1208 Salomo-

177 1222 230 1256 nis
246 1227 282 1256 et
297 1222 483 1268 principum
498 1221 694 1254 Maurorum
720 1220 748 1262 I,
766 1222 846 1264 451,

179 1269 236 1303 14.
266 1268 345 1310 452,
369 1269 402 1302 9.
450 1267 622 1301 Iustiniani
646 1271 682 1300 et
707 1267 846 1301 Amala-

177 1314 323 1349 sunthae
345 1313 390 1355 ΙΙ,
407 1315 461 1356 19,
476 1314 508 1348 9.
529 1313 581 1348 15.
628 1312 797 1346 Theodati
813 1316 848 1347 et

178 1359 353 1396 Iustiniani
369 1359 413 1398 ΙΙ,
430 1360 487 1400 31,
506 1360 562 1394 13.
585 1360 643 1403 32,
663 1360 717 1394 11.
768 1359 847 1404 epi-

177 1406 268 1440 stola
294 1405 441 1439 Cabadis
469 1406 648 1439 Persarum
683 1405 775 1450 regis
803 1405 846 1438 ad

177 1451 341 1487 Iustinum
366 1453 452 1495 Aug.
481 1451 516 1494 1,
540 1451 601 1495 51,
632 1452 683 1484 10.
713 1494 718 1499 ‚
739 1451 846 1486 Iusti-

176 1497 270 1532 niani
282 1497 324 1531 ad
342 1497 527 1531 chosroem
545 1497 572 1538 Ι,
591 1498 666 1534 169.
685 1498 718 1532 7.
754 1496 846 1530 eius-

173 1544 251 1579 dem
273 1543 316 1577 ad
339 1542 506 1588 principes
522 1542 694 1577 Vandalos
717 1543 746 1586 Ι,
763 1545 843 1584 380,

174 1591 232 1626 20.
280 1588 427 1623 ciusdem
449 1588 492 1622 ad
512 1588 719 1622 Francorum
745 1600 844 1632 reges

175 1636 220 1678 ΙΙ,
237 1636 292 1680 27,
311 1637 363 1669 10.
411 1634 560 1668 eiusdem
576 1634 618 1667 ad
636 1635 844 1668 Gotthorum

176 1691 337 1728 proceres
366 1680 409 1721 ΙΙ,
426 1681 483 1722 36,
501 1682 532 1714 8.
581 1680 687 1714 eiusd.
713 1682 755 1714 ad
781 1692 845 1714 co-

174 1727 306 1773 piarum
329 1736 463 1760 sumum
488 1725 521 1758 in
544 1726 645 1759 Italia
667 1727 770 1760 duces
799 1727 843 1769 ΙΙ,

173 1774 262 1817 221,
291 1774 324 1808 1.
371 1771 528 1806 Belisarii
555 1771 597 1804 ad
624 1772 844 1806 Iustinianum

173 1820 221 1861 ΙΙ,
239 1819 317 1860 114,
333 1819 367 1852 5.
415 1817 523 1851 eiusd.
541 1817 583 1850 ad
598 1817 780 1852 Narsetem
798 1818 842 1861 ΙΙ,

173 1865 255 1908 231,
281 1865 314 1899 8.
362 1863 467 1897 eiusd.
497 1863 540 1896 ad
565 1864 843 1898 Theodeberturn

173 1911 384 1946 Francorum
419 1920 535 1953 regem
583 1909 638 1951 ΙΙ,
664 1911 753 1949 250,
781 1910 836 1944 12.

175 1955 281 1991 eiusd.
309 1955 352 1989 ad
377 1955 589 1989 Iustinianum
619 1956 670 1997 ΙΙ,
698 1955 786 1996 325,
809 1957 842 1990 2.

173 2001 279 2037 eiusd.
296 2001 339 2035 ad
354 2001 503 2036 Totilam
521 2001 565 2043 ll,
581 2003 662 2043 371,
680 2003 714 2037 7.
765 2002 841 2034 Go-

173 2048 239 2083 dae
252 2047 296 2081 ad
312 2046 530 2080 Iustinianum
547 2047 572 2085 Ι,
588 2048 668 2090 357,
687 2049 741 2083 17.
769 2049 842 2081 An-

173 2093 264 2129 talae
277 2092 321 2126 ad
339 2093 480 2126 eundem
498 2093 524 2134 Ι,
540 2093 620 2133 506,
637 2095 692 2128 20.
738 2093 841 2127 Toti-

173 2139 230 2175 lae
252 2138 296 2173 ad
319 2138 459 2173 eundem
485 2138 529 2173 ΙΙ.
549 2139 629 2179 369,
653 2141 684 2176 8.
735 2139 840 2174 eiusd.

173 2185 219 2221 ad
234 2189 384 2219 senatum
402 2185 498 2218 Rom.
514 2184 559 2227 ll,
575 2185 654 2226 313,
669 2187 702 2220 7.
745 2185 840 2219 Mer-

173 2230 297 2265 merois
325 2230 368 2264 ad
393 2231 568 2264 Gubazem
597 2231 648 2273 ΙΙ,
675 2230 761 2271 544,
787 2233 841 2266 18.

174 2276 336 2312 Usdrilae
353 2276 396 2310 ad
413 2275 629 2310 Valerianum
647 2277 692 2322 ΙΙ,
709 2278 788 2321 607,
804 2278 838 2312 2.

172 2322 346 2357 Valeriani
369 2321 413 2356 ad
438 2322 595 2356 loannem
619 2323 665 2366 ΙΙ,
690 2323 768 2362 577,
784 2325 841 2358 22.

172 2369 306 2403 loannis
331 2368 376 2402 ad
402 2368 601 2402 Belisarium
630 2369 675 2410 ΙΙ,
701 2369 782 2410 212,
808 2370 841 2404 3.

172 2414 314 2449 Martini
339 2414 381 2448 ad
411 2414 553 2448 eundem
587 2414 642 2459 ΙΙ,
670 2414 758 2455 230,
787 2417 840 2450 16.

174 2461 383 2495 Gotthorum
398 2460 531 2494 Auximi
560 2459 774 2494 obsessorum
800 2461 841 2495 ad

172 2505 319 2551 Vittigin
345 2506 390 2548 ΙΙ,
406 2505 485 2549 244,
501 2506 556 2540 23.
583 2508 662 2548 252,
679 2507 712 2541 8.
761 2506 842 2540 Vit-

173 2551 255 2595 tigis
269 2552 314 2586 ad
329 2552 486 2586 obsessos
506 2552 551 2595 ΙΙ,
567 2553 646 2592 252,
667 2552 719 2588 15.
768 2553 842 2598 epi-

175 2597 284 2632 stolae
307 2596 441 2632 summis
464 2598 597 2632 vexillis
619 2598 797 2643 impositae
821 2610 841 2632 a

173 2642 352 2684 Belisario,
376 2654 449 2677 cum
465 2655 485 2677 a
500 2644 616 2678 Persis
635 2645 762 2679 frustra
777 2657 840 2690 pa—

175 2700 246 2722 cem
261 2689 414 2734 petiisset
427 2689 456 2731 1,
473 2691 529 2731 67,
548 2692 602 2725 18.

127 2733 352 2780 Epizephyrii
365 2733 465 2768 Locri
480 2735 526 2778 11,
542 2737 596 2778 80,
613 2737 646 2771 2.

128 2779 275 2825 Equites
284 2780 408 2814 Persae
422 2780 558 2824 flagello
573 2781 727 2816 instructi
744 2783 771 2826 Ι,
781 2781 837 2824 65,

940 672 986 713 ΙΙ,
1003 673 1082 716 287,
1104 673 1158 708 13.
1204 672 1280 707 dum
1307 684 1369 717 per
1383 672 1515 716 legatos
1532 682 1609 706 cum

939 717 1124 798 {affiniano
1149 718 1238 763 agit,
1262 718 1426 753 occiditur
1450 718 1505 760 11,
1526 719 1607 760 289,

893 809 1066 843 Eridanus
1082 808 1119 843 fl.
1140 809 1184 852 II,
1199 810 1279 851 293,
1299 811 1352 844 12.
1385 809 1463 844 vide
1479 809 1606 844 Padus.

893 855 990 890 Eruli
1014 854 1133 889 Ariani
1160 855 1188 898 Ι,
1212 857 1290 899 490,
1315 855 1373 891 24.
1421 855 1606 890 Iustiniano

963 900 1091 946 rincipc
1106 913 1220 935 veram
1244 902 1437 946 religionem
1461 901 1608 946 amplexi

938 913 994 989 ΙΙ,
1019 947 1100 989 203,
1127 947 1182 982 17.
1228 946 1398 991 ingenium
1426 948 1537 992 gentis
1564 959 1607 981 ac

937 1004 1050 1027 mores
1074 992 1110 1035 1,
1130 992 1217 1035 427,
1237 995 1292 1027 21.
1316 995 1395 1035 204,
1414 994 1468 1029 14.
1517 993 1606 1027 anti-

938 1049 1025 1084 quae
1047 1039 1144 1073 sedes
1167 1039 1214 1082 ΙΙ,
1244 1040 1319 1080 199,
1339 1039 1391 1074 15.
1446 1041 1480 1074 in
1507 1051 1605 1073 senes

938 1091 974 1118 et
1000 1090 1159 1129 aegrotos
1182 1085 1364 1119 crudelitas
1389 1086 1432 1129 ΙΙ,
1452 1086 1529 1129 199,
1545 1086 1604 1119 20.

936 1141 1060 1165 saevus
1072 1142 1211 1164 uxorum
1228 1142 1299 1164 mos
1315 1132 1360 1172 ΙΙ,
1377 1133 1457 1173 200,
1474 1134 1505 1167 7.
1533 1143 1605 1165 mos

937 1176 1090 1210 militaris
1110 1177 1137 1218 Ι,
1153 1176 1232 1218 265,
1252 1178 1306 1211 18.
1354 1178 1514 1212 Romanis
1530 1178 1605 1222 qui-

938 1223 1014 1256 dam
1038 1223 1100 1256 sub
1121 1223 1234 1256 Phara
1259 1222 1402 1257 militant
1428 1224 1455 1261 Ι,
1473 1225 1529 1264 62,
1549 1223 1604 1257 15.

937 1269 999 1308 72,
1027 1273 1059 1303 1.
1081 1269 1160 1307 360.
1181 1269 1211 1303 1.
1261 1268 1318 1302 alii
1342 1271 1403 1304 sub
1421 1269 1549 1304 Mundo
1577 1269 1605 1311 Ι,

940 1315 1027 1356 127,
1051 1315 1085 1350 3.
1117 1315 1202 1356 128,
1229 1315 1282 1350 17.
1340 1317 1403 1350 sub
1440 1316 1605 1358 Narsetc,

935 1360 1147 1394 Philemutho
1163 1364 1200 1394 et
1216 1360 1307 1394 Vero
1323 1361 1350 1401 Ι,
1367 1362 1446 1405 262,
1463 1363 1497 1396 2.
1528 1361 1605 1406 qui-

936 1406 1012 1440 dam
1030 1405 1194 1440 rebellant
1208 1406 1242 1440 iu
1258 1407 1376 1442 Africa
1390 1408 1436 1443 ΙΙ.
1453 1406 1532 1447 487,
1547 1409 1606 1444 21.

937 1452 970 1485 in
989 1453 1138 1486 Gotthos
1154 1463 1248 1486 arma
1262 1460 1384 1497 gerunt
1400 1454 1445 1496 ΙΙ,
1466 1454 1607 1495 160,10.

936 1498 1119 1532 Narsetem
1147 1498 1253 1532 secuti
1279 1499 1324 1543 11,
1344 1501 1421 1542 199,
1441 1500 1495 1534 13.
1544 1500 1608 1533 ab·

937 1549 1019 1577 eunt
1047 1544 1102 1586 11,
1127 1545 1193 1579 235
1237 1545 1270 1579 8.
1326 1546 1553 1590 profligantur
1586 1556 1610 1580 a

935 1589 1177 1634 Langobar-dis
1208 1590 1262 1630 ΙΙ,
1288 1591 1375 1632 202,
1404 1594 1447 1626 14
1472 1596 1508 1625 et
1532 1603 1608 1636 seq.

935 1646 1017 1680 pars
1034 1635 1168 1669 Thulen
1186 1636 1271 1680 petit
1286 1636 1335 1678 ΙΙ,
1351 1637 1427 1678 205,
1444 1638 1499 1673 15.
1525 1648 1608 1670 cae-

936 1682 1000 1715 teri
1026 1681 1069 1714 ad
1095 1682 1277 1726 Gepaedes
1312 1688 1347 1717 et
1371 1682 1545 1717 Romanos
1570 1694 1609 1717 se

934 1727 1171 1807 520025110112‘1132
1193 1729 1274 1808 {83⁹
1291 1729 1354 1808 ²14
1370 1740 1608 1809 ‘⁸?5”}1.⁸f:.-⁰::,¹

936 1819 1111 1852 consident
1137 1798 1184 1861 ΙΙ,
1210 1799 1291 1862 205,
1319 1800 1365 1854 6.·
1402 1788 1526 1864 regern)
1541 1821 1606 1855 sibi

934 1864 1105 1898 asciscunt
1124 1876 1166 1898 ex
1182 1864 1294 1898 Thule
1309 1864 1355 1909 ΙΙ,
1373 1867 1451 1910 208,
1470 1868 1520 1901 17.
1553 1866 1605 1900 al-

934 1916 1046 1944 terum
1074 1922 1094 1944 a
1110 1910 1295 1944 Iustiniano
1314 1916 1433 1955 petunt
1461 1912 1504 1950 ΙΙ,
1522 1913 1605 1954 209,

934 1956 968 1990 9.
1017 1956 1058 1989 ab
1083 1956 1157 2000 ipso
1175 1955 1336 1990 deficiunt
1360 1957 1403 1991 ad
1420 1957 1603 2003 Gepaedes

934 2001 991 2044 ΙΙ,
1016 2003 1094 2044 209,
1122 2003 1174 2036 19.
1197 2002 1285 2042 426,
1311 2004 1367 2037 11.
1415 2004 1603 2047 adiungunt

933 2059 970 2081 se
1007 2047 1148 2081 Narseti
1189 2049 1342 2082 eunucho
1381 2049 1435 2091 ΙΙ,
1462 2050 1541 2091 330,
1568 2051 1600 2087 7.

932 2093 1120 2127 Sclavenos
1135 2094 1280 2127 fundunt
1295 2095 1339 2137 ΙΙ,
1356 2095 1435 2136 330,
1455 2097 1508 2130 18.
1538 2095 1603 2128 (Ιο-

932 2144 1056 2173 nantur
1082 2145 1180 2185 parte
1202 2139 1331 2174 Daciae
1356 2147 1389 2174 et
1413 2141 1603 2186 stipendiis,

933 2185 1100 2219 foederati
1116 2186 1249 2220 nomine
1261 2212 1269 2227 ‚
1294 2186 1406 2231 reipsa
1425 2193 1602 2230 grassato-

932 2243 989 2266 res
1005 2231 1051 2273 ΙΙ,
1067 2231 1146 2269 419,
1166 2234 1196 2266 1.
1235 2232 1268 2265 in
1283 2232 1382 2266 Italia
1399 2233 1541 2267 militant
1557 2234 1603 2275 ΙΙ,

933 2278 1012 2319 599,
1041 2279 1094 2312 11.
1119 2278 1199 2318 608,
1221 2279 1276 2313 13.
1330 2278 1440 2313 media
1465 2279 1500 2313 in
1527 2279 1602 2314 acie

932 2323 1088 2357 locantur
1104 2323 1148 2362 ΙΙ,
1167 2324 1244 2361 618,
1263 2324 1317 2359 13.

889 2369 1083 2403 Esdilasas:
1107 2369 1187 2403 vide
1203 2370 1376 2403 Isdilasas.

890 2415 1123 2460 Esimiphaeus
1147 2415 1397 2450 Homeritarum
1422 2428 1483 2450 rex
1502 2415 1604 2450 Chri-

934 2461 1063 2495 stianus
1090 2461 1117 2505 Ι,
1150 2464 1225 2499 104,
1242 2463 1298 2496 20.
1347 2462 1507 2495 tributum
1534 2464 1605 2496 Ae-

933 2507 1084 2552 thiopiae
1100 2507 1173 2551 regi
1189 2507 1303 2541 itidem
1316 2507 1506 2541 Christiano
1519 2520 1605 2553 pen-

933 2553 980 2586 dit
997 2555 1024 2593 l,
1044 2555 1119 2593 106,
1135 2554 1168 2587 4.
1202 2553 1236 2587 in
1253 2553 1436 2586 custodiam
1454 2565 1472 2586 a
1489 2554 1605 2587 rebel-

933 2598 1020 2632 libus
1048 2599 1193 2633 traditur
1227 2601 1310 2632 ibid.
1359 2599 1474 2642 legato
1502 2599 1605 2632 Iusti—

933 2645 1024 2679 niani
1040 2645 1167 2679 frustra
1184 2645 1361 2689 pollicetur
1378 2645 1484 2688 petita
1500 2646 1584 2680 ibid.

886 2691 1046 2735 Evagees
1063 2703 1137 2724 curn
1156 2691 1327 2724 Hoamere
1346 2690 1452 2723 fratre
1472 2690 1505 2723 in
1523 2700 1603 2724 car-

931 2749 1041 2771 cerem
1059 2749 1079 2771 a
1096 2737 1268 2770 Gelimere
1285 2736 1454 2769 coniectus
1477 2736 1503 2778 1,
1521 2737 1602 2779 351,

929 2785 962 2818 7.
1001 2783 1164 2816 occiditur
1180 2782 1206 2822 Ι,
1224 2782 1303 2822 383,
1324 2782 1378 2815 15.

174 2826 205 2862 5.
225 2826 341 2862 itidem
349 2826 491 2863 Romani
504 2827 532 2873 Ι,
542 2827 620 2871 244,
632 2830 836 2873 12.266,2Ο.
883 2829 1086 2876 Evangelia,
1105 2827 1369 2864 Christianorum
1386 2826 1534 2873 oracula,
1545 2827 1596 2863 iu-
