1800 3126
564 135 755 180 NOTAE
786 134 1080 180 ALEMANNI.
1449 133 1546 182 441

99 250 208 300 dixi,
243 249 348 288 vallo
370 255 510 301 septus
538 247 759 286 tenebatur.
817 247 983 294 Quintus
1010 244 1224 284 Mauricius
1254 258 1386 284 comes
1426 260 1551 285 excu-

97 309 282 348 bitorum.
339 308 456 343 Hunc
485 305 653 357 gradum
672 305 834 343 Tiberio
863 305 1040 356 principe
1070 310 1129 341 est
1158 310 1413 351 consecutus3
1446 317 1550 343 anno

96 377 191 404 uuo
218 363 289 401 illo
317 364 525 400 Iustiniani
553 361 787 400 duodecimo
815 361 934 412 plane
962 374 1073 413 puer,
1102 373 1177 398 nec
1204 361 1355 412 primae
1384 362 1552 398 militiae

97 418 294 472 ntipendia
330 426 542 457 meruerat.
602 420 749 457 Sextus
779 418 964 455 Tiberius
1004 430 1125 468 gener
1159 418 1241 454 iam
1271 416 1367 454 dicti
1395 420 1552 455 Iustini.

95 476 147 516 ld
182 489 286 514 anno
325 475 560 515 duodecimo
597 473 837 514 Iustiniani‘l
880 474 1033 512 Deinde
1069 487 1191 525 gener
1223 473 1397 511 Instini?
1438 476 1557 512 unica

96 533 180 572 filia
207 533 358 571 Iustino
387 534 463 571 fuit
489 533 656 581 Arabia,
696 531 795 569 haec
823 530 1038 569 Baduario*
1059 532 1206 583 nupsit.
1264 531 1418 568 Tiberii
1450 545 1558 568 uxo-

95 600 193 628 rent·
220 591 308 642 quis
336 592 462 628 nescit
489 587 771 627 Anastasiam‘?
811 587 911 626 filias
941 601 1034 626 vero
1066 587 1340 636 Charitonam,
1381 595 1420 626 et
1449 589 1559 626 Con-

94 645 345 685 stantinam?
392 649 458 684 Ex
493 645 557 684 his
600 647 775 699 reliqua3
816 658 917 697 quae
958 645 1192 696 singillatim
1230 645 1412 683 refellere
1454 644 1558 683 nihil

95 715 204 742 nunc
230 702 333 740 mihi
362 705 464 741 tanti
492 709 578 741 est.·

213 761 260 798 P.
286 760 380 809 110,
403 763 443 801 2.
501 761 584 798 Dei
608 766 803 796 naturam
827 760 1030 796 curiosius
1055 757 1323 810 perscrutari]
1353 760 1461 796 Haec
1488 760 1559 796 Iu-
1581 758 1611 794 P
1638 758 1704 794 155

99 816 271 855 atiniano
301 818 503 855 curiositas
533 816 682 864 obfuit,
722 829 797 853 nec
824 818 957 853 minus
988 815 1115 853 obfuit
1145 817 1348 853 ecclesiae.
1406 816 1558 854 Felices

99 873 267 911 fortasse
307 881 399 911 sunt
440 874 683 925 respublicae
724 886 892 925 quarum
936 885 1048 923 reges
1085 871 1439 924 philosophantur3
1487 871 1560 910 sed

98 930 219 982 plane
251 930 396 967 infelix
435 932 599 968 ecclesia
628 936 708 978 est,
747 944 838 968 cum
866 930 1061 967 seculares
1089 931 1287 983 principes
1317 931 1371 967 ita
1399 928 1560 967 theolo-

98 987 190 1038 giae
227 993 368 1024 vacant
406 994 450 1024 ut
485 987 738 1025 lastinianus.
794 988 1020 1038 Disputat-it
1054 987 1125 1023 ille
1165 986 1213 1024 de
1256 986 1373 1024 rebus
1413 985 1557 1024 divinis

101 1056 195 1081 oum
222 1043 410 1081 ecclesiae
440 1043 686 1092 doctoribus,
717 1056 761 1081 ac
789 1044 954 1082 tandem
984 1042 1167 1081 dirimere
1190 1045 1448 1095 'quaestIOnes
1478 1044 1559 1080 im-

99 1100 241 1152 periali
268 1100 373 1138 fastu
402 1107 440 1138 et
468 1103 674 1152 tyrannica
711 1102 752 1138 vi
789 1101 908 1138 licere
937 1101 1014 1139 sibi
1041 1102 1208 1151 putavit.
1266 1102 1445 1151 Agapeto
1475 1102 1560 1138 Ro-

99 1169 219 1194 mano
247 1157 424 1208 pontifici
454 1156 551 1196 duas
581 1159 622 1194 in
653 1155 807 1195 Christo
836 1165 996 1196 naturas
1027 1159 1216 1194 asserenti
1251 1164 1385 1195 contra
1414 1158 1559 1194 Mono-

96 1211 279 1265 physitas
317 1214 554 1267 quibuscum
591 1215 832 1253 Iustinianus
869 1216 1011 1261 sensit,
1050 1216 1106 1251 ita
1140 1216 1314 1251 minatus
1353 1220 1438 1261 est3
1483 1219 1560 1250 aut

101 1271 279 1308 consenti
306 1270 433 1318 nobis,
462 1279 536 1309 aut
558 1272 676 1309 exilio
697 1277 734 1308 te
755 1270 961 1323 deportari
973 1271 1154 1322 faciam.
1210 1273 1349 1308 Anast.
1370 1271 1411 1307 in
1431 1271 1562 1322 Agap-

99 1327 197 1364 Post
228 1325 472 1379 theologicas
506 1327 800 1380 disquisitiones
842 1342 934 1366 cum
970 1326 1167 1379 Eutychio
1199 1328 1564 1377 Constantinopoli-

100 1388 194 1421 tano
231 1383 477 1435 patriarcha,
521 1392 566 1422 ut
603 1387 687 1423 eius
725 1387 914 1436 tempon's
953 1385 1117 1436 scriptor
1152 1383 1386 1422 Eustathius
1429 1385 1562 1432 refert,

100 1439 320 1493 προέβαλεν
353 1439 378 1481 o‘
406 1439 590 1494 βασιλευς
628 1438 676 1482 ὃν
705 1441 866 1493 ἐποίησε
894 1457 1043 1493 χαρτην
1072 1440 1304 1494 περιέχοντα
1339 1455 1415 1492 την
1445 1438 1565 1508 βλάσ-

103 1511 242 1549 φημον
271 1496 428 1549 ἐκείνην
449 1499 757 1567 δογματοποιΐαν
786 1497 910 1551 λέγων
938 1495 981 1538 τὸ
1009 1510 1123 1549 σωμα
1153 1500 1225 1538 τοῦ
1253 1497 1396 1549 κυρίου
1426 1496 1467 1545 ἐξ
1497 1492 1567 1536 αὕ-

101 1555 180 1623 τῆς
202 1550 383 1601 ἓνωσεως
411 1551 637 1607 ἄφθαρτον.
696 1551 897 1607 ἄναγνους
926 1552 969 1594 δὲ
998 1557 1097 1594 πᾶσι
1125 1569 1193 1594 τον
1221 1557 1406 1594 τοιοῦτον
1431 1549 1567 1606 λόγον,

101 1605 298 1663 ἠνάγκαζε
339 1607 408 1651 τὸν
449 1608 653 1663 Ευτύχιον
696 1610 915 1660 δέξασθαι,
959 1610 1026 1650 καὶ
1071 1606 1298 1662 συμψηφον
1342 1606 1452 1650 αὕτω
1495 1612 1570 1661 τῆς

102 1667 359 1720 βλασφημίας
391 1664 537 1719 ταύτης
569 1667 770 1720 γενέσθαι.
829 1668 1014 1706 Protulit
1038 1669 1255 1718 imperator
1283 1681 1310 1704 a
1338 1681 1378 1703 se
1407 1679 1570 1717 compo.-

102 1725 229 1761 8itum
252 1723 439 1788 etiictum,
469 1739 546 1775 quo
568 1725 844 1775 blasphemum
873 1723 982 1762 illud
1008 1723 1157 1775 dogma
1182 1723 1229 1761 de
1249 1723 1568 1775 incorruptibili,

96 1786 194 1832 post
215 1781 411 1826 unionem,
434 1779 590 1816 domini
610 1781 864 1818 humanitate
884 1781 1176 1829 continebatur,
1198 1779 1309 1831 quod
1326 1794 1417 1817 cum
1440 1781 1569 1817 omni-

105 1836 182 1874 bus
206 1837 448 1888 perlegisset,
477 1837 727 1887 Eutyclzium
756 1837 803 1874 id
828 1844 968 1874 ratum
995 1837 1157 1882 habere,
1191 1837 1346 1888 sibique
1375 1838 1419 1874 in
1448 1843 1568 1873 tanta

105 1893 356 1943 blasphemia
395 1896 611 1930 consentire
650 1894 767 1944 cogit.
830 1892 882 1930 Id
918 1894 1036 1930 illum
1076 1901 1321 1943 respuentem
1362 1892 1570 1943 deportari

106 1951 242 1990 iussit.
299 1951 483 1988 Caeteros
514 1952 740 2001 episcopos,
784 1951 852 2000 qui
880 1951 922 1986 in
953 1948 1303 2000 disceptationibus
1332 1948 1380 1986 de
1413 1949 1490 1986 fide
1522 1962 1566 1986 ac
1590 1948 1620 1982 A
1641 1948 1689 1984 90

105 2007 296 2057 religione
325 2020 347 2044 a
374 2020 416 2044 se
447 2006 717 2054 dissentirent,
748 2007 812 2043 vel
842 2007 1009 2043 coniecit
1038 2007 1079 2042 in
1109 2007 1287 2053 vincula,
1318 2006 1384 2042 vel
1414 2007 1568 2042 crucia-

103 2064 212 2100 tibus
238 2070 304 2100 aut
328 2077 424 2101 nece
450 2063 604 2110 affecit3
636 2070 800 2114 experto
826 2063 1031 2099 credamus
1053 2064 1199 2100 Victori
1222 2063 1434 2100 Tunnensi
1456 2063 1568 2100 Afri-

107 2133 205 2157 cano
233 2121 429 2172 Episcopo
459 2122 500 2158 in
531 2119 727 2157 chronico.
785 2118 883 2157 Vide
911 2117 984 2156 has
1012 2125 1124 2156 notas
1155 2118 1204 2155 ad
1234 2133 1274 2170 p.
1308 2119 1401 2160 115.

218 2178 265 2214 Ρ.
299 2180 399 2225 110,
431 2178 470 2216 9.
532 2175 655 2227 Quod
693 2177 864 2213 alterius
886 2177 1027 2227 parti-5·
1048 2176 1269 2226 populare-5
1299 2177 1437 2225 magis
1469 2175 1572 2213 Cae-

107 2235 198 2271 sari
226 2232 456 2284 studerent]
496 2236 647 2284 Nempe
683 2234 842 2281 Veneti,
889 2233 1033 2284 quibus
1070 2240 1108 2270 et
1142 2233 1286 2270 Caesar
1324 2235 1408 2284 ipse
1439 2234 1571 2283 magis

108 2289 303 2338 studebat,
334 2303 454 2342 quam
482 2291 679 2328 Prasinis:
713 2289 822 2342 quod
850 2289 1027 2326 studium
1054 2290 1205 2341 placuit
1232 2291 1405 2340 Evagrio
1435 2290 1573 2327 nomi-

108 2359 203 2384 nare
235 2349 406 2399 μανίαν,
437 2346 698 2396 dementiam,
738 2353 776 2383 et
810 2342 996 2397 θηριώδη
1025 2342 1209 2399 γνώμην,
1239 2345 1461 2383 belluinam
1492 2347 1575 2382 im·-

102 2405 357 2442 manitastm.
413 2405 472 2440 De
505 2417 582 2455 qua
621 2416 711 2440 cum
740 2404 932 2454 Procopio
964 2409 1002 2439 et
1038 2404 1125 2440 aliis
1156 2416 1273 2454 saepe
1303 2404 1344 2439 in
1374 2401 1436 2440 his
1466 2403 1575 2440 notis

109 2459 380 2498 disseruimus.
439 2462 573 2498 Unum
611 2458 677 2497 hic
722 2458 891 2507 addam,
941 2460 1082 2496 Iustini
1125 2461 1376 2511 imperatoris
1415 2459 1575 2495 illustre

109 2518 404 2565 testimonium,
435 2517 542 2569 quod
571 2530 673 2568 pene
702 2530 769 2553 me
797 2517 1066 2568 praeterierat.
1123 2515 1407 2568 Theophanes.
1452 2515 1578 2555 ἱππο-

111 2572 277 2623 δρομίας
315 2575 654 2624 ἐπιτελεσθείσης,
703 2572 772 2612 καὶ
808 2569 1146 2624 φιλονεικουντων
1188 2588 1270 2612 των
1309 2574 1443 2625 μερῶν
1479 2568 1578 2623 πρὸς

113 2624 307 2681 ἀλλήλους
343 2630 497 2683 ἔπεμψε
528 2626 789 2682 ΝΙανδᾶτωρα
829 2629 885 2677 εἰς
916 2628 1088 2699 ἑκάτερα
1116 2645 1165 2670 τα
1202 2628 1300 2683 μέρη
1338 2644 1359 2668 o
1390 2625 1577 2696 βασιλευς

113 2683 249 2736 λέγων,
279 2686 334 2734 εἷς
363 2685 434 2737 μὲν
463 2702 560 2735 τους
589 2685 804 2736 Βενέτους,
831 2682 889 2726 ότι
916 2681 1193 2735 Ἰουστινιανὸς
1221 2701 1242 2726 ο
1253 2682 1460 2755 βασιλεὺς
1483 2679 1576 2738 παρ’

111 2739 213 2792 υμῖν
243 2740 503 2794 ἐτελεύτησεν,
533 2744 590 2791 εἷς
618 2741 660 2783 δὲ
686 2740 782 2789 τούς
808 2740 1097 2795 Πρασίνονς,”
1082 2741 1143 2784 ότι
1171 2738 1264 2794 παρ’
1291 2740 1389 2809 ὑμῖν
1416 2737 1578 2781 'Ioven-

113 2795 251 2847 νιανὸς
280 2798 334 2840 ἔτι
360 2801 420 2855 ζῇ,
447 2800 514 2841 καὶ
535 2796 764 2841 ἀκούσαντα
793 2797 840 2840 τοὶ
871 2798 968 2856 μέρη
996 2799 1198 2855 ἐσίγησαν,
1228 2798 1296 2840 καὶ
1326 2793 1460 2840 ουκέτι
1488 2797 1578 2851 ἐφι-
