<?xml version="1.0" encoding="UTF-8"?>
<!DOCTYPE html PUBLIC "-//W3C//DTD XHTML 1.0 Transitional//EN"
    "http://www.w3.org/TR/xhtml1/DTD/xhtml1-transitional.dtd">
<html xmlns="http://www.w3.org/1999/xhtml" xml:lang="en" lang="en">
 <head>
  <title>
</title>
<meta http-equiv="Content-Type" content="text/html;charset=utf-8" />
  <meta name='ocr-system' content='tesseract 3.04.00' />
  <meta name='ocr-capabilities' content='ocr_page ocr_carea ocr_par ocr_line ocrx_word'/>
</head>
<body>
  <div class='ocr_page' id='page_1' title='image "./corpusscriptorum45niebuoft_0030.png"; bbox 0 0 1754 3132; ppageno 0'>
   <div class='ocr_carea' id='block_1_1' title="bbox 159 184 1165 238">
    <p class='ocr_par' dir='ltr' id='par_1_1' title="bbox 159 184 1165 238">
     <span class='ocr_line' id='line_1_1' title="bbox 159 184 1165 238; baseline 0.003 -3"><span class='ocrx_word' id='word_1_1' title='bbox 159 205 271 238; x_wconf 70' lang='lat' dir='ltr'>mv</span> <span class='ocrx_word' id='word_1_2' title='bbox 493 184 497 187; x_wconf 86' lang='grc'><strong>’</strong></span> <span class='ocrx_word' id='word_1_3' title='bbox 592 194 852 236; x_wconf 80' lang='lat' dir='ltr'>ALEMANNI</span> <span class='ocrx_word' id='word_1_4' title='bbox 879 193 1165 238; x_wconf 73' lang='lat' dir='ltr'>PRAEFmO.</span> 
     </span>
    </p>
   </div>
   <div class='ocr_carea' id='block_1_2' title="bbox 19 303 1598 2809">
    <p class='ocr_par' dir='ltr' id='par_1_2' title="bbox 19 303 1598 2809">
     <span class='ocr_line' id='line_1_2' title="bbox 159 303 1587 360; baseline -0.001 -14"><span class='ocrx_word' id='word_1_5' title='bbox 159 321 242 346; x_wconf 86' lang='lat' dir='ltr'>usus</span> <span class='ocrx_word' id='word_1_6' title='bbox 270 313 336 347; x_wconf 89' lang='lat' dir='ltr'>est.</span> <span class='ocrx_word' id='word_1_7' title='bbox 394 304 503 347; x_wconf 88' lang='lat' dir='ltr'>Certe</span> <span class='ocrx_word' id='word_1_8' title='bbox 535 312 680 354; x_wconf 81' lang='lat' dir='ltr'><strong>neuter,</strong></span> <span class='ocrx_word' id='word_1_9' title='bbox 714 304 798 346; x_wconf 90' lang='lat' dir='ltr'>licet</span> <span class='ocrx_word' id='word_1_10' title='bbox 816 305 1014 348; x_wconf 87' lang='lat' dir='ltr'>Vaticanae</span> <span class='ocrx_word' id='word_1_11' title='bbox 1036 303 1287 346; x_wconf 82' lang='lat' dir='ltr'>Bibliothecae</span> <span class='ocrx_word' id='word_1_12' title='bbox 1309 312 1456 360; x_wconf 85' lang='lat' dir='ltr'>uterque</span> <span class='ocrx_word' id='word_1_13' title='bbox 1481 317 1587 359; x_wconf 87' lang='lat' dir='ltr'>prae-</span> 
     </span>
     <span class='ocr_line' id='line_1_3' title="bbox 160 370 1590 426; baseline -0.001 -15"><span class='ocrx_word' id='word_1_14' title='bbox 160 371 295 420; x_wconf 75' lang='lat' dir='ltr'>sectus,</span> <span class='ocrx_word' id='word_1_15' title='bbox 342 371 547 413; x_wconf 80' lang='lat' dir='ltr'><strong>versionem</strong></span> <span class='ocrx_word' id='word_1_16' title='bbox 584 385 631 411; x_wconf 91' lang='lat' dir='ltr'>ex</span> <span class='ocrx_word' id='word_1_17' title='bbox 662 371 798 412; x_wconf 83' lang='lat' dir='ltr'>Codice</span> <span class='ocrx_word' id='word_1_18' title='bbox 826 371 943 412; x_wconf 89' lang='lat' dir='ltr'>hausit</span> <span class='ocrx_word' id='word_1_19' title='bbox 968 370 1163 419; x_wconf 84' lang='lat' dir='ltr'>Vaticano,</span> <span class='ocrx_word' id='word_1_20' title='bbox 1211 386 1315 426; x_wconf 90' lang='lat' dir='ltr'>quem</span> <span class='ocrx_word' id='word_1_21' title='bbox 1349 370 1590 425; x_wconf 89' lang='lat' dir='ltr'>plenissimum</span> 
     </span>
     <span class='ocr_line' id='line_1_4' title="bbox 159 436 1589 492; baseline -0.001 -15"><span class='ocrx_word' id='word_1_22' title='bbox 159 437 287 485; x_wconf 66' lang='lat' dir='ltr'>video,</span> <span class='ocrx_word' id='word_1_23' title='bbox 323 445 359 478; x_wconf 89' lang='lat' dir='ltr'>et</span> <span class='ocrx_word' id='word_1_24' title='bbox 390 437 485 478; x_wconf 91' lang='lat' dir='ltr'>omni</span> <span class='ocrx_word' id='word_1_25' title='bbox 518 450 565 477; x_wconf 89' lang='lat' dir='ltr'>ex</span> <span class='ocrx_word' id='word_1_26' title='bbox 597 444 699 491; x_wconf 87' lang='lat' dir='ltr'>parte</span> <span class='ocrx_word' id='word_1_27' title='bbox 727 436 927 492; x_wconf 81' lang='lat' dir='ltr'>integrum,</span> <span class='ocrx_word' id='word_1_28' title='bbox 966 445 1071 491; x_wconf 85' lang='lat' dir='ltr'>atque</span> <span class='ocrx_word' id='word_1_29' title='bbox 1100 437 1441 485; x_wconf 79' lang='lat' dir='ltr'>emendatissimum,</span> <span class='ocrx_word' id='word_1_30' title='bbox 1475 445 1511 476; x_wconf 89' lang='lat' dir='ltr'>ut</span> <span class='ocrx_word' id='word_1_31' title='bbox 1541 450 1589 476; x_wconf 86' lang='lat' dir='ltr'>ex</span> 
     </span>
     <span class='ocr_line' id='line_1_5' title="bbox 160 502 1586 558; baseline 0 -15"><span class='ocrx_word' id='word_1_32' title='bbox 160 502 234 543; x_wconf 85' lang='lat' dir='ltr'>alio</span> <span class='ocrx_word' id='word_1_33' title='bbox 252 503 351 543; x_wconf 88' lang='lat' dir='ltr'>fonte</span> <span class='ocrx_word' id='word_1_34' title='bbox 370 517 434 544; x_wconf 92' lang='lat' dir='ltr'>eas</span> <span class='ocrx_word' id='word_1_35' title='bbox 455 503 595 543; x_wconf 90' lang='lat' dir='ltr'>illorum</span> <span class='ocrx_word' id='word_1_36' title='bbox 614 503 769 543; x_wconf 84' lang='lat' dir='ltr'>virorum</span> <span class='ocrx_word' id='word_1_37' title='bbox 798 503 1108 558; x_wconf 78' lang='lat' dir='ltr'>interpretationes</span> <span class='ocrx_word' id='word_1_38' title='bbox 1133 516 1297 542; x_wconf 82' lang='lat' dir='ltr'>manasse</span> <span class='ocrx_word' id='word_1_39' title='bbox 1320 516 1392 542; x_wconf 93' lang='lat' dir='ltr'>non</span> <span class='ocrx_word' id='word_1_40' title='bbox 1420 502 1586 544; x_wconf 87' lang='lat' dir='ltr'>dubitem.</span> 
     </span>
     <span class='ocr_line' id='line_1_6' title="bbox 159 567 1587 623; baseline -0.001 -13"><span class='ocrx_word' id='word_1_41' title='bbox 159 569 291 610; x_wconf 87' lang='lat' dir='ltr'>Libros</span> <span class='ocrx_word' id='word_1_42' title='bbox 310 570 355 609; x_wconf 89' lang='lat' dir='ltr'>de</span> <span class='ocrx_word' id='word_1_43' title='bbox 386 568 565 609; x_wconf 85' lang='lat' dir='ltr'>Iustiniani</span> <span class='ocrx_word' id='word_1_44' title='bbox 593 568 779 608; x_wconf 81' lang='lat' dir='ltr'>Aedificiis</span> <span class='ocrx_word' id='word_1_45' title='bbox 806 569 930 623; x_wconf 90' lang='lat' dir='ltr'>quales</span> <span class='ocrx_word' id='word_1_46' title='bbox 961 568 1140 609; x_wconf 89' lang='lat' dir='ltr'>Arnoldus</span> <span class='ocrx_word' id='word_1_47' title='bbox 1170 567 1391 609; x_wconf 85' lang='lat' dir='ltr'>Vcsaliensis</span> <span class='ocrx_word' id='word_1_48' title='bbox 1411 567 1587 616; x_wconf 88' lang='lat' dir='ltr'>habuerit,</span> 
     </span>
     <span class='ocr_line' id='line_1_7' title="bbox 159 633 1592 690; baseline 0 -16"><span class='ocrx_word' id='word_1_49' title='bbox 159 634 238 690; x_wconf 83' lang='lat' dir='ltr'>ipsa</span> <span class='ocrx_word' id='word_1_50' title='bbox 261 635 337 676; x_wconf 92' lang='lat' dir='ltr'>eius</span> <span class='ocrx_word' id='word_1_51' title='bbox 356 636 462 675; x_wconf 86' lang='lat' dir='ltr'>docet</span> <span class='ocrx_word' id='word_1_52' title='bbox 480 634 744 688; x_wconf 86' lang='lat' dir='ltr'>interpretatio;</span> <span class='ocrx_word' id='word_1_53' title='bbox 783 634 829 674; x_wconf 89' lang='lat' dir='ltr'>de</span> <span class='ocrx_word' id='word_1_54' title='bbox 848 649 938 689; x_wconf 88' lang='lat' dir='ltr'>qua,</span> <span class='ocrx_word' id='word_1_55' title='bbox 979 642 1014 675; x_wconf 86' lang='lat' dir='ltr'>et</span> <span class='ocrx_word' id='word_1_56' title='bbox 1034 633 1262 677; x_wconf 80' lang='lat' dir='ltr'>Volaterrani</span> <span class='ocrx_word' id='word_1_57' title='bbox 1282 642 1387 688; x_wconf 86' lang='lat' dir='ltr'>atque</span> <span class='ocrx_word' id='word_1_58' title='bbox 1406 634 1592 675; x_wconf 75' lang='lat' dir='ltr'>Personae</span> 
     </span>
     <span class='ocr_line' id='line_1_8' title="bbox 158 699 1591 757; baseline -0.001 -15"><span class='ocrx_word' id='word_1_59' title='bbox 158 701 402 749; x_wconf 74' lang='lat' dir='ltr'>versionibus,</span> <span class='ocrx_word' id='word_1_60' title='bbox 455 715 559 754; x_wconf 87' lang='lat' dir='ltr'>quam</span> <span class='ocrx_word' id='word_1_61' title='bbox 598 699 694 741; x_wconf 91' lang='lat' dir='ltr'>bene</span> <span class='ocrx_word' id='word_1_62' title='bbox 722 714 829 740; x_wconf 85' lang='lat' dir='ltr'>sensa</span> <span class='ocrx_word' id='word_1_63' title='bbox 858 701 1041 757; x_wconf 84' lang='lat' dir='ltr'>scriptoris</span> <span class='ocrx_word' id='word_1_64' title='bbox 1071 700 1292 755; x_wconf 85' lang='lat' dir='ltr'>exprimant,</span> <span class='ocrx_word' id='word_1_65' title='bbox 1332 700 1482 742; x_wconf 89' lang='lat' dir='ltr'>aliorum</span> <span class='ocrx_word' id='word_1_66' title='bbox 1512 709 1591 741; x_wconf 90' lang='lat' dir='ltr'>esto</span> 
     </span>
     <span class='ocr_line' id='line_1_9' title="bbox 157 766 1591 822; baseline -0.001 -14"><span class='ocrx_word' id='word_1_67' title='bbox 157 767 335 808; x_wconf 84' lang='lat' dir='ltr'>iudicium.</span> <span class='ocrx_word' id='word_1_68' title='bbox 394 767 537 808; x_wconf 82' lang='lat' dir='ltr'>Graeca</span> <span class='ocrx_word' id='word_1_69' title='bbox 558 766 712 821; x_wconf 88' lang='lat' dir='ltr'>denique</span> <span class='ocrx_word' id='word_1_70' title='bbox 731 767 898 822; x_wconf 82' lang='lat' dir='ltr'>Procopii</span> <span class='ocrx_word' id='word_1_71' title='bbox 916 767 1035 808; x_wconf 90' lang='lat' dir='ltr'>Editio</span> <span class='ocrx_word' id='word_1_72' title='bbox 1054 767 1284 821; x_wconf 82' lang='lat' dir='ltr'>Augustana,</span> <span class='ocrx_word' id='word_1_73' title='bbox 1313 780 1403 821; x_wconf 86' lang='lat' dir='ltr'>quae</span> <span class='ocrx_word' id='word_1_74' title='bbox 1437 780 1485 806; x_wconf 89' lang='lat' dir='ltr'>ex</span> <span class='ocrx_word' id='word_1_75' title='bbox 1505 766 1591 807; x_wconf 88' lang='lat' dir='ltr'>mul·</span> 
     </span>
     <span class='ocr_line' id='line_1_10' title="bbox 158 832 1592 888; baseline -0.001 -14"><span class='ocrx_word' id='word_1_76' title='bbox 158 833 203 875; x_wconf 90' lang='lat' dir='ltr'>tis</span> <span class='ocrx_word' id='word_1_77' title='bbox 223 833 375 888; x_wconf 88' lang='lat' dir='ltr'>antiquis</span> <span class='ocrx_word' id='word_1_78' title='bbox 395 848 499 872; x_wconf 87' lang='lat' dir='ltr'>manu</span> <span class='ocrx_word' id='word_1_79' title='bbox 519 833 707 886; x_wconf 80' lang='lat' dir='ltr'>descriptis</span> <span class='ocrx_word' id='word_1_80' title='bbox 731 832 832 872; x_wconf 90' lang='lat' dir='ltr'>libris</span> <span class='ocrx_word' id='word_1_81' title='bbox 855 834 1044 873; x_wconf 87' lang='lat' dir='ltr'>emendata</span> <span class='ocrx_word' id='word_1_82' title='bbox 1071 840 1107 873; x_wconf 88' lang='lat' dir='ltr'>et</span> <span class='ocrx_word' id='word_1_83' title='bbox 1134 839 1258 880; x_wconf 89' lang='lat' dir='ltr'>aucta,</span> <span class='ocrx_word' id='word_1_84' title='bbox 1299 832 1459 873; x_wconf 84' lang='lat' dir='ltr'>omnibus</span> <span class='ocrx_word' id='word_1_85' title='bbox 1477 833 1592 873; x_wconf 87' lang='lat' dir='ltr'>credi-</span> 
     </span>
     <span class='ocr_line' id='line_1_11' title="bbox 157 897 1594 953; baseline -0.002 -12"><span class='ocrx_word' id='word_1_86' title='bbox 157 909 214 941; x_wconf 91' lang='lat' dir='ltr'>tur</span> <span class='ocrx_word' id='word_1_87' title='bbox 232 900 386 941; x_wconf 85' lang='lat' dir='ltr'>numeris</span> <span class='ocrx_word' id='word_1_88' title='bbox 416 899 597 946; x_wconf 87' lang='lat' dir='ltr'>absoluta,</span> <span class='ocrx_word' id='word_1_89' title='bbox 638 906 710 938; x_wconf 87' lang='lat' dir='ltr'>tam</span> <span class='ocrx_word' id='word_1_90' title='bbox 737 898 850 953; x_wconf 79' lang='lat' dir='ltr'>longe</span> <span class='ocrx_word' id='word_1_91' title='bbox 871 913 893 938; x_wconf 88' lang='lat' dir='ltr'>a</span> <span class='ocrx_word' id='word_1_92' title='bbox 911 898 1050 953; x_wconf 88' lang='lat' dir='ltr'>primae</span> <span class='ocrx_word' id='word_1_93' title='bbox 1085 897 1286 952; x_wconf 86' lang='lat' dir='ltr'>scriptionis</span> <span class='ocrx_word' id='word_1_94' title='bbox 1316 897 1407 946; x_wconf 84' lang='lat' dir='ltr'>fide,</span> <span class='ocrx_word' id='word_1_95' title='bbox 1447 912 1551 952; x_wconf 92' lang='lat' dir='ltr'>quam</span> <span class='ocrx_word' id='word_1_96' title='bbox 1570 912 1594 938; x_wconf 82' lang='lat' dir='ltr'>a</span> 
     </span>
     <span class='ocr_line' id='line_1_12' title="bbox 158 963 1594 1019; baseline -0.001 -12"><span class='ocrx_word' id='word_1_97' title='bbox 158 965 324 1008; x_wconf 86' lang='lat' dir='ltr'>Vaticani</span> <span class='ocrx_word' id='word_1_98' title='bbox 357 965 500 1005; x_wconf 83' lang='lat' dir='ltr'>Codicis</span> <span class='ocrx_word' id='word_1_99' title='bbox 527 963 734 1019; x_wconf 78' lang='lat' dir='ltr'>integritate</span> <span class='ocrx_word' id='word_1_100' title='bbox 761 963 892 1004; x_wconf 87' lang='lat' dir='ltr'>abesse</span> <span class='ocrx_word' id='word_1_101' title='bbox 922 964 1080 1012; x_wconf 86' lang='lat' dir='ltr'>videtur,</span> <span class='ocrx_word' id='word_1_102' title='bbox 1119 971 1155 1004; x_wconf 89' lang='lat' dir='ltr'>ut</span> <span class='ocrx_word' id='word_1_103' title='bbox 1184 964 1406 1017; x_wconf 88' lang='lat' dir='ltr'>persuadere</span> <span class='ocrx_word' id='word_1_104' title='bbox 1441 964 1505 1004; x_wconf 89' lang='lat' dir='ltr'>tibi</span> <span class='ocrx_word' id='word_1_105' title='bbox 1531 963 1594 1005; x_wconf 83' lang='lat' dir='ltr'>vix</span> 
     </span>
     <span class='ocr_line' id='line_1_13' title="bbox 158 1028 1591 1087; baseline -0.001 -15"><span class='ocrx_word' id='word_1_106' title='bbox 158 1032 294 1087; x_wconf 74' lang='lat' dir='ltr'>possis,</span> <span class='ocrx_word' id='word_1_107' title='bbox 330 1039 493 1087; x_wconf 88' lang='lat' dir='ltr'>quantum</span> <span class='ocrx_word' id='word_1_108' title='bbox 513 1044 560 1070; x_wconf 89' lang='lat' dir='ltr'>ex</span> <span class='ocrx_word' id='word_1_109' title='bbox 580 1030 651 1070; x_wconf 82' lang='lat' dir='ltr'>lioc</span> <span class='ocrx_word' id='word_1_110' title='bbox 670 1028 734 1069; x_wconf 90' lang='lat' dir='ltr'>illa</span> <span class='ocrx_word' id='word_1_111' title='bbox 751 1029 963 1084; x_wconf 87' lang='lat' dir='ltr'>locupletari</span> <span class='ocrx_word' id='word_1_112' title='bbox 989 1038 1105 1084; x_wconf 85' lang='lat' dir='ltr'>queat.</span> <span class='ocrx_word' id='word_1_113' title='bbox 1164 1029 1302 1070; x_wconf 88' lang='lat' dir='ltr'>Utinam</span> <span class='ocrx_word' id='word_1_114' title='bbox 1323 1029 1358 1069; x_wconf 91' lang='lat' dir='ltr'>in</span> <span class='ocrx_word' id='word_1_115' title='bbox 1380 1030 1510 1070; x_wconf 86' lang='lat' dir='ltr'>eodem</span> <span class='ocrx_word' id='word_1_116' title='bbox 1528 1045 1591 1071; x_wconf 69' lang='lat' dir='ltr'>vo·</span> 
     </span>
     <span class='ocr_line' id='line_1_14' title="bbox 156 1089 1593 1150; baseline -0.002 -11"><span class='ocrx_word' id='word_1_117' title='bbox 156 1089 308 1147; x_wconf 81' lang='lat' dir='ltr'>lumine,</span> <span class='ocrx_word' id='word_1_118' title='bbox 346 1106 382 1138; x_wconf 88' lang='lat' dir='ltr'>et</span> <span class='ocrx_word' id='word_1_119' title='bbox 412 1111 458 1137; x_wconf 89' lang='lat' dir='ltr'>ex</span> <span class='ocrx_word' id='word_1_120' title='bbox 488 1096 615 1136; x_wconf 86' lang='lat' dir='ltr'>eadem</span> <span class='ocrx_word' id='word_1_121' title='bbox 634 1095 771 1135; x_wconf 88' lang='lat' dir='ltr'>librarii</span> <span class='ocrx_word' id='word_1_122' title='bbox 791 1111 914 1143; x_wconf 84' lang='lat' dir='ltr'>manu,</span> <span class='ocrx_word' id='word_1_123' title='bbox 953 1104 991 1136; x_wconf 88' lang='lat' dir='ltr'>et</span> <span class='ocrx_word' id='word_1_124' title='bbox 1009 1096 1101 1136; x_wconf 87' lang='lat' dir='ltr'>hunc</span> <span class='ocrx_word' id='word_1_125' title='bbox 1128 1095 1267 1136; x_wconf 88' lang='lat' dir='ltr'>illarum</span> <span class='ocrx_word' id='word_1_126' title='bbox 1292 1103 1511 1150; x_wconf 86' lang='lat' dir='ltr'>postremum</span> <span class='ocrx_word' id='word_1_127' title='bbox 1538 1096 1593 1136; x_wconf 89' lang='lat' dir='ltr'>hi·</span> 
     </span>
     <span class='ocr_line' id='line_1_15' title="bbox 156 1161 1593 1216; baseline -0.001 -12"><span class='ocrx_word' id='word_1_128' title='bbox 156 1164 343 1205; x_wconf 87' lang='lat' dir='ltr'>storiarum</span> <span class='ocrx_word' id='word_1_129' title='bbox 370 1162 528 1203; x_wconf 89' lang='lat' dir='ltr'>libellum</span> <span class='ocrx_word' id='word_1_130' title='bbox 554 1161 789 1203; x_wconf 85' lang='lat' dir='ltr'>haberemus:</span> <span class='ocrx_word' id='word_1_131' title='bbox 817 1162 884 1202; x_wconf 86' lang='lat' dir='ltr'>sed</span> <span class='ocrx_word' id='word_1_132' title='bbox 913 1162 1206 1216; x_wconf 88' lang='lat' dir='ltr'>quemadmodum</span> <span class='ocrx_word' id='word_1_133' title='bbox 1235 1169 1317 1202; x_wconf 85' lang='lat' dir='ltr'>octo</span> <span class='ocrx_word' id='word_1_134' title='bbox 1346 1161 1416 1202; x_wconf 90' lang='lat' dir='ltr'>illis</span> <span class='ocrx_word' id='word_1_135' title='bbox 1445 1161 1492 1201; x_wconf 86' lang='lat' dir='ltr'>ab</span> <span class='ocrx_word' id='word_1_136' title='bbox 1520 1162 1593 1202; x_wconf 87' lang='lat' dir='ltr'>Au·</span> 
     </span>
     <span class='ocr_line' id='line_1_16' title="bbox 157 1226 1593 1283; baseline -0.003 -13"><span class='ocrx_word' id='word_1_137' title='bbox 157 1238 238 1271; x_wconf 88' lang='lat' dir='ltr'>tore</span> <span class='ocrx_word' id='word_1_138' title='bbox 257 1229 356 1269; x_wconf 85' lang='lat' dir='ltr'>libris</span> <span class='ocrx_word' id='word_1_139' title='bbox 376 1229 412 1269; x_wconf 91' lang='lat' dir='ltr'>in</span> <span class='ocrx_word' id='word_1_140' title='bbox 431 1228 558 1283; x_wconf 82' lang='lat' dir='ltr'>vulgus</span> <span class='ocrx_word' id='word_1_141' title='bbox 574 1227 730 1276; x_wconf 80' lang='lat' dir='ltr'>emissis,</span> <span class='ocrx_word' id='word_1_142' title='bbox 769 1242 882 1268; x_wconf 85' lang='lat' dir='ltr'>nonus</span> <span class='ocrx_word' id='word_1_143' title='bbox 899 1227 960 1268; x_wconf 90' lang='lat' dir='ltr'>hie</span> <span class='ocrx_word' id='word_1_144' title='bbox 988 1228 1035 1268; x_wconf 85' lang='lat' dir='ltr'>ad</span> <span class='ocrx_word' id='word_1_145' title='bbox 1054 1227 1172 1268; x_wconf 90' lang='lat' dir='ltr'>odium</span> <span class='ocrx_word' id='word_1_146' title='bbox 1195 1226 1387 1276; x_wconf 87' lang='lat' dir='ltr'>Iustiniani,</span> <span class='ocrx_word' id='word_1_147' title='bbox 1420 1227 1593 1267; x_wconf 89' lang='lat' dir='ltr'>Theodo-</span> 
     </span>
     <span class='ocr_line' id='line_1_17' title="bbox 158 1292 1593 1350; baseline -0.002 -13"><span class='ocrx_word' id='word_1_148' title='bbox 158 1309 295 1350; x_wconf 86' lang='lat' dir='ltr'>raeque</span> <span class='ocrx_word' id='word_1_149' title='bbox 314 1294 512 1341; x_wconf 86' lang='lat' dir='ltr'>vitandum,</span> <span class='ocrx_word' id='word_1_150' title='bbox 551 1307 698 1346; x_wconf 88' lang='lat' dir='ltr'>semper</span> <span class='ocrx_word' id='word_1_151' title='bbox 728 1292 763 1332; x_wconf 93' lang='lat' dir='ltr'>in</span> <span class='ocrx_word' id='word_1_152' title='bbox 783 1293 916 1349; x_wconf 76' lang='lat' dir='ltr'>angulo</span> <span class='ocrx_word' id='word_1_153' title='bbox 936 1302 1039 1334; x_wconf 87' lang='lat' dir='ltr'>caute</span> <span class='ocrx_word' id='word_1_154' title='bbox 1069 1293 1222 1340; x_wconf 89' lang='lat' dir='ltr'>delituit;</span> <span class='ocrx_word' id='word_1_155' title='bbox 1257 1292 1306 1332; x_wconf 93' lang='lat' dir='ltr'>ita</span> <span class='ocrx_word' id='word_1_156' title='bbox 1334 1293 1465 1334; x_wconf 90' lang='lat' dir='ltr'>deinde</span> <span class='ocrx_word' id='word_1_157' title='bbox 1493 1308 1593 1334; x_wconf 87' lang='lat' dir='ltr'>seor-</span> 
     </span>
     <span class='ocr_line' id='line_1_18' title="bbox 158 1358 1593 1414; baseline -0.002 -11"><span class='ocrx_word' id='word_1_158' title='bbox 158 1363 225 1403; x_wconf 82' lang='lat' dir='ltr'>sim</span> <span class='ocrx_word' id='word_1_159' title='bbox 244 1362 289 1402; x_wconf 83' lang='lat' dir='ltr'>ab</span> <span class='ocrx_word' id='word_1_160' title='bbox 311 1360 582 1402; x_wconf 83' lang='lat' dir='ltr'>amanuensibus</span> <span class='ocrx_word' id='word_1_161' title='bbox 614 1359 813 1414; x_wconf 85' lang='lat' dir='ltr'>descriptus</span> <span class='ocrx_word' id='word_1_162' title='bbox 837 1367 910 1408; x_wconf 87' lang='lat' dir='ltr'>est,</span> <span class='ocrx_word' id='word_1_163' title='bbox 953 1367 1058 1413; x_wconf 88' lang='lat' dir='ltr'>atque</span> <span class='ocrx_word' id='word_1_164' title='bbox 1079 1359 1126 1398; x_wconf 90' lang='lat' dir='ltr'>ad</span> <span class='ocrx_word' id='word_1_165' title='bbox 1152 1358 1398 1413; x_wconf 78' lang='lat' dir='ltr'>posteritatem</span> <span class='ocrx_word' id='word_1_166' title='bbox 1416 1359 1593 1414; x_wconf 86' lang='lat' dir='ltr'>pervenit.</span> 
     </span>
     <span class='ocr_line' id='line_1_19' title="bbox 157 1424 1592 1480; baseline -0.003 -10"><span class='ocrx_word' id='word_1_167' title='bbox 157 1429 216 1470; x_wconf 89' lang='lat' dir='ltr'>De</span> <span class='ocrx_word' id='word_1_168' title='bbox 237 1429 333 1469; x_wconf 85' lang='lat' dir='ltr'>cuius</span> <span class='ocrx_word' id='word_1_169' title='bbox 356 1427 518 1474; x_wconf 79' lang='lat' dir='ltr'>casibus,</span> <span class='ocrx_word' id='word_1_170' title='bbox 552 1433 658 1479; x_wconf 86' lang='lat' dir='ltr'>atque</span> <span class='ocrx_word' id='word_1_171' title='bbox 686 1424 827 1465; x_wconf 86' lang='lat' dir='ltr'>sinistra</span> <span class='ocrx_word' id='word_1_172' title='bbox 852 1424 991 1466; x_wconf 89' lang='lat' dir='ltr'>fortuna</span> <span class='ocrx_word' id='word_1_173' title='bbox 1015 1424 1098 1480; x_wconf 91' lang='lat' dir='ltr'>quid</span> <span class='ocrx_word' id='word_1_174' title='bbox 1122 1425 1277 1479; x_wconf 81' lang='lat' dir='ltr'>loquar?</span> <span class='ocrx_word' id='word_1_175' title='bbox 1316 1425 1396 1465; x_wconf 92' lang='lat' dir='ltr'>Duo</span> <span class='ocrx_word' id='word_1_176' title='bbox 1426 1425 1502 1466; x_wconf 87' lang='lat' dir='ltr'>eius</span> <span class='ocrx_word' id='word_1_177' title='bbox 1530 1440 1592 1466; x_wconf 85' lang='lat' dir='ltr'>ex-</span> 
     </span>
     <span class='ocr_line' id='line_1_20' title="bbox 158 1491 1593 1551; baseline -0.003 -15"><span class='ocrx_word' id='word_1_178' title='bbox 158 1496 279 1551; x_wconf 89' lang='lat' dir='ltr'>empla</span> <span class='ocrx_word' id='word_1_179' title='bbox 311 1503 431 1536; x_wconf 78' lang='lat' dir='ltr'>servat</span> <span class='ocrx_word' id='word_1_180' title='bbox 466 1492 640 1535; x_wconf 86' lang='lat' dir='ltr'>Vaticana</span> <span class='ocrx_word' id='word_1_181' title='bbox 678 1491 905 1531; x_wconf 73' lang='lat' dir='ltr'>Bibliotheca</span> <span class='ocrx_word' id='word_1_182' title='bbox 925 1524 934 1539; x_wconf 89' lang='lat'>,</span> <span class='ocrx_word' id='word_1_183' title='bbox 973 1492 1123 1532; x_wconf 78' lang='lat' dir='ltr'>alterum</span> <span class='ocrx_word' id='word_1_184' title='bbox 1158 1505 1205 1531; x_wconf 89' lang='lat' dir='ltr'>ex</span> <span class='ocrx_word' id='word_1_185' title='bbox 1236 1491 1351 1531; x_wconf 85' lang='lat' dir='ltr'>altero</span> <span class='ocrx_word' id='word_1_186' title='bbox 1385 1492 1593 1540; x_wconf 88' lang='lat' dir='ltr'>derivatum,</span> 
     </span>
     <span class='ocr_line' id='line_1_21' title="bbox 157 1556 1593 1617; baseline -0.002 -15"><span class='ocrx_word' id='word_1_187' title='bbox 157 1570 339 1617; x_wconf 86' lang='lat' dir='ltr'>utrumque</span> <span class='ocrx_word' id='word_1_188' title='bbox 371 1561 406 1602; x_wconf 91' lang='lat' dir='ltr'>in</span> <span class='ocrx_word' id='word_1_189' title='bbox 439 1559 615 1616; x_wconf 89' lang='lat' dir='ltr'>principio</span> <span class='ocrx_word' id='word_1_190' title='bbox 641 1557 815 1605; x_wconf 87' lang='lat' dir='ltr'>mutilum,</span> <span class='ocrx_word' id='word_1_191' title='bbox 850 1557 1036 1613; x_wconf 85' lang='lat' dir='ltr'>multisque</span> <span class='ocrx_word' id='word_1_192' title='bbox 1070 1557 1202 1612; x_wconf 84' lang='lat' dir='ltr'>passim</span> <span class='ocrx_word' id='word_1_193' title='bbox 1234 1556 1390 1597; x_wconf 87' lang='lat' dir='ltr'>hiatibus</span> <span class='ocrx_word' id='word_1_194' title='bbox 1418 1557 1593 1599; x_wconf 79' lang='lat' dir='ltr'>deforme.</span> 
     </span>
     <span class='ocr_line' id='line_1_22' title="bbox 24 1622 1594 1683; baseline -0.001 -17"><span class='ocrx_word' id='word_1_195' title='bbox 24 1631 53 1666; x_wconf 79' lang='lat' dir='ltr'>V</span> <span class='ocrx_word' id='word_1_196' title='bbox 74 1632 141 1667; x_wconf 80' lang='lat'>275</span> <span class='ocrx_word' id='word_1_197' title='bbox 159 1629 217 1668; x_wconf 86' lang='lat' dir='ltr'>Ex</span> <span class='ocrx_word' id='word_1_198' title='bbox 237 1627 293 1667; x_wconf 84' lang='lat' dir='ltr'>his</span> <span class='ocrx_word' id='word_1_199' title='bbox 312 1627 407 1683; x_wconf 91' lang='lat' dir='ltr'>quod</span> <span class='ocrx_word' id='word_1_200' title='bbox 429 1634 482 1667; x_wconf 84' lang='lat' dir='ltr'>est</span> <span class='ocrx_word' id='word_1_201' title='bbox 503 1625 677 1680; x_wconf 88' lang='lat' dir='ltr'>antiquius</span> <span class='ocrx_word' id='word_1_202' title='bbox 704 1623 811 1664; x_wconf 89' lang='lat' dir='ltr'>etiam</span> <span class='ocrx_word' id='word_1_203' title='bbox 829 1622 899 1664; x_wconf 84' lang='lat' dir='ltr'>fine</span> <span class='ocrx_word' id='word_1_204' title='bbox 927 1625 1143 1665; x_wconf 83' lang='lat' dir='ltr'>decurtatum</span> <span class='ocrx_word' id='word_1_205' title='bbox 1166 1631 1241 1672; x_wconf 85' lang='lat' dir='ltr'>est,</span> <span class='ocrx_word' id='word_1_206' title='bbox 1282 1623 1459 1664; x_wconf 88' lang='lat' dir='ltr'>recentius</span> <span class='ocrx_word' id='word_1_207' title='bbox 1492 1638 1594 1674; x_wconf 84' lang='lat' dir='ltr'>vero,</span> 
     </span>
     <span class='ocr_line' id='line_1_23' title="bbox 160 1690 1596 1746; baseline -0.001 -12"><span class='ocrx_word' id='word_1_208' title='bbox 160 1693 245 1734; x_wconf 87' lang='lat' dir='ltr'>licet</span> <span class='ocrx_word' id='word_1_209' title='bbox 276 1694 496 1734; x_wconf 87' lang='lat' dir='ltr'>tumultuaria</span> <span class='ocrx_word' id='word_1_210' title='bbox 526 1692 717 1746; x_wconf 83' lang='lat' dir='ltr'>scriptione</span> <span class='ocrx_word' id='word_1_211' title='bbox 752 1698 957 1738; x_wconf 89' lang='lat' dir='ltr'>exaratum,</span> <span class='ocrx_word' id='word_1_212' title='bbox 994 1699 1191 1731; x_wconf 82' lang='lat' dir='ltr'>extremam</span> <span class='ocrx_word' id='word_1_213' title='bbox 1227 1690 1332 1731; x_wconf 88' lang='lat' dir='ltr'>nobis</span> <span class='ocrx_word' id='word_1_214' title='bbox 1369 1698 1509 1745; x_wconf 85' lang='lat' dir='ltr'>partem</span> <span class='ocrx_word' id='word_1_215' title='bbox 1547 1693 1596 1733; x_wconf 88' lang='lat' dir='ltr'>ab</span> 
     </span>
     <span class='ocr_line' id='line_1_24' title="bbox 159 1756 1596 1812; baseline 0 -13"><span class='ocrx_word' id='word_1_216' title='bbox 159 1758 302 1800; x_wconf 86' lang='lat' dir='ltr'>interitu</span> <span class='ocrx_word' id='word_1_217' title='bbox 329 1758 572 1806; x_wconf 83' lang='lat' dir='ltr'>conservavit,</span> <span class='ocrx_word' id='word_1_218' title='bbox 613 1757 690 1812; x_wconf 92' lang='lat' dir='ltr'>qui,</span> <span class='ocrx_word' id='word_1_219' title='bbox 721 1765 867 1812; x_wconf 88' lang='lat' dir='ltr'>praeter</span> <span class='ocrx_word' id='word_1_220' title='bbox 889 1757 983 1796; x_wconf 85' lang='lat' dir='ltr'>hanc</span> <span class='ocrx_word' id='word_1_221' title='bbox 1014 1757 1276 1810; x_wconf 84' lang='lat' dir='ltr'>accessionem,</span> <span class='ocrx_word' id='word_1_222' title='bbox 1305 1756 1402 1797; x_wconf 84' lang='lat' dir='ltr'>nulla</span> <span class='ocrx_word' id='word_1_223' title='bbox 1430 1757 1534 1798; x_wconf 91' lang='lat' dir='ltr'>nobis</span> <span class='ocrx_word' id='word_1_224' title='bbox 1558 1758 1596 1800; x_wconf 90' lang='lat' dir='ltr'>in</span> 
     </span>
     <span class='ocr_line' id='line_1_25' title="bbox 159 1821 1596 1874; baseline 0.001 -10"><span class='ocrx_word' id='word_1_225' title='bbox 159 1838 202 1864; x_wconf 85' lang='lat' dir='ltr'>re</span> <span class='ocrx_word' id='word_1_226' title='bbox 221 1824 298 1865; x_wconf 88' lang='lat' dir='ltr'>usui</span> <span class='ocrx_word' id='word_1_227' title='bbox 324 1825 396 1866; x_wconf 89' lang='lat' dir='ltr'>suit.</span> <span class='ocrx_word' id='word_1_228' title='bbox 455 1825 518 1866; x_wconf 89' lang='lat' dir='ltr'>Sic</span> <span class='ocrx_word' id='word_1_229' title='bbox 538 1825 574 1865; x_wconf 87' lang='lat' dir='ltr'>in</span> <span class='ocrx_word' id='word_1_230' title='bbox 593 1823 805 1864; x_wconf 81' lang='lat' dir='ltr'>brevissima</span> <span class='ocrx_word' id='word_1_231' title='bbox 824 1823 974 1863; x_wconf 81' lang='lat' dir='ltr'>historia</span> <span class='ocrx_word' id='word_1_232' title='bbox 994 1830 1044 1863; x_wconf 86' lang='lat' dir='ltr'>tot</span> <span class='ocrx_word' id='word_1_233' title='bbox 1076 1822 1149 1862; x_wconf 85' lang='lat' dir='ltr'>loci</span> <span class='ocrx_word' id='word_1_234' title='bbox 1178 1821 1295 1870; x_wconf 87' lang='lat' dir='ltr'>dubii,</span> <span class='ocrx_word' id='word_1_235' title='bbox 1335 1823 1496 1874; x_wconf 84' lang='lat' dir='ltr'>obscuri,</span> <span class='ocrx_word' id='word_1_236' title='bbox 1532 1826 1596 1866; x_wconf 82' lang='lat' dir='ltr'>de-</span> 
     </span>
     <span class='ocr_line' id='line_1_26' title="bbox 158 1888 1598 1944; baseline 0.002 -15"><span class='ocrx_word' id='word_1_237' title='bbox 158 1889 288 1944; x_wconf 83' lang='lat' dir='ltr'>plorati</span> <span class='ocrx_word' id='word_1_238' title='bbox 309 1899 522 1932; x_wconf 85' lang='lat' dir='ltr'>manserunt.</span> <span class='ocrx_word' id='word_1_239' title='bbox 581 1890 824 1940; x_wconf 85' lang='lat' dir='ltr'>Quamobrem</span> <span class='ocrx_word' id='word_1_240' title='bbox 842 1902 954 1943; x_wconf 89' lang='lat' dir='ltr'>saepe</span> <span class='ocrx_word' id='word_1_241' title='bbox 974 1888 1066 1929; x_wconf 88' lang='lat' dir='ltr'>inter</span> <span class='ocrx_word' id='word_1_242' title='bbox 1086 1889 1388 1943; x_wconf 86' lang='lat' dir='ltr'>interpretandum</span> <span class='ocrx_word' id='word_1_243' title='bbox 1407 1890 1497 1930; x_wconf 91' lang='lat' dir='ltr'>duos</span> <span class='ocrx_word' id='word_1_244' title='bbox 1514 1891 1598 1932; x_wconf 85' lang='lat' dir='ltr'>illos</span> 
     </span>
     <span class='ocr_line' id='line_1_27' title="bbox 160 1955 1597 2012; baseline 0.002 -17"><span class='ocrx_word' id='word_1_245' title='bbox 160 1956 328 1997; x_wconf 87' lang='lat' dir='ltr'>celebres</span> <span class='ocrx_word' id='word_1_246' title='bbox 347 1955 566 2000; x_wconf 75' lang='grc' dir='ltr'><em>ἆνεκὸὀτων</em></span> <span class='ocrx_word' id='word_1_247' title='bbox 583 1956 752 2012; x_wconf 89' lang='lat' dir='ltr'>Procopii</span> <span class='ocrx_word' id='word_1_248' title='bbox 778 1956 934 1997; x_wconf 84' lang='lat' dir='ltr'>Codices</span> <span class='ocrx_word' id='word_1_249' title='bbox 955 1955 1211 2010; x_wconf 82' lang='lat' dir='ltr'>expetivimus,</span> <span class='ocrx_word' id='word_1_250' title='bbox 1259 1956 1401 1996; x_wconf 89' lang='lat' dir='ltr'>Ioannis</span> <span class='ocrx_word' id='word_1_251' title='bbox 1428 1957 1597 1998; x_wconf 86' lang='lat' dir='ltr'>Lascaris</span> 
     </span>
     <span class='ocr_line' id='line_1_28' title="bbox 159 2022 1597 2078; baseline 0.002 -17"><span class='ocrx_word' id='word_1_252' title='bbox 159 2022 310 2064; x_wconf 88' lang='lat' dir='ltr'>alterum</span> <span class='ocrx_word' id='word_1_253' title='bbox 351 2024 660 2078; x_wconf 86' lang='lat' dir='ltr'>Constantinopoli</span> <span class='ocrx_word' id='word_1_254' title='bbox 693 2023 740 2063; x_wconf 88' lang='lat' dir='ltr'>ad</span> <span class='ocrx_word' id='word_1_255' title='bbox 783 2022 1010 2062; x_wconf 86' lang='lat' dir='ltr'>Laurentium</span> <span class='ocrx_word' id='word_1_256' title='bbox 1046 2022 1228 2062; x_wconf 89' lang='lat' dir='ltr'>Medicem</span> <span class='ocrx_word' id='word_1_257' title='bbox 1262 2022 1434 2070; x_wconf 88' lang='lat' dir='ltr'>adlatum,</span> <span class='ocrx_word' id='word_1_258' title='bbox 1491 2038 1597 2078; x_wconf 91' lang='lat' dir='ltr'>quem</span> 
     </span>
     <span class='ocr_line' id='line_1_29' title="bbox 160 2087 1594 2143; baseline 0.002 -15"><span class='ocrx_word' id='word_1_259' title='bbox 160 2088 292 2129; x_wconf 87' lang='lat' dir='ltr'>deinde</span> <span class='ocrx_word' id='word_1_260' title='bbox 314 2092 368 2142; x_wconf 87' lang='lat' dir='ltr'>(ut</span> <span class='ocrx_word' id='word_1_261' title='bbox 391 2091 485 2131; x_wconf 88' lang='lat' dir='ltr'>sama</span> <span class='ocrx_word' id='word_1_262' title='bbox 506 2091 578 2143; x_wconf 83' lang='lat' dir='ltr'>est)</span> <span class='ocrx_word' id='word_1_263' title='bbox 600 2088 795 2130; x_wconf 87' lang='lat' dir='ltr'>Catharina</span> <span class='ocrx_word' id='word_1_264' title='bbox 815 2088 982 2128; x_wconf 88' lang='lat' dir='ltr'>Medices</span> <span class='ocrx_word' id='word_1_265' title='bbox 1001 2087 1144 2143; x_wconf 81' lang='lat' dir='ltr'>Regina</span> <span class='ocrx_word' id='word_1_266' title='bbox 1171 2087 1207 2127; x_wconf 90' lang='lat' dir='ltr'>in</span> <span class='ocrx_word' id='word_1_267' title='bbox 1227 2087 1365 2128; x_wconf 84' lang='lat' dir='ltr'>Gallias</span> <span class='ocrx_word' id='word_1_268' title='bbox 1388 2090 1594 2142; x_wconf 84' lang='lat' dir='ltr'>asportavit,</span> 
     </span>
     <span class='ocr_line' id='line_1_30' title="bbox 160 2153 1597 2209; baseline 0.002 -14"><span class='ocrx_word' id='word_1_269' title='bbox 160 2162 197 2195; x_wconf 88' lang='lat' dir='ltr'>et</span> <span class='ocrx_word' id='word_1_270' title='bbox 226 2156 322 2196; x_wconf 88' lang='lat' dir='ltr'>Galli</span> <span class='ocrx_word' id='word_1_271' title='bbox 354 2157 465 2198; x_wconf 90' lang='lat' dir='ltr'>hodie</span> <span class='ocrx_word' id='word_1_272' title='bbox 496 2159 531 2198; x_wconf 90' lang='lat' dir='ltr'>in</span> <span class='ocrx_word' id='word_1_273' title='bbox 563 2156 697 2198; x_wconf 88' lang='lat' dir='ltr'>exteris</span> <span class='ocrx_word' id='word_1_274' title='bbox 734 2153 969 2197; x_wconf 85' lang='lat' dir='ltr'>Bibliotliecis</span> <span class='ocrx_word' id='word_1_275' title='bbox 1009 2153 1200 2209; x_wconf 86' lang='lat' dir='ltr'>requirunt.</span> <span class='ocrx_word' id='word_1_276' title='bbox 1257 2153 1418 2195; x_wconf 87' lang='lat' dir='ltr'>Alterum</span> <span class='ocrx_word' id='word_1_277' title='bbox 1454 2156 1597 2198; x_wconf 85' lang='lat' dir='ltr'>Ioannis</span> 
     </span>
     <span class='ocr_line' id='line_1_31' title="bbox 159 2219 1594 2278; baseline 0 -15"><span class='ocrx_word' id='word_1_278' title='bbox 159 2221 337 2263; x_wconf 81' lang='lat' dir='ltr'>Vincentii</span> <span class='ocrx_word' id='word_1_279' title='bbox 357 2224 502 2273; x_wconf 88' lang='lat' dir='ltr'>Pinelli,</span> <span class='ocrx_word' id='word_1_280' title='bbox 536 2238 642 2278; x_wconf 86' lang='lat' dir='ltr'>quem</span> <span class='ocrx_word' id='word_1_281' title='bbox 661 2230 743 2262; x_wconf 89' lang='lat' dir='ltr'>ante</span> <span class='ocrx_word' id='word_1_282' title='bbox 765 2221 898 2275; x_wconf 88' lang='lat' dir='ltr'>aliquot</span> <span class='ocrx_word' id='word_1_283' title='bbox 919 2234 1052 2270; x_wconf 86' lang='lat' dir='ltr'>annos,</span> <span class='ocrx_word' id='word_1_284' title='bbox 1088 2228 1234 2274; x_wconf 86' lang='lat' dir='ltr'>praeter</span> <span class='ocrx_word' id='word_1_285' title='bbox 1255 2219 1367 2261; x_wconf 81' lang='lat' dir='ltr'>hosce</span> <span class='ocrx_word' id='word_1_286' title='bbox 1388 2220 1594 2272; x_wconf 83' lang='lat' dir='ltr'>Vaticanos,</span> 
     </span>
     <span class='ocr_line' id='line_1_32' title="bbox 159 2286 1598 2346; baseline 0.002 -19"><span class='ocrx_word' id='word_1_287' title='bbox 159 2287 298 2328; x_wconf 90' lang='lat' dir='ltr'>unicum</span> <span class='ocrx_word' id='word_1_288' title='bbox 318 2291 431 2344; x_wconf 91' lang='lat' dir='ltr'>(quod</span> <span class='ocrx_word' id='word_1_289' title='bbox 462 2305 536 2346; x_wconf 78' lang='lat' dir='ltr'>ego</span> <span class='ocrx_word' id='word_1_290' title='bbox 567 2290 695 2341; x_wconf 90' lang='lat' dir='ltr'>sciam)</span> <span class='ocrx_word' id='word_1_291' title='bbox 719 2287 841 2329; x_wconf 85' lang='lat' dir='ltr'>habuit</span> <span class='ocrx_word' id='word_1_292' title='bbox 870 2287 992 2333; x_wconf 87' lang='lat' dir='ltr'>ltalia;</span> <span class='ocrx_word' id='word_1_293' title='bbox 1032 2287 1097 2326; x_wconf 85' lang='lat' dir='ltr'>scd</span> <span class='ocrx_word' id='word_1_294' title='bbox 1123 2286 1203 2335; x_wconf 89' lang='lat' dir='ltr'>hic,</span> <span class='ocrx_word' id='word_1_295' title='bbox 1239 2294 1275 2326; x_wconf 88' lang='lat' dir='ltr'>ut</span> <span class='ocrx_word' id='word_1_296' title='bbox 1305 2289 1529 2342; x_wconf 87' lang='lat' dir='ltr'>accepimus,</span> <span class='ocrx_word' id='word_1_297' title='bbox 1559 2289 1598 2330; x_wconf 89' lang='lat' dir='ltr'>in</span> 
     </span>
     <span class='ocr_line' id='line_1_33' title="bbox 157 2352 1597 2411; baseline 0.002 -18"><span class='ocrx_word' id='word_1_298' title='bbox 157 2354 390 2410; x_wconf 81' lang='lat' dir='ltr'>navigatione</span> <span class='ocrx_word' id='word_1_299' title='bbox 409 2355 651 2411; x_wconf 87' lang='lat' dir='ltr'>Neapolitana</span> <span class='ocrx_word' id='word_1_300' title='bbox 678 2354 904 2410; x_wconf 76' lang='lat' dir='ltr'>naufragium</span> <span class='ocrx_word' id='word_1_301' title='bbox 932 2352 1026 2393; x_wconf 87' lang='lat' dir='ltr'>fecit.</span> <span class='ocrx_word' id='word_1_302' title='bbox 1084 2353 1142 2393; x_wconf 90' lang='lat' dir='ltr'>Ex</span> <span class='ocrx_word' id='word_1_303' title='bbox 1169 2366 1215 2392; x_wconf 90' lang='lat' dir='ltr'>eo</span> <span class='ocrx_word' id='word_1_304' title='bbox 1241 2360 1360 2398; x_wconf 86' lang='lat' dir='ltr'>tamen</span> <span class='ocrx_word' id='word_1_305' title='bbox 1378 2355 1554 2408; x_wconf 89' lang='lat' dir='ltr'>quaedam</span> <span class='ocrx_word' id='word_1_306' title='bbox 1573 2370 1597 2396; x_wconf 87' lang='lat' dir='ltr'>a</span> 
     </span>
     <span class='ocr_line' id='line_1_34' title="bbox 19 2416 1596 2476; baseline 0.001 -16"><span class='ocrx_word' id='word_1_307' title='bbox 19 2416 135 2452; x_wconf 80' lang='lat' dir='ltr'>XVIII</span> <span class='ocrx_word' id='word_1_308' title='bbox 159 2419 266 2462; x_wconf 89' lang='lat' dir='ltr'>Petro</span> <span class='ocrx_word' id='word_1_309' title='bbox 305 2423 475 2472; x_wconf 76' lang='lat' dir='ltr'>pithaeo,</span> <span class='ocrx_word' id='word_1_310' title='bbox 528 2431 563 2463; x_wconf 92' lang='lat' dir='ltr'>et</span> <span class='ocrx_word' id='word_1_311' title='bbox 593 2422 710 2463; x_wconf 87' lang='lat' dir='ltr'>Guido</span> <span class='ocrx_word' id='word_1_312' title='bbox 738 2420 947 2470; x_wconf 88' lang='lat' dir='ltr'>Pancirolo,</span> <span class='ocrx_word' id='word_1_313' title='bbox 987 2418 1115 2459; x_wconf 91' lang='lat' dir='ltr'>Pinelli</span> <span class='ocrx_word' id='word_1_314' title='bbox 1152 2418 1385 2460; x_wconf 80' lang='lat' dir='ltr'>familiaribus</span> <span class='ocrx_word' id='word_1_315' title='bbox 1424 2429 1596 2476; x_wconf 87' lang='lat' dir='ltr'>excerpta</span> 
     </span>
     <span class='ocr_line' id='line_1_35' title="bbox 159 2486 1597 2542; baseline 0.003 -17"><span class='ocrx_word' id='word_1_316' title='bbox 159 2486 374 2542; x_wconf 82' lang='lat' dir='ltr'>fragmenta,</span> <span class='ocrx_word' id='word_1_317' title='bbox 409 2489 517 2529; x_wconf 91' lang='lat' dir='ltr'>maris</span> <span class='ocrx_word' id='word_1_318' title='bbox 536 2497 571 2530; x_wconf 91' lang='lat' dir='ltr'>et</span> <span class='ocrx_word' id='word_1_319' title='bbox 590 2490 760 2529; x_wconf 90' lang='lat' dir='ltr'>undarum</span> <span class='ocrx_word' id='word_1_320' title='bbox 793 2487 982 2528; x_wconf 88' lang='lat' dir='ltr'>discrimen</span> <span class='ocrx_word' id='word_1_321' title='bbox 1012 2493 1212 2528; x_wconf 87' lang='lat' dir='ltr'>evaserunt.</span> <span class='ocrx_word' id='word_1_322' title='bbox 1269 2487 1368 2536; x_wconf 87' lang='lat' dir='ltr'>Sed,</span> <span class='ocrx_word' id='word_1_323' title='bbox 1405 2502 1498 2542; x_wconf 88' lang='lat' dir='ltr'>quae</span> <span class='ocrx_word' id='word_1_324' title='bbox 1527 2502 1597 2530; x_wconf 84' lang='lat' dir='ltr'>nee</span> 
     </span>
     <span class='ocr_line' id='line_1_36' title="bbox 159 2550 1596 2610; baseline 0.003 -20"><span class='ocrx_word' id='word_1_325' title='bbox 159 2551 383 2595; x_wconf 88' lang='lat' dir='ltr'>librariorum</span> <span class='ocrx_word' id='word_1_326' title='bbox 406 2554 539 2596; x_wconf 90' lang='lat' dir='ltr'>incuria</span> <span class='ocrx_word' id='word_1_327' title='bbox 559 2564 633 2604; x_wconf 88' lang='lat' dir='ltr'>est,</span> <span class='ocrx_word' id='word_1_328' title='bbox 673 2570 741 2596; x_wconf 89' lang='lat' dir='ltr'>nec</span> <span class='ocrx_word' id='word_1_329' title='bbox 761 2554 953 2609; x_wconf 83' lang='lat' dir='ltr'>temporis,</span> <span class='ocrx_word' id='word_1_330' title='bbox 995 2559 1054 2592; x_wconf 85' lang='lat' dir='ltr'>aut</span> <span class='ocrx_word' id='word_1_331' title='bbox 1072 2551 1181 2591; x_wconf 86' lang='lat' dir='ltr'>maris</span> <span class='ocrx_word' id='word_1_332' title='bbox 1201 2550 1344 2601; x_wconf 87' lang='lat' dir='ltr'>iniuria,</span> <span class='ocrx_word' id='word_1_333' title='bbox 1376 2553 1470 2594; x_wconf 88' lang='lat' dir='ltr'>haec</span> <span class='ocrx_word' id='word_1_334' title='bbox 1491 2569 1596 2610; x_wconf 89' lang='lat' dir='ltr'>quam</span> 
     </span>
     <span class='ocr_line' id='line_1_37' title="bbox 159 2617 1593 2674; baseline 0.003 -17"><span class='ocrx_word' id='word_1_335' title='bbox 159 2624 320 2660; x_wconf 84' lang='lat' dir='ltr'>tenemus</span> <span class='ocrx_word' id='word_1_336' title='bbox 336 2635 407 2661; x_wconf 92' lang='lat' dir='ltr'>non</span> <span class='ocrx_word' id='word_1_337' title='bbox 425 2637 493 2662; x_wconf 92' lang='lat' dir='ltr'>uno</span> <span class='ocrx_word' id='word_1_338' title='bbox 514 2622 548 2662; x_wconf 90' lang='lat' dir='ltr'>in</span> <span class='ocrx_word' id='word_1_339' title='bbox 567 2622 648 2662; x_wconf 89' lang='lat' dir='ltr'>loco</span> <span class='ocrx_word' id='word_1_340' title='bbox 666 2636 792 2662; x_wconf 89' lang='lat' dir='ltr'>manca</span> <span class='ocrx_word' id='word_1_341' title='bbox 810 2621 950 2662; x_wconf 85' lang='lat' dir='ltr'>videtur</span> <span class='ocrx_word' id='word_1_342' title='bbox 979 2617 1128 2658; x_wconf 87' lang='lat' dir='ltr'>historia</span> <span class='ocrx_word' id='word_1_343' title='bbox 1142 2650 1152 2666; x_wconf 94' lang='lat'>‚</span> <span class='ocrx_word' id='word_1_344' title='bbox 1188 2618 1224 2658; x_wconf 92' lang='lat' dir='ltr'>in</span> <span class='ocrx_word' id='word_1_345' title='bbox 1249 2632 1317 2674; x_wconf 90' lang='lat' dir='ltr'>qua</span> <span class='ocrx_word' id='word_1_346' title='bbox 1344 2620 1453 2661; x_wconf 84' lang='lat' dir='ltr'>multa</span> <span class='ocrx_word' id='word_1_347' title='bbox 1471 2635 1593 2661; x_wconf 83' lang='lat' dir='ltr'>narra-</span> 
     </span>
     <span class='ocr_line' id='line_1_38' title="bbox 159 2685 1593 2743; baseline 0.003 -19"><span class='ocrx_word' id='word_1_348' title='bbox 159 2693 273 2726; x_wconf 85' lang='lat' dir='ltr'>turum</span> <span class='ocrx_word' id='word_1_349' title='bbox 307 2701 347 2727; x_wconf 89' lang='lat' dir='ltr'>se</span> <span class='ocrx_word' id='word_1_350' title='bbox 369 2687 512 2743; x_wconf 87' lang='lat' dir='ltr'>quidem</span> <span class='ocrx_word' id='word_1_351' title='bbox 532 2690 646 2729; x_wconf 79' lang='lat' dir='ltr'>Autor</span> <span class='ocrx_word' id='word_1_352' title='bbox 682 2687 891 2743; x_wconf 87' lang='lat' dir='ltr'>pollicetur,</span> <span class='ocrx_word' id='word_1_353' title='bbox 933 2693 969 2724; x_wconf 87' lang='lat' dir='ltr'>et</span> <span class='ocrx_word' id='word_1_354' title='bbox 995 2693 1115 2725; x_wconf 83' lang='lat' dir='ltr'>tamen</span> <span class='ocrx_word' id='word_1_355' title='bbox 1153 2685 1363 2739; x_wconf 84' lang='lat' dir='ltr'>promissum</span> <span class='ocrx_word' id='word_1_356' title='bbox 1396 2701 1468 2726; x_wconf 93' lang='lat' dir='ltr'>non</span> <span class='ocrx_word' id='word_1_357' title='bbox 1497 2686 1593 2729; x_wconf 87' lang='lat' dir='ltr'>facit.</span> 
     </span>
     <span class='ocr_line' id='line_1_39' title="bbox 160 2750 1596 2809; baseline 0.001 -16"><span class='ocrx_word' id='word_1_358' title='bbox 160 2754 297 2803; x_wconf 79' lang='lat' dir='ltr'>Quibus</span> <span class='ocrx_word' id='word_1_359' title='bbox 319 2754 449 2809; x_wconf 86' lang='lat' dir='ltr'>passim</span> <span class='ocrx_word' id='word_1_360' title='bbox 465 2755 663 2797; x_wconf 77' lang='lat' dir='ltr'>defectibus</span> <span class='ocrx_word' id='word_1_361' title='bbox 682 2754 731 2795; x_wconf 84' lang='lat' dir='ltr'>ita</span> <span class='ocrx_word' id='word_1_362' title='bbox 748 2752 808 2794; x_wconf 90' lang='lat' dir='ltr'>hie</span> <span class='ocrx_word' id='word_1_363' title='bbox 826 2751 903 2792; x_wconf 85' lang='lat' dir='ltr'>hiat</span> <span class='ocrx_word' id='word_1_364' title='bbox 921 2750 1192 2792; x_wconf 80' lang='lat' dir='ltr'>commentarius</span> <span class='ocrx_word' id='word_1_365' title='bbox 1205 2784 1216 2800; x_wconf 88' lang='lat'>‚</span> <span class='ocrx_word' id='word_1_366' title='bbox 1255 2759 1290 2792; x_wconf 91' lang='lat' dir='ltr'>ut</span> <span class='ocrx_word' id='word_1_367' title='bbox 1308 2765 1375 2808; x_wconf 85' lang='lat' dir='ltr'>per</span> <span class='ocrx_word' id='word_1_368' title='bbox 1403 2752 1515 2795; x_wconf 85' lang='lat' dir='ltr'>hasce</span> <span class='ocrx_word' id='word_1_369' title='bbox 1535 2767 1596 2795; x_wconf 81' lang='lat' dir='ltr'>ve·</span> 
     </span>
    </p>
   </div>
  </div>
 </body>
</html>
