1858 3126
521 158 596 202 DE
630 159 915 204 AEDIFICIIS
948 160 1002 204 Π.
1040 160 1117 206 11.
1447 161 1545 209 243

97 275 227 316 ῗοῦσιν
252 272 463 328 ἀναγκαῖον
491 273 635 329 ἓγίνετο
661 278 869 331 χρῆσθαι,
905 272 1164 330 κρημνώδους
1178 275 1332 331 χωρίου
1355 277 1421 317 καὶ
1444 274 1546 326 ὅλως

96 340 250 395 ἀβάτου
282 342 432 394 μεταξὺ
464 340 598 392 ὄντος·
634 345 699 383 καὶ
732 350 815 392 τοῖς
844 345 1069 396 πολεμίοις,
1105 341 1154 384 ἂν
1186 342 1292 386 οὕτω
1322 342 1446 400 τύχῃ,
1483 347 1546 386 ἓν-
1569 348 1598 382 Ρ
1621 350 1667 383 50

95 407 328 465 εδρεύουσιν.
348 407 566 467 ὑποχείριοι
598 409 726 469 ῥᾷστα
758 412 940 465 ἐγίνοντο.
1010 409 1187 468 διώρυχα
1217 412 1349 453 τοίνυν
1379 412 1547 455 ἔκτοσθε

56 527 59 529 Α
92 481 166 532 τῆς
191 474 342 527 πόλεως
369 477 463 535 ἄχρι
495 480 536 528 ἐς
564 479 637 533 τὴν
665 476 812 536 κρήνην
839 478 911 521 οὐκ
944 479 1315 537 ἀπαρακαλύπτως,
1350 481 1454 522 ἀλλὰ
1478 498 1545 523 κε-

61 546 326 600 5κρυμμένως
353 544 409 596 ὡς
442 546 497 588 ἔνι
531 546 707 600 μάλιστα
737 548 1021 601 πεποιημένος,
1057 546 1204 591 ἄπονόν
1235 566 1276 591 τε
1308 548 1445 599 αὗτοῖς
1476 552 1545 591 καὶ

91 612 296 655 ἀκίνδυνον
318 614 391 669 τὴν
411 619 484 657 τοῦ
504 614 653 665 ὕδατος
674 616 891 672 παρέσχετο
905 618 1058 671 χρείαν.

225 683 309 724 Καὶ
328 685 537 733 ,Χαλκίδος
555 685 599 726 δὲ
618 682 769 733 πόλεως
790 683 861 726 τόν
880 685 1091 740 περίβολον
1108 683 1222 735 ὅλον,
1257 683 1298 734 ἴς
1320 701 1361 727 τε
1382 685 1428 728 τὸ
1450 684 1544 727 ἔδα-

89 765 168 806 φος
191 751 429 804 καθειμένον
456 754 523 794 καὶ
549 751 682 802 ἄλλως
706 749 938 809 ἀφύλακτον
967 751 1085 803 ὄντα,
1121 754 1246 811 ε’χυρᾷ
1270 753 1545 810 διαφερόντως

89 816 332 861 ἀνενεώσατο
356 821 585 878 οἷκοὸομίᾳ,
614 821 680 862 καὶ
711 822 1011 876 προτειχίσματι
1040 819 1296 877 ἐκρατύνατο.
1365 822 1420 863 ἔτι
1448 823 1546 876 μέν-

33 890 80 926 10
89 902 151 928 τοι
171 889 235 928 καὶ
255 887 307 929 τὰ
330 888 434 930 ἄλλα
459 888 603 943 Σύρων
628 887 856 942 πολίσματά
875 906 917 931 τε
944 891 1011 931 καὶ
1040 887 1219 946 φρούρια
1236 889 1307 930 τὸν
1326 889 1448 931 αὐτὸν
1476 908 1543 933 κε-

88 955 300 1009 κοσμηκὼς
315 955 463 1013 τρόπον
486 956 640 1011 ζηλωτὰ
659 957 839 1006 ἐπιεικῶς
858 955 1142 1012 κατεστήσατο.
1564 963 1595 998 Β

225 1022 344 1066 Οὕτω
359 1025 433 1077 μὲν
453 1026 604 1081 Συρίαν
618 1025 895 1076 ’Ῑουστινιανὸς
911 1026 1102 1079 βασιλεὺς
1121 1027 1163 1068 ἕν
1183 1029 1242 1082 τῷ
1261 1024 1441 1082 ἀσφαλεῖ
1460 1028 1541 1068 διε-

85 1088 258 1134 σώσατο.
326 1092 441 1142 πόλις
470 1094 517 1135 δέ
542 1091 620 1136 πού
649 1096 754 1136 ἔστιν
784 1094 846 1135 ἐπὶ
883 1096 1072 1149 Φοινίκης
1103 1099 1175 1148 τῆς
1206 1094 1319 1150 παρὰ
1349 1096 1543 1146 Λίβανον

83 1157 293 1216 Παλμύρα
313 1159 462 1215 ὄνομα,
492 1163 534 1203 ἓν
554 1160 678 1219 χώρῳ
701 1163 774 1215 μὲν
790 1164 1031 1217 πεποιημένη
1055 1169 1140 1211 τοῖς
1156 1160 1280 1203 πάλαι
1309 1161 1545 1219 ἀνθρώποις

28 1233 74 1269 15
85 1226 266 1282 ἀγείτονι,
289 1230 330 1270 ἐν
349 1233 460 1286 καλῷ
482 1231 525 1272 δὲ
540 1235 612 1284 τῆς
631 1235 711 1272 τῶν
731 1232 930 1283 πολεμίων
947 1234 1196 1287 Σαρακηνιῦν
1216 1229 1354 1272 διόδου
1373 1231 1544 1286 κειμένη.

83 1294 228 1338 τούτου
257 1296 335 1353 γὰρ
369 1297 420 1351 δὴ
446 1299 557 1340 ἕνεκα
585 1298 712 1352 αὐτὴν
737 1300 803 1340 καὶ
824 1298 1134 1356 ᾠκοδομήσαντο
1157 1298 1373 1354 πρότερον,
1410 1297 1464 1348 ὡς
1484 1299 1544 1353 μὴ

84 1361 248 1406 λάθοιεν
271 1365 310 1406 οἱ
332 1364 536 1422 βάρβαροι
562 1360 670 1408 οὗτοι
696 1366 860 1417 ἐξάπινα
889 1368 930 1416 ἐς
956 1367 1009 1408 τὰ
1033 1365 1242 1420 Ῥωμαίων
1272 1365 1358 1420 ἤθη
1387 1366 1542 1419 ἐμβάλ-

81 1434 228 1482 λοντες.
284 1432 443 1488 ’ταύτην
465 1435 657 1487 βασιλεὺς
676 1434 955 1484 Ἰουστινιανὸς
980 1434 1048 1475 διὰ
1068 1433 1217 1490 χρόνου
1242 1438 1372 1490 μῆκος
1393 1434 1541 1492 ἔρημον
1564 1443 1596 1480 C

81 1499 144 1541 ἐπὶ
166 1503 349 1543 πλεῖστον
371 1504 626 1558 γεγενημένην
647 1501 886 1558 ὄχυρώμασί
903 1519 945 1545 τε
968 1500 1087 1557 λόγου
1105 1504 1280 1555 μείζοσιν
1302 1502 1542 1559 ἐπιρρώσας,

25 1567 182 1624 ωπρός
205 1569 248 1612 δὲ
267 1571 332 1612 καὶ
350 1567 511 1613 ὑδάτων
530 1571 760 1626 περιουσίας
781 1572 848 1612 καὶ
882 1571 1157 1628 φυλακτηρίου
1183 1577 1441 1627 στρατιωτῶν
1467 1575 1541 1628 ἔμ-

79 1635 346 1691 πλησάμενος,
374 1638 448 1689 τὰς
467 1644 546 1682 τῶν
568 1642 815 1696 Σαρακηνῶν
838 1630 1336 1697 ἐπιδρομὰς-ἀνεχαίτισεν.

171 1743 227 1780 15.
250 1741 424 1790 ἅγείτονι]
451 1741 647 1790 ἄγειτόνως
668 1746 788 1783 Telos.

78 1834 128 1869 ire
152 1846 291 1871 necesse
317 1840 412 1871 erat:
436 1836 561 1882 quippe
583 1837 746 1872 intererat
769 1838 881 1872 avium
906 1849 1045 1883 prorsus
1069 1840 1102 1872 et
1120 1838 1349 1884 insuperabile
1371 1839 1542 1886 praecipi-

78 1881 178 1915 tium:
204 1882 259 1916 ubi
273 1882 322 1916 int
338 1882 514 1916 hostilibus
529 1883 668 1925 insidiis,
685 1884 714 1917 si
729 1885 819 1918 forte
835 1890 1050 1928 ponerentur,
1064 1883 1223 1918 facillime
1240 1886 1347 1918 teneri
1364 1891 1539 1929 poterant.

76 1926 186 1970 Igitur
202 1932 300 1961 extra
315 1929 430 1962 urbem
446 1930 539 1962 fossa
554 1929 596 1962 ad
614 1929 742 1963 fontem
757 1941 862 1974 usque
878 1929 1061 1974 perducta,
1086 1941 1152 1963 non
1168 1935 1324 1974 patente,
1348 1931 1407 1964 sed
1426 1931 1549 1975 quoad„

79 1972 152 2006 eius
165 1972 252 2051 dfieri
275 1973 386 2020 potuit
410 1979 522 2018 tecta,
546 1974 737 2009 discrimine
761 1975 888 2021 pariter
914 1986 955 2009 ac
981 1975 1184 2010 difficultate
1199 1987 1294 2009 usum
1318 1987 1428 2021 aquae
1455 1976 1540 2022 ipsis

75 2029 162 2063 expe
187 2018 235 2052 iit.

169 2063 273 2099 Urbis
289 2065 458 2100 Chalcidis
473 2065 605 2100 moenia
620 2065 686 2100 iam
702 2066 900 2110 proclinata,
924 2076 1034 2110 neque
1050 2065 1118 2100 ullo
1135 2068 1290 2110 protecta
1307 2078 1423 2112 opere,
1448 2069 1539 2101 stru-

77 2111 173 2144 ctura
196 2109 384 2146 firmissima
411 2112 586 2156 reparavit
610 2111 762 2152 omnino,
789 2123 829 2145 ac
850 2123 944 2145 muro
969 2111 1076 2156 sepsit
1102 2111 1274 2145 exteriori.
1321 2112 1382 2146 Sic
1405 2112 1537 2147 demum

77 2159 212 2190 uetera
226 2156 351 2201 Syriae
365 2156 488 2202 oppida
502 2157 708 2202 castellaque
724 2157 871 2200 ornavit,
895 2161 934 2191 ut
947 2156 1011 2190 iam
1027 2157 1129 2191 valde
1146 2157 1212 2190 sint
1227 2157 1422 2192 invidenda.

165 2201 220 2236 Ita
246 2201 378 2246 quidem
405 2202 530 2247 Syriae
555 2203 761 2238 Iustinianus
787 2206 873 2246 Aug.
901 2203 1118 2236 securitatem
1154 2203 1270 2237 attulit
1303 2215 1343 2237 ac
1377 2203 1532 2238 salutem.

74 2245 241 2281 Phoenice
256 2253 386 2290 autem,
409 2259 497 2293 quae
511 2253 564 2283 est
578 2249 619 2283 ad
635 2249 816 2292 Libanum,
839 2249 956 2282 urbem
973 2248 1075 2282 habet
1091 2248 1282 2292 Palmyram
1293 2275 1303 2290 ,
1327 2249 1363 2282 in
1387 2250 1461 2282 loco
1479 2260 1533 2282 so-

74 2289 212 2327 litudine
228 2293 336 2327 cincto
351 2293 427 2328 olim
447 2295 612 2329 conditam
623 2321 633 2336 ‚
655 2295 722 2329 situ
748 2294 917 2328 commodo
934 2294 976 2327 ad
998 2294 1244 2328 observandum
1259 2295 1326 2328 iter
1341 2295 1533 2329 Saraceno-

75 2347 166 2380 rum,
190 2343 377 2374 nostrorum
396 2340 552 2377 hostium.
600 2341 653 2374 Eo
669 2352 788 2386 nempe
804 2340 986 2374 aedificata
1002 2340 1066 2374 fuit
1082 2340 1220 2374 consilio
1232 2365 1242 2381 ,
1266 2341 1381 2375 horum
1398 2347 1436 2374 ut
1452 2341 1533 2374 bar-

76 2381 231 2419 batonim
247 2385 379 2423 subitae
393 2384 429 2418 in
443 2386 540 2419 Rom.
560 2386 731 2432 imperium
754 2385 961 2430 irruptiones
980 2385 1284 2430 deprehendantur.
1330 2386 1430 2420 Hanc
1445 2397 1532 2420 aevo

76 2431 202 2464 tanum
223 2441 289 2464 non
312 2431 447 2477 penitus
471 2431 656 2466 desolatam
674 2431 879 2465 Iustinianus
897 2431 1067 2475 Augustus
1094 2442 1195 2476 supra
1212 2443 1311 2476 quam
1327 2431 1391 2466 dici
1418 2435 1534 2477 potest

77 2475 283 2510 communiit:
315 2476 422 2511 eidem
450 2487 611 2522 aquarum
638 2476 767 2512 affatim
795 2477 907 2513 dedit:
937 2477 1159 2525 impositoque
1187 2477 1322 2513 militari
1349 2477 1533 2525 praesidio,

75 2517 277 2559 inmunes
291 2522 534 2559 Saracenorum
550 2522 705 2559 inhibuit.
