1754 3132
571 113 838 158 HISTORIA
872 112 1083 157 ARCANA
1122 114 1164 159 1.
1300 162 1302 164 ,
1519 77 1594 160 ν15

128 226 325 286 λαφύρων
345 227 396 271 τὰ
420 225 648 283 τιμιώτατα
668 228 743 271 σύν
761 232 820 287 τῷ
839 228 977 287 νεανίᾳ
1002 223 1224 284 κρύψουσα
1252 221 1386 280 ἦλθον
1400 260 1413 279 ,
1453 226 1509 278 ὥς
1536 230 1596 284 μὴ

126 299 168 348 ἐς
183 297 356 352 βασιλέα
374 295 556 340 ἔκπυστα
575 297 750 353 γε’νηται.
802 294 828 352 ἦ
849 297 924 352 μὲν
948 291 1022 339 οὖν
1039 299 1172 338 ταῦτα
1191 295 1453 352 σκηπτομὲνη
1474 295 1595 350 εἶπεν,

129 364 150 410 ὅ
171 366 216 409 δὲ
236 365 538 420 ἀναπεισθῆναι
561 363 684 416 δόξας
707 365 836 422 ἀφῆκε
850 398 863 418 ,
901 367 1044 422 καίπερ
1065 369 1124 423 τῷ
1150 366 1360 424 Θεοδοσίῳ
1383 365 1597 421 ἐκλελυμέ-

126 451 198 479 νον
217 434 290 478 τόν
314 432 466 490 ἱμάντα
487 432 597 490 ὁρῶν
619 435 692 477 τὸν
721 433 828 491 ἀμφὶ
857 434 910 476 τὰ
942 436 1082 477 αἰδοῖα
1117 433 1193 483 τὰς
1224 433 1474 491 ἀναξυρίδας
1501 437 1599 486 ξυν-

94 504 285 548 5δέοντα.
357 502 478 560 ἴρωτι
504 502 582 560 γὰρ
611 507 685 558 τῆς
704 499 932 559 ἀνθρώπου
952 502 1229 557 ἀναγκασθεὶς
1251 500 1443 557 ἐβούλετό
1461 503 1501 546 οἷ
1523 503 1599 559 τὴν

125 576 208 615 τῶν
237 571 394 615 οῗκείων
426 571 663 627 ὀφθαλμῶν
691 571 796 615 θέαν
828 569 882 621 ὥς
916 570 1063 627 ἥκιστα
1094 571 1381 627 ἀληθίζεσθαι.
1454 576 1529 627 τῆς
1551 573 1597 615 δὲ

124 637 389 696 μαχλοσύνης
408 639 468 683 ἀεὶ
487 637 711 698 προιούσης
735 641 777 690 ἐς
804 639 930 683 κακὸν
953 639 1115 697 ἄφατον
1140 641 1177 683 οἱ
1197 641 1273 694 μὲν
1296 639 1411 683 ἄλλοι
1434 638 1596 695 θεώμε-
1619 652 1650 686 Β

125 727 187 752 νοι
204 708 258 752 τὰ
278 706 541 766 πραττόμενα
563 710 605 751 ἓν
623 713 758 766 σιωπῇ
777 707 906 764 εἶχον,
944 706 1072 764 δούλη
1095 709 1144 751 δέ
1159 726 1219 758 τις
1239 710 1485 752 Μακεδονία
1503 709 1599 753 ὅνο-

123 796 184 832 μα
203 778 246 821 ἓν
264 775 566 835 Συρακούσαις,
601 775 719 832 ἡνίκα
740 778 926 826 Σικελίας
946 775 1142 837 ἒκρᾴτησε
1164 775 1422 833 Βελισάριος,
1461 777 1598 835 ὅρκοις

71 855 114 888 10
125 844 373 896 δεινοτάτοις
386 846 458 889 τὸν
475 843 676 902 δεσπότην
694 850 1005 900 καταλαβοῦσα,
1028 844 1089 902 μή
1111 864 1209 889 ποτε
1230 846 1360 901 αὐτὴν
1381 851 1432 904 τῇ
1452 864 1596 903 κεκτη-

122 915 225 974 μένῃ
245 912 613 972 καταπροήσεσθαι
623 947 637 967 ,
675 913 810 958 πάντα
828 914 940 973 αὐτῷ
962 914 1083 971 λόγον
1102 913 1283 970 ἐξήνεγκε
1291 948 1306 968 ,
1345 913 1420 959 δύο
1442 914 1592 958 παιδᾶ-
1618 929 1647 962 Α
1672 928 1694 961 4

126 1002 196 1042 ρια
218 984 322 1042 πρὸς
343 985 577 1040 μαρτυρίαν
597 983 890 1041 παρασχομένη
904 1016 917 1036 ,
958 981 1018 1034 οἷς
1041 983 1092 1039 δὴ
1116 984 1166 1026 τὰ
1194 984 1300 1040 ἀμφὶ
1325 984 1398 1027 τὸν
1420 989 1596 1028 κοιτῶνα

65 1082 69 1085 -
122 1051 337 1110 ὑπηρετεῖν
359 1052 542 1106 ἐπιμελὲς
559 1047 622 1106 ἦν.
693 1057 826 1095 ταῦτα
843 1052 998 1107 μαθὼν
1021 1050 1266 1109 Βελισοῖριος
1288 1056 1371 1096 τῶν
1391 1053 1430 1095 οἶ
1450 1051 1598 1108 ἑπομέ-

123 1139 205 1165 νων
236 1123 325 1171 τινὶ,
342 1121 414 1164 τὸν
448 1119 671 1164 Θεοδόσιον
700 1122 878 1165 ἐκέλευσε
904 1123 1252 1176 διαχειρίσασθαι.
1324 1119 1345 1164 ὃ
1368 1123 1414 1165 δὲ
1431 1139 1595 1178 προμα-

70 1194 112 1230 15
125 1190 217 1234 θεὸν
238 1188 480 1247 εἴς’Ἐφεσον
500 1187 648 1246 φεύγει.
721 1194 803 1233 τῶν
825 1190 904 1247 γὰρ
925 1188 1132 1243 ἑπομένων
1154 1191 1194 1233 οἱ
1214 1194 1394 1234 πλεῖστοι
1416 1195 1477 1250 τῷ
1498 1191 1597 1244 ἀβε-

123 1260 232 1317 βαίῳ
261 1262 338 1314 τῆς
368 1263 442 1301 τοῦ
476 1256 704 1315 ἀνθρώπου
734 1256 899 1314 γνώμης
931 1258 1095 1314 ἠγμένοι
1123 1258 1304 1316 ἀρέσκειν
1327 1259 1404 1314 τὴν
1424 1267 1598 1315 γυναῖκα

122 1331 282 1381 μᾶλλον
307 1327 349 1369 ἓν
373 1329 533 1384 σπουδῇ
554 1325 702 1382 εἷχονῆ
728 1331 786 1384 τῷ
807 1327 924 1383 ἀνδρὶ
946 1329 1075 1369 δοκεῖν
1097 1326 1288 1378 εὐνοϊκῶς
1319 1326 1445 1383 ἔχειν,
1482 1330 1525 1371 οἵ
1552 1346 1595 1385 γε
1619 1343 1649 1377 c

123 1397 191 1439 καὶ
209 1396 262 1439 τὰ
282 1396 420 1452 σφίσιν
439 1396 665 1449 ἐπικείμενα
685 1392 776 1437 τότε
796 1394 907 1451 ἀμφ’
934 1395 1048 1454 αὐτῷ
1067 1395 1320 1451 προῦδοσαν.
1369 1399 1598 1440 Κωνσταν-

123 1471 234 1514 τΐνος
254 1465 300 1506 δὲ
322 1461 566 1518 Βελισάριον
586 1460 693 1519 δρῶν
713 1462 964 1520 περιώδυνον
990 1462 1182 1519 γεγονότα
1210 1472 1297 1515 τοῖς
1327 1467 1595 1519 ξυμπεσοῦσι,

67 1531 175 1576 ΞΟτοὶ
194 1548 236 1576 τε
257 1531 364 1575 ἄλλα
385 1530 570 1588 συνήλγει
591 1533 657 1574 καὶ
676 1536 799 1575 τοῦτο
821 1533 978 1575 ἐπεῖπεν
1007 1530 1063 1582 ὥς
1086 1532 1236 1589 ’Έγωγε
1263 1537 1430 1577 θᾶσσον
1451 1533 1502 1577 ἂν
1523 1535 1598 1589 τὴν

120 1608 292 1658 γυναῖκα
314 1600 339 1655 ἢ
361 1599 431 1644 τὸν
452 1601 615 1643 νεανίαν
635 1599 977 1657 κατειργασᾶμην.
1026 1600 1125 1659 ὅπερ
1139 1602 1359 1646 Ἀντωνίνα
1378 1607 1596 1656 μαθοῦσα,

122 1669 404 1728 κεκρυμμένοις
436 1669 549 1728 αὐτῷ
582 1669 863 1724 ἐχαλέπαινεν,
903 1669 1014 1721 ὅπως
1045 1669 1189 1726 ἴγκοτα
1220 1671 1444 1726 ἐνδείξηται
1470 1672 1518 1715 τὸ
1542 1674 1599 1723 εἷς

211 1766 246 1802 4.
279 1765 504 1811 ξυνδὲοντα]
538 1765 673 1802 δέοντα
706 1767 835 1801 Suidas
868 1778 897 1802 s.
921 1781 955 1802 v.
980 1765 1166 1811 ἀναξυρίς.
1309 1767 1364 1803 14.
1396 1767 1597 1815 διαχρήσα-

214 1815 307 1849 σθαι
330 1814 526 1848 Malu-etus.
662 1815 720 1849 20.
739 1812 901 1860 Ἔγωγε]
929 1815 1041 1859 Vulgo
1067 1812 1137 1860 ἐγώ
1162 1825 1212 1850 τε.
1350 1816 1410 1852 22.
1437 1814 1593 1861 ἔγκοτοι]

213 1858 362 1902 εἰκότως
385 1860 459 1895 Pm.
507 1858 653 1905 ἔγγιστα
678 1860 759 1894 Vat.

121 1939 263 1975 latebris
284 1939 534 1984 pretiosissima
564 1950 719 1984 quaeque
755 1939 943 1983 spoliorum
980 1950 1056 1973 cum
1087 1939 1343 1974 adolescentulo
1372 1941 1595 1976 reconditum

121 1987 219 2027 veni,
243 1997 286 2020 ne
310 1997 378 2030 qua
403 1987 546 2020 istorum
558 1989 666 2029 fama
685 1986 734 2019 ad
755 1987 938 2020 Caesarem
952 1987 1159 2030 perveniret.
1206 1986 1347 2020 Isthaec
1371 1987 1430 2020 illa
1455 1988 1594 2032 quidem

121 2031 316 2072 simulavit3
356 2031 412 2066 hic
435 2037 547 2066 autem
571 2044 641 2066 rem
666 2035 702 2066 et
726 2032 830 2066 facile
854 2031 1103 2073 dissimulavit,
1137 2036 1172 2066 et
1196 2032 1263 2066 sibi
1289 2032 1490 2076 persuaderi
1515 2045 1597 2079 pas-

122 2090 180 2113 sus
204 2083 276 2120 est;
311 2078 394 2112 licet
416 2078 615 2112 Theodosio
639 2078 798 2122 ligulam,
818 2090 923 2126 'quae
945 2078 1039 2112 circa
1063 2077 1224 2123 pudenda
1247 2079 1420 2113 subnectit
1443 2080 1595 2115 femora—

121 2125 190 2166 lia,
213 2125 359 2159 solutam
382 2125 612 2158 observasset.
658 2125 748 2158 Nam
773 2124 924 2158 mulieris
945 2124 1058 2158 victus
1082 2125 1338 2166 benevolentia,
1363 2126 1485 2160 maluit
1508 2138 1594 2160 vera

122 2182 190 2205 non
223 2181 300 2205 esse
333 2170 495 2211 credere,
529 2181 620 2215 quae
652 2170 719 2204 sibi
748 2171 922 2205 oculorum
955 2170 1058 2206 etiam
1090 2171 1159 2206 fide
1191 2172 1435 2216 probarentur.
1481 2172 1536 2206 Ita
1560 2172 1595 2206 in

123 2217 198 2251 dies
221 2216 386 2261 gliscente
408 2216 442 2250 in
466 2215 669 2250 incredibile
692 2216 813 2251 malum
838 2216 1001 2258 lascivia,
1039 2217 1171 2251 caeteri
1205 2217 1342 2262 quidem
1366 2217 1505 2253 silentio
1529 2218 1595 2253 fla-

122 2262 247 2308 gitium
274 2262 532 2307 iuspectarunt,
561 2262 689 2296 famula
719 2274 801 2297 vero
825 2262 1033 2297 Macedonia
1056 2263 1210 2302 nomine,
1244 2268 1324 2308 post
1346 2264 1551 2298 debellatam
1576 2276 1598 2298 a

123 2308 293 2343 Belisario
323 2308 494 2349 Siciliam,
531 2308 715 2354 Syracusis
745 2309 829 2343 hero
861 2309 1068 2343 sanctissimi
1099 2308 1325 2344 iurisiurandi
1358 2310 1428 2344 fide
1452 2310 1597 2355 primum

123 2354 314 2395 obstricto,
347 2366 391 2388 ne
420 2365 566 2399 unquam
592 2354 785 2389 Antoninae
812 2356 1042 2400 proderetur,
1076 2360 1184 2390 totam
1211 2355 1243 2389 ei
1266 2356 1415 2389 fabulam
1449 2356 1596 2398 detexit,

123 2397 216 2434 datis
237 2404 420 2446 praeterea
441 2400 590 2434 testibus
613 2402 746 2435 duobus
769 2412 791 2435 a
814 2401 969 2436 cubiculo
994 2401 1140 2435 famulis.
1186 2402 1239 2435 Re
1272 2406 1470 2447 comperta,
1501 2402 1597 2436 Beli-

124 2446 464 2492 sarius.quibusdam
489 2458 531 2480 ex
555 2446 781 2493 stipatoribus
803 2447 876 2481 suis
900 2458 1019 2482 necem
1042 2447 1190 2493 imperat
1214 2447 1427 2489 Theodosii3
1452 2448 1510 2482 ille
1533 2447 1595 2482 de-

125 2492 228 2528 tectis
262 2492 396 2528 insidiis
426 2492 598 2538 Ephesum
623 2493 774 2538 aufugit.
821 2493 911 2529 Nam
930 2496 1164 2528 assectatores
1187 2493 1318 2538 ingenii
1343 2493 1501 2528 Belisarii
1525 2504 1595 2527 mo—

123 2538 260 2574 bilitate
290 2538 423 2573 inducti
454 2539 626 2574 malebant
651 2539 751 2574 uxori
781 2544 918 2584 gratum
949 2541 1067 2574 facere
1102 2551 1204 2585 quam
1238 2539 1349 2574 videri
1388 2538 1595 2574 benevolen-

125 2584 207 2619 tiam
231 2585 345 2620 mariti
368 2585 544 2630 aucupari.
592 2586 822 2627 Quamobrem
848 2586 943 2622 iussa
974 2591 1095 2620 contra
1119 2585 1353 2621 Theodosium
1377 2585 1485 2620 eidem
1511 2595 1595 2629 pro-

126 2630 259 2665 didere.
306 2630 551 2666 Constantinus
574 2631 639 2666 hoc
671 2643 782 2666 rerum
806 2643 887 2667 casu
910 2633 1132 2667 vehementer
1155 2631 1315 2666 Belisarii
1339 2629 1522 2664 moerentis
1543 2630 1597 2663 vi-

126 2687 200 2710 cem
222 2677 419 2720 condoluit,
442 2682 547 2722 atque
568 2677 653 2711 illud
676 2677 873 2713 dictitavit:
900 2680 984 2725 Ego
1004 2678 1144 2713 mulieri
1161 2679 1262 2712 citius
1286 2678 1462 2710 interitum
1490 2687 1595 2720 quam

127 2723 334 2757 adolescenti
359 2735 550 2768 parassem.
600 2724 675 2759 Hoc
712 2725 830 2759 audito
862 2726 1053 2765 Antonina,
1085 2724 1197 2759 animo
1230 2723 1366 2768 penitus
1397 2721 1515 2756 abdito
1541 2722 1592 2756 illi

128 2769 340 2812 succensuit,
369 2774 410 2805 ut
440 2782 481 2805 eo
512 2770 656 2816 gravius
687 2769 723 2805 in
755 2783 832 2806 eum
855 2773 1079 2807 acerbitatem
1103 2773 1288 2805 evomeret.
1335 2768 1425 2802 Nam
1446 2770 1525 2803 erat
1548 2767 1591 2802 ad
