1754 3132
176 773 1513 843 PRAEFATIO

371 944 792 995 GUILIELMI
859 944 1049 1013 DIND
1065 944 1306 995 ORFII.

105 1225 251 1315 Quum
271 1259 410 1302 librarii
430 1247 591 1301 ratii'snes
611 1258 739 1301 diutius
761 1258 901 1300 diss'erri
930 1258 1036 1300 huius
1064 1258 1254 1300 voluminis
1283 1256 1478 1298 editionem
1498 1272 1569 1298 non

105 1337 334 1383 paterentur,
369 1326 512 1368 omissis
546 1327 708 1367 codicum
747 1326 1007 1368 Vaticanorum
1051 1325 1275 1381 aliorumque
1304 1323 1568 1373 collationibus,

104 1396 261 1437 nondum
280 1393 474 1441 absolutis,
516 1393 721 1448 ceterisque
748 1408 842 1450 quae
879 1394 915 1434 ei
943 1393 1146 1434 destinatae
1176 1400 1278 1432 erant
1299 1391 1570 1432 accessionibus

103 1468 141 1504 et
156 1462 276 1503 indice
296 1462 441 1503 Graeco
460 1459 557 1515 quali
577 1459 638 1499 hie
656 1460 811 1516 scriptor
843 1475 915 1502 non
935 1459 1104 1515 indignus
1126 1457 1215 1499 mihi
1235 1459 1427 1500 videbatur
1448 1459 1569 1514 paullo

103 1529 292 1585 pleniore,
333 1540 448 1584 opera
476 1534 599 1567 nostra
626 1527 896 1583 angustioribus
922 1543 1028 1583 quam
1056 1525 1228 1567 sellemus
1262 1526 1391 1568 finibus
1424 1535 1478 1567 est
1500 1528 1567 1568 cir-

103 1596 337 1652 cumscripta:
373 1596 420 1636 de
441 1608 512 1650 quo
531 1593 656 1650 paucis
678 1594 848 1637 dicemus,

213 1663 395 1704 Historiae
419 1676 578 1702 arcanae
611 1661 761 1712 librum,
803 1678 912 1719 quem
945 1661 1113 1713 falluntur
1142 1660 1202 1715 qui
1231 1660 1401 1716 scriptum
1429 1675 1452 1701 a
1480 1662 1568 1703 Pro-

100 1727 210 1784 copio
251 1744 334 1772 esse
371 1737 528 1786 negant,
583 1729 719 1784 primus
758 1731 873 1772 edidit
919 1730 1093 1772 Nicolaus
1139 1728 1362 1771 Alemannus
1401 1729 1570 1786 Lugduni

99 1809 136 1835 a.
160 1797 282 1848 ffi23.
298 1796 484 1845 codicibus
506 1813 589 1838 usus
609 1796 796 1839 Vaticanis
820 1798 959 1839 duobus
979 1797 1181 1853 amplisque
1206 1795 1338 1836 additis
1368 1796 1570 1837 annotatio-

102 1859 226 1910 nibus,
261 1876 349 1917 quas
378 1864 469 1905 locis
498 1879 571 1905 non
601 1864 728 1919 paucis
762 1880 810 1906 ex
831 1866 977 1907 schedis
1011 1864 1206 1908 Alemanni
1235 1863 1319 1904 auxi
1354 1871 1390 1904 et
1411 1863 1568 1904 correxi.

103 1926 324 1985 Alemapnus
354 1920 450 1972 enim
478 1946 629 1981 novam,
665 1940 702 1972 ut
734 1931 896 1981 videtur,
943 1933 1139 1975 editionem
1173 1931 1388 1979 meditatus,
1432 1929 1569 1970 veteris

103 1995 294 2050 exemplar
315 1999 601 2040 correctionibus
631 1999 727 2047 suis,
763 1998 893 2053 partim
918 2013 965 2040 ex
997 1999 1125 2040 codice
1144 1997 1417 2039 Mediolanensi
1439 1998 1564 2047 ductis,

103 2068 140 2100 et
159 2061 411 2106 additamentis
429 2074 569 2107 anctum
589 2065 752 2120 reliquit,
796 2066 893 2121 quod
915 2066 949 2107 in
972 2066 1198 2107 bibliotheca
1218 2065 1483 2106 Barberiniana
1507 2081 1564 2106 as-

101 2137 298 2172 servatum
334 2133 391 2173 Ea
413 2132 533 2173 omnia
554 2132 683 2174 aliud
673 2148 708 2174 m
730 2133 921 2187 exemplar
942 2134 1105 2174 eiusdem
1125 2131 1294 2174 editionis
1324 2133 1370 2173 ab
1390 2123 1431 2173 se
1450 2141 1563 2174 trans-

101 2194 254 2303 ξέῇῐι
257 2213 336 2239 cum
355 2199 398 2240 L.
410 2199 597 2240 Elzevirio
616 2198 702 2240 olim
722 2200 994 2241 communicavit
1014 2202 1133 2242 Lucas
1152 2199 1386 2241 Holstenius³
1378 2202 1432 2252 ):
1467 2201 1567 2241 cuins

102 2251 126 2303 li
156 2279 186 2304 ri
214 2280 314 2306 usum
340 2280 407 2306 nos
437 2266 692 2313 Gaudoeveri,
701 2266 956 2309 dAeadcmiae
991 2268 1138 2310 Rheno·
1140 2268 1374 2310 Traiectinae
1406 2268 1566 2309 doctoris

101 2330 311 2381 clarissimi,
353 2332 474 2374 benev
476 2332 637 2375 olentiae
679 2333 865 2376 debemus.
924 2335 1096 2377 Proxima
1136 2335 1362 2384 Alcmanno,
1402 2336 1469 2377 sed
1503 2335 1566 2376 vix

102 2398 215 2455 digna
234 2392 433 2441 memoratu
453 2399 565 2441 editio
580 2400 726 2442 Ioannis
748 2401 907 2444 Eichelii
924 2412 978 2444 est
998 2404 1231 2455 (Helmstadii
1252 2418 1285 2444 a.
1314 2402 1466 2454 1654.)
1487 2416 1568 2443 ver-

103 2465 204 2507 bosis
233 2474 384 2511 onerata
413 2468 715 2524 annotationibus.
775 2470 967 2513 Alemanni
990 2471 1187 2512 editionem
1212 2471 1393 2525 integram
1416 2471 1450 2509 in
1471 2483 1569 2509 suam

102 2534 280 2576 transtulit
298 2534 510 2583 Maltrflttls‚
550 2543 669 2577 textus
687 2522 825 2577 Graeci
849 2537 946 2578 vitiis
966 2537 1130 2593 plurimis
1150 2536 1299 2579 sublatis
1329 2537 1475 2577 duorum
1497 2549 1571 2589 ope

105 2599 285 2650 codicum,
337 2600 561 2718 Segperiani
594 2610 631 2644 et
663 2602 974 2654 Mediolanensis,
1018 2605 1085 2681 ‘¹⁰‚.
1101 2605 1228 2662 quibus
1262 2603 1351 2644 dixit
1393 2604 1429 2643 in
1464 2616 1569 2657 prae-

747 2657 806 2681 οι

194 2790 231 2865 *ὃ
255 2789 362 2856 gons.
388 2821 564 2860 Holstenii
586 2800 689 2872 epist.
712 2800 941 2861 ad³Elzevin
965 2839 1003 2872 p.
1029 2800 1110 2862 2¹63.
1135 2827 1190 2864 ed.
1215 2826 1379 2861 Boisson.

160 2896 350 2941 Procopius
378 2898 449 2933 111.
1270 2909 1291 2937 6
