1754 3132
206 226 344 256 xxxnr
490 210 763 256 PRAEFATIO
800 209 1051 258 GUILIELMI
1083 209 1342 255 DINDORFII.

202 321 338 362 satione
355 337 390 376 p.
413 323 459 363 V.
481 321 639 362 Maltreti
661 319 852 361 editionem
872 319 1040 360 brevibus
1068 328 1204 360 auctam
1222 318 1504 360 annotationibus
1522 332 1627 373 repe-

203 388 280 430 tivit
298 389 324 428 Ι.
343 388 528 428 Conradus
547 387 723 434 Orellius,
757 386 904 440 Lipsiae
924 401 957 426 a.
981 389 1098 428 1827.
1121 385 1258 426 insertis
1279 385 1423 425 famosis
1442 386 1487 424 de
1507 385 1629 424 Theo·
1662 431 1665 433 ‚

205 455 317 494 dorae
354 454 500 494 libidine
538 453 646 500 locis,
681 451 739 504 qui
759 466 780 490 a
802 451 978 505 prioribus
1000 451 1192 492 editoribus
1226 451 1406 506 suppressi
1426 464 1473 491 ex
1505 450 1630 490 codice

204 520 379 561 Vaticano
411 520 497 560 editi
527 527 603 560 sunt
641 518 678 558 in
716 517 946 571 Menagianis
983 518 1055 558 vol.
1077 519 1115 558 3.
1146 532 1182 572 p.
1204 520 1294 561 255.
1326 525 1361 558 et
1389 531 1489 571 seqq.
1546 517 1632 571 Ego

205 586 399 626 eorundem
427 601 508 625 usus
537 600 612 624 sum
642 583 857 637 apographo
885 583 1130 624 Holsteniano.

313 651 451 692 Reiskii
479 651 516 690 in
543 650 735 689 Historiam
766 663 931 688 arcanam
958 648 1245 697 emendationes,
1283 663 1406 690 mense
1432 648 1634 690 Februario

208 732 241 758 a.
266 719 382 760 1751.
406 715 643 770 perscriptaS‚
677 728 769 768 quae
787 715 894 755 multa
914 714 1011 754 utilia
1033 715 1224 764 continent,
1256 715 1302 754 de
1329 715 1492 770 margine
1508 727 1633 754 >exem-

208 783 318 836 plaris
336 779 583 822 Alemanniani
596 812 606 828 ‚
636 780 730 833 quod
749 789 829 834 post
847 788 996 820 mortem
1011 779 1148 821 Reiskii
1169 780 1205 819 in
1224 780 1478 821 bibliothecam
1494 780 1637 836 regiam

209 848 448 890 Havniensem
469 855 523 887 est
547 846 679 885 illatum
692 878 701 893 ‚
731 860 831 886 meos
851 845 886 885 in
906 861 986 886 usus
1006 845 1192 899 descripsit
1214 845 1258 886 O.
1274 847 1317 887 D.
1339 846 1519 887 Bloehius.

319 913 449 952 Libros
469 926 533 951 sex
549 911 595 950 (le
619 911 806 950 Aedificiis
832 911 1013 951 Iustiniani
1033 926 1080 951 ex
1097 912 1223 951 codice
1246 920 1282 952 et
1299 912 1427 952 vitioso
1451 910 1639 952 admodum

213 987 250 1019 et
280 979 450 1018 lacunoso
479 977 637 1018 Conradi
672 977 879 1031 Peutingeri
911 977 1061 1031 primum
1097 977 1207 1017 edidit
1243 978 1445 1033 Hervagius
1472 977 1641 1017 Basileae

215 1060 249 1086 a.
275 1047 391 1087 1531.
414 1051 557 1084 curante
577 1043 690 1082 Beato
718 1041 910 1089 Rhenano,
941 1050 1022 1095 post
1050 1043 1270 1096 Hervagium
1289 1043 1521 1084 Historiarum
1541 1042 1642 1082 libris

215 1118 298 1151 octo
319 1110 476 1150 adiunxit
491 1109 650 1149 Davides
668 1108 916 1156 Hoeschelius,
947 1108 1047 1148 libris
1066 1109 1234 1148 adhibitis
1255 1109 1401 1157 duobus,
1431 1109 1544 1148 altero
1562 1107 1642 1149 Fri-

217 1176 330 1216 derici
349 1175 630 1230 Lindenbrogii,
672 1174 819 1214 editioni
849 1174 1049 1214 Basileensi
1070 1175 1267 1224 simillimo,
1307 1175 1422 1214 altero
1443 1175 1488 1214 ab
1509 1173 1643 1214 Carolo

216 1242 391 1282 Labbaeo
412 1256 457 1281 ex
477 1241 591 1282 veteri
622 1240 748 1279 codice
768 1240 1010 1293 transscripto‚
1042 1254 1145 1293 quem
1178 1240 1262 1280 licet
1281 1241 1392 1296 longe
1411 1239 1645 1295 integriorem

218 1308 376 1348 editione
394 1306 595 1347 Basileensi
615 1304 724 1345 fuisse
746 1314 930 1359 appareat,
954 1312 1070 1344 tamen
1091 1305 1169 1359 ipse
1202 1319 1341 1360 quoque
1364 1305 1459 1346 omni
1486 1305 1646 1346 vitiorum

218 1387 358 1429 genere
396 1372 592 1427 inquinatus
626 1371 783 1425 locisque
814 1370 971 1424 plurimis
1002 1378 1054 1410 est
1077 1371 1256 1412 defectus:
1286 1371 1398 1427 longe
1428 1371 1647 1411 emendatius

217 1440 425 1487 Maltretus,
459 1439 604 1478 duorum
643 1437 785 1492 quidem
817 1436 900 1484 ille,
931 1436 996 1476 sed
1025 1452 1148 1490 parum
1181 1446 1346 1478 accurate
1374 1453 1456 1478 usus
1487 1437 1648 1477 codicum

219 1504 443 1551 lectionibus,
464 1504 630 1546 Vaticani
653 1513 706 1551 et,
738 1517 843 1557 quem
872 1501 1090 1542 Tolosanum
1116 1511 1264 1558 propter
1294 1504 1468 1543 rationem
1490 1503 1525 1542 in
1543 1515 1647 1557 prae-

222 1570 356 1610 fatione
381 1570 427 1609 ab
448 1584 487 1609 se
509 1569 708 1624 expositam
738 1567 890 1614 vocavit.
921 1568 1150 1623 Segueriani.
1207 1570 1292 1623 Ego
1312 1583 1414 1623 quum
1447 1569 1585 1608 idoneis
1604 1568 1651 1608 ad

222 1636 291 1676 hos
312 1636 422 1676 libros
441 1636 711 1689 pertractandos
732 1635 891 1675 codicum
910 1634 1099 1688 praesidiis
1132 1648 1248 1674 essem
1270 1634 1463 1680 destitutus,
1492 1634 1652 1674 Maltreti

223 1711 362 1742 secutus
391 1716 466 1742 sum
503 1702 707 1749 editionem,
747 1700 941 1740 levioribus
978 1700 1184 1754 quibusdam
1212 1700 1306 1740 vitiis
1345 1699 1536 1748 correctis,
1569 1714 1651 1740 raro

222 1768 525 1808 Hoeschelianam
544 1766 750 1807 memoravi.
807 1767 935 1806 Brevis
963 1767 1088 1806 horum
1108 1766 1275 1807 librorum
1296 1765 1452 1819 epitome
1473 1774 1588 1806 exstat
1616 1765 1652 1806 in

224 1834 351 1874 codice
381 1834 488 1889 regio
520 1833 681 1872 Parisino
713 1834 829 1875 1941.
857 1833 953 1874 cuius
981 1832 1114 1887 passim
1143 1832 1188 1872 ab
1220 1846 1279 1872 me
1314 1831 1447 1872 mentio
1476 1831 1572 1873 saeta
1599 1837 1653 1872 est

224 1899 261 1940 in
292 1901 519 1940 annotatione
547 1900 651 1940 litera
673 1899 702 1940 C
723 1899 913 1954 designati.
1623 1952 1626 1954 -

335 1966 475 2006 Indices
502 1967 650 2006 Latinos
683 1967 729 2006 ab
764 1965 909 2006 homine
941 1964 1122 2005 confectos
1155 1963 1343 2004 verborum
1370 1977 1441 2003 non
1466 1977 1578 2018 parco
1607 1976 1656 2003 ex

228 2032 385 2074 editione
408 2033 566 2073 Maltreti
585 2032 702 2086 repeti
731 2045 965 2086 numerosque
984 2031 1197 2086 paginarum
1222 2029 1270 2070 ad
1288 2036 1444 2070 nostram
1464 2029 1655 2072 editionem

227 2099 487 2140 accommodari
509 2100 643 2141 curavit
660 2098 836 2139 librarius.
