1800 3126
306 146 402 192 452
752 150 811 192 IN
844 149 985 192 HIST.
1015 151 1264 194 ARCANAM

302 253 564 306 Theophanes
600 262 729 294 narrat
764 255 815 293 ad
842 268 988 293 annum
1014 257 1218 295 Iustiniani
1253 259 1494 310 trigesimum
1522 259 1716 312 quintum.

310 314 373 364 Τῷ
403 309 445 350 ὸὲ
475 313 639 366 Μαρτίῳ
669 311 762 363 μηνὶ
795 310 1055 363 ἐπανέστησαν
1083 312 1128 352 αἱ
1163 314 1294 364 σχολαὶ
1323 319 1376 369 τῷ
1407 313 1557 366 Κόμητι
1582 313 1715 355 αὐταῖν

303 362 369 404 διά
389 381 497 413 τινας
525 367 738 416 συνηθείας
766 363 813 413 ἃς
832 364 1063 418 ἐλάμβανον,
1091 367 1158 406 καὶ
1181 365 1380 418 α’πέκοψεν
1399 367 1530 419 αὐτάς.
1583 372 1716 408 Mense

300 422 450 458 Martio
479 423 770 457 insurrexerunt
797 422 954 458 eclzolae
982 425 1023 459 in
1052 436 1171 459 saum
1210 426 1383 461 comitem
1414 425 1460 462 ob
1488 426 1717 476 largitiones

301 474 497 527 quasdam
526 482 732 512 consuetas
759 476 837 513 sibi
865 475 980 525 dari,
1010 491 1111 527 quae
1138 478 1319 514 sublatae
1333 480 1518 529 fuerunt.
1608 480 1616 488 “

408 533 452 567 Ρ.
486 531 575 577 129,
611 534 673 572 16.
731 532 1008 582 septennalem,
1039 539 1083 569 ut
1109 533 1370 585 Anasta-eius]
1400 535 1606 601 Procopius
1631 536 1660 572 l.
1692 538 1712 575 1

300 586 392 622 bell.
421 587 528 622 Pers.
567 581 714 636 φόρους
748 584 821 638 γοὶρ
856 584 948 634 τούς
981 586 1173 634 ἐπετείους
1209 588 1246 634 ἐς
1283 588 1347 639 ἔτη
1384 587 1480 628 ἕπτοὶ
1507 593 1637 641 αφῆκε
1664 593 1716 644 τῇ

297 637 427 680 πόλει;
469 640 622 678 tributa
651 642 846 678 annualia
874 643 928 678 ad
953 644 1192 693 septennium
1221 645 1353 680 omnia
1380 643 1535 680 dimisit
1561 646 1716 683 civitati

298 693 471 731 Amidae
499 699 754 735 Anastasius.

407 751 452 786 P.
476 751 565 797 130,
591 752 627 790 1.
686 752 862 788 cabades
890 753 990 789 enim
1011 754 1134 789 sartis
1154 755 1263 789 tectis
1279 753 1393 803 socie
1420 752 1591 804 arisque]
1619 755 1715 790 Pro-

298 817 383 854 cop.
414 805 441 841 l.
465 806 487 844 1
518 807 608 842 bell.
638 808 745 843 Pers.
775 813 883 844 notat
911 808 1039 845 solum
1067 809 1257 859 templum
1285 810 1407 845 sancti
1436 809 1627 846 Simeonis
1653 810 1718 844 in·-

299 873 459 896 censum
488 861 558 898 sub
589 861 741 898 cabade
770 863 904 899 fuisse.

407 917 453 951 P·
487 919 575 963 130,
607 915 671 956 14.
739 917 811 954 Ubi
839 918 950 953 mile-s·
977 919 1185 954 stationem
1212 917 1327 954 habet
1355 915 1604 969 convehenda]
1631 920 1719 955 Non

295 970 475 1007 militaris
521 983 696 1008 annonae
732 973 981 1022 pensionem,
1022 972 1091 1009 sed
1132 973 1315 1022 exigendi
1352 973 1514 1010 modum
1554 972 1718 1010 subditis

296 1026 557 1074 perniciosum
587 1025 744 1064 damnat
771 1030 933 1077 Procop.
990 1028 1092 1064 Saue
1123 1030 1337 1077 superiores
1364 1030 1613 1079 imperatores
1640 1041 1719 1065 uon

296 1081 351 1115 ita
379 1079 553 1117 subditos
582 1084 831 1131 oppressisse,
860 1089 1021 1118 testatur
1048 1083 1231 1120 Libanius
1260 1085 1300 1119 iu
1325 1086 1436 1134 epist.
1467 1083 1517 1120 acl
1544 1085 1719 1120 Aristae-
1748 1106 1751 1110 -

296 1141 446 1171 netum.
503 1133 687 1187 Σταθμός
711 1152 768 1183 τις
792 1136 869 1176 ἐστὶ
898 1136 986 1189 περὶ
1013 1135 1076 1176 τὸν
1094 1134 1313 1188 Εὐφράτην
1333 1139 1566 1185 Καλλίνικος
1592 1137 1720 1189 ὄνομα
1764 1139 1771 1142 ’

298 1185 418 1243 αὐτῷ.
474 1193 587 1230 τοῦτο
616 1189 659 1230 τὸ
686 1193 831 1244 χωρίον
860 1191 934 1242 ἔχει
961 1190 1141 1242 στρατιάν
1171 1192 1392 1245 ἱδρυμένην,
1421 1191 1473 1241 ἣν
1502 1195 1563 1233 δεῖ
1585 1193 1719 1245 τρέφε-

153 1252 184 1285 A
208 1250 277 1285 100
299 1248 394 1283 σθαι
424 1242 521 1295 πρὸς
547 1244 661 1296 ’ἡμῶν
691 1243 763 1286 ov'n
791 1246 912 1286 ἐκεῖσε
941 1245 1196 1297 κομιζόντων,
1236 1244 1323 1286 ἀλλ’
1351 1247 1509 1300 ἑτέρωσε
1535 1246 1607 1299 τήν
1635 1263 1719 1300 τρο-

295 1295 392 1350 φήν.
449 1299 603 1339 ἐκεῖθεν
640 1299 682 1340 δὲ
719 1303 774 1348 εἰς
803 1303 1038 1341 Καλλίνικον
1067 1301 1176 1353 ἄγειν
1204 1301 1325 1353 νόμος
1358 1301 1423 1343 τὸν
1459 1301 1624 1354 ἄρχοντα
1653 1301 1720 1342 τὸν

295 1354 386 1406 περὶ
413 1351 477 1393 τὸν
499 1351 735 1407 Εὐφράτην.
790 1359 889 1393 Nam
920 1358 1103 1394 alimenta
1130 1371 1199 1408 pro
1228 1359 1417 1395 militibus
1448 1360 1514 1410 qui
1543 1359 1720 1395 Callinici

296 1411 505 1447 stationem
532 1409 740 1459 habebant,
770 1411 1050 1462 Euphratesiae
1077 1413 1293 1464 praefectus
1322 1426 1344 1450 a
1371 1413 1534 1451 subditis
1562 1421 1719 1464 accepta

295 1466 532 1502 Callinicum
560 1466 810 1504 convehenda
839 1468 1007 1504 curabat.

158 1525 188 1560 P
213 1525 279 1560 163
408 1522 453 1556 Ρ.
486 1522 577 1568 130,
608 1522 673 1563 15.
729 1523 937 1559 Exercitus
965 1522 1203 1572 optionibus]
1234 1524 1352 1560 Erant
1379 1530 1417 1560 et
1445 1525 1618 1574 optiones
1648 1522 1721 1560 do-

297 1577 470 1623 mestici,
510 1589 676 1626 quorum
703 1579 882 1614 meminit
909 1579 1118 1627 Procopius
1147 1579 1175 1615 l.
1209 1580 1227 1616 1
1259 1578 1351 1614 bell.
1380 1578 1505 1616 Vand.
1536 1576 1608 1625 “Ος
1636 1578 1719 1618 ἔπε-

298 1633 446 1680 μελεῖτο
474 1633 544 1682 τῆς
571 1631 660 1683 περὶ
687 1629 759 1682 τη“ν
789 1633 918 1671 οἰκίαν
947 1631 1144 1683 δαπάνης,
1183 1628 1355 1672 ὄπτίωνα
1387 1636 1526 1673 τοῦτον
1558 1637 1722 1673 καλοῦσι

294 1684 495 1735 Ῥωμαῖοιε
539 1689 607 1735 qui
635 1687 911 1735 familiarium
949 1701 1203 1736 expensarum
1239 1701 1378 1724 curam,
1401 1689 1581 1738 gerebat,
1617 1689 1722 1725 hunc

298 1740 476 1776 Romani·
503 1743 693 1790 optionem
722 1749 875 1778 vocant.
931 1743 1136 1780 Exercitus
1164 1744 1366 1792 optionum
1399 1743 1626 1794 dignitatem
1651 1745 1723 1780 Ni-

299 1795 429 1832 colaus
458 1796 751 1846 Pepagomenus
788 1797 829 1832 in
866 1799 1098 1848 panegyrico
1135 1799 1256 1834 sancti
1287 1797 1433 1835 Isidori
1455 1799 1644 1846 declarat,
1685 1806 1723 1836 et

299 1850 346 1886 ab
385 1851 604 1900 optionibus
644 1852 726 1888 fisci
756 1850 977 1901 distinguit3
1015 1855 1069 1889 sic
1102 1855 1207 1890 enim
1240 1853 1295 1889 ibi
1322 1853 1533 1903 legendum
1565 1855 1722 1904 φίσκον,

296 1917 376 1942 non
405 1902 537 1953 φύσιν.
593 1908 651 1943 De
682 1908 901 1957 optionibus
932 1910 1124 1945 exercitus
1156 1907 1244 1944 vide
1272 1910 1468 1946 novellam
1499 1911 1590 1950 150.

161 1962 192 1997 V
210 1962 278 1998 376
408 1962 454 1996 P.
483 1963 580 2007 130,
613 1964 675 2002 16.
731 1963 944 1998 Annonam
968 1962 1073 1999 lianc
1100 1977 1180 1999 rem
1207 1964 1426 2013 appellant]
1468 1963 1653 2002 Mendose
1680 1964 1722 2000 iu

300 2016 444 2052 Graeco
466 2014 585 2052 habes
607 2015 777 2067 συνωνή.
807 2024 850 2053 ut
878 2016 928 2053 ad
949 2031 989 2068 p.
1011 2021 1062 2058 98
1087 2021 1321 2055 monuimus.
1378 2021 1454 2055 Nos
1475 2019 1722 2069 quam‘recte

299 2067 483 2109 οἷννώναν
510 2071 710 2121 legamus,
751 2071 883 2109 videre
914 2080 971 2109 est
999 2085 1049 2108 ex
1083 2074 1238 2110 novella
1267 2073 1346 2111 130
1384 2074 1451 2109 ubi
1486 2075 1722 2111 Iustinianus

299 2124 348 2161 de
377 2124 450 2161 hac
478 2126 563 2175 ipsa
591 2139 632 2162 re
662 2128 754 2175 agit.

406 2181 451 2215 P.
477 2183 564 2226 131,
587 2181 624 2220 5.
665 2182 887 2231 ⁴Impositio
909 2179 1103 2230 quaedam
1121 2189 1177 2218 est
1194 2183 1316 2220 velati
1343 2184 1559 2232 improvisa
1581 2183 1720 2234 pestis]

300 2234 445 2270 Graece
465 2241 522 2270 est
541 2232 717 2285 ἔπιβολή.
775 2235 875 2281 Quid
897 2237 965 2272 illa
990 2239 1050 2283 sit,
1082 2240 1167 2287 quis
1198 2240 1279 2274 eius
1309 2245 1430 2284 autor,
1463 2251 1610 2289 quaeve
1639 2241 1720 2276 eius

300 2287 559 2325 instituendae
580 2292 742 2337 occasio,
763 2291 955 2328 Simeonis
973 2291 1255 2342 Metaphrastae
1275 2294 1380 2330 locus
1401 2293 1580 2342 declarat,
1603 2306 1721 2345 quem

299 2342 475 2380 nondum
501 2345 762 2382 iurisconsulti
789 2345 981 2383 viderunt.
1038 2346 1162 2398 Λιμὸς
1190 2347 1291 2398 ὁμοῦ
1317 2348 1384 2387 καὶ
1405 2347 1544 2399 λοιμὸς,
1573 2346 1620 2388 τοὶ
1649 2346 1721 2389 δύο

300 2400 421 2436 ταῦτα
447 2396 569 2446 κακοὶ,
606 2399 673 2438 καὶ
708 2398 882 2452 οἷναιρεῖν
911 2399 1056 2451 ὁμοίως
1092 2401 1290 2453 δυνάμενα
1325 2402 1400 2442 τισὶ
1427 2407 1506 2443 ταῖν
1532 2403 1721 2455 κειμένων

300 2450 380 2491 ’ὑπὸ
405 2455 454 2506 τῇ
476 2452 670 2504 Ῥωμαίων
699 2452 800 2509 ἀρχῇ
823 2457 979 2520 χωρίων
1007 2455 1267 2508 ἐνσκήψαντα,
1297 2456 1464 2505 πολλοὺς
1491 2457 1562 2510 μὲν
1588 2459 1721 2506 οἴκους

302 2504 528 2558 ἀνθρώπων
555 2507 737 2557 ἐκένωσε,
776 2525 910 2561 κωμας
942 2509 984 2550 δὲ
1012 2508 1105 2559 ὅλας
1132 2512 1197 2551 καὶ
1227 2514 1444 2561 συνοικίας,
1482 2513 1549 2552 καὶ
1578 2510 1721 2567 οἷγρούς

303 2559 478 2613 ἐρήμους
503 2564 583 2602 ταῖν
612 2561 827 2604 οἰκούντων
857 2562 1069 2617 εἰργάσατο.
1124 2564 1375 2618 Σκεψοῖμενοι
1401 2569 1536 2608 τοίνυν
1565 2570 1607 2608 οἱ
1642 2571 1722 2608 τοῖν

304 2619 451 2656 κοινῶν
478 2617 720 2669 ἐπιμεληταὶ,
751 2616 800 2658 ov’
825 2617 904 2671 μὴν
934 2617 1030 2659 ἄλλα
1056 2620 1122 2659 καὶ
1151 2620 1330 2672 βασιλεὺς
1359 2619 1491 2672 αὐτὸς,
1529 2620 1638 2672 ὅπως
1665 2621 1718 2674 μὴ

304 2669 347 2711 τὰ
377 2669 508 2711 κοινὸν
526 2670 626 2720 -τοῦς
655 2671 708 2713 δι’
738 2674 846 2721 ἔτους
875 2674 1034 2715 ἐκείνων
1062 2673 1213 2727 φόρους
1247 2679 1443 2732 ζημιωθῇ,
1481 2680 1720 2728 ψηφίζονται

305 2724 398 2773 τούς
424 2724 715 2782 πλησιοχώρους
739 2728 805 2769 καὶ
834 2725 931 2770 αὐτοὶ
959 2728 1006 2770 τοὶ
1029 2729 1279 2783 ἐκτριβέντων
1305 2732 1393 2785 τέλη
1421 2732 1488 2774 καὶ
1508 2732 1719 2785 οἰχομένων
