1800 3126
172 167 231 186 ...
269 140 366 187 566

268 245 433 280 Saraceni
455 251 511 286 73,
534 251 609 286 109,

269 291 445 329 Saturnini
454 294 698 334 matrimonium
708 292 967 328 104.ludibrium

311 340 396 392 ibid.

267 385 449 428 scholarii,
471 385 551 427 olim
565 395 680 419 omnes
698 381 835 427 natione
849 381 964 415 Arme-

312 431 348 465 ni
371 430 446 464 136.
469 433 588 473 postea
608 427 761 462 imbelles
783 427 868 462 ibid.
892 428 965 462 Ro-

156 497 160 499 >
227 506 247 518 ,,
296 475 402 511 ,ωαῐιί
422 475 497 508 147.

258 519 426 567 βοὶεινθηί
449 519 506 552 73.
530 518 607 552 108.
632 515 709 551 109.

267 565 399 599 Scirtus
422 564 480 596 flu.
508 563 585 596 111.
767 565 781 569 ‘'

256 607 487 653 ,Scythopolis
512 608 589 643 150.
608 634 613 643 .

264 667 285 688 a
307 651 458 686 Secretis
483 651 539 686 88.

262 697 420 731 Seleucia
442 701 554 729 terrae
577 697 670 728 motu
692 693 839 728 concidit
863 694 939 728 111.

263 744 450 778 Senatores
474 742 666 785 approbant
687 739 866 773 Iustiniani
890 751 963 772 ma-

307 785 500 821 trimonium
517 785 573 819 66.
598 785 790 828 expilantur
813 796 834 818 a
858 783 963 817 lusti-

308 833 409 865 niano
433 833 488 865 77.
513 841 628 862 eorum
650 829 798 863 adulatio
816 830 872 863 93.
899 839 960 862 au-

306 876 448 909 ctoritas
470 874 559 908 nulla
581 875 637 909 87.

254 922 396 964 Sergius
412 920 538 953 Bacchi
560 919 648 952 filius
671 918 708 952 in
730 918 860 962 legatos
878 929 959 963 per—

298 967 386 999 fidus
411 970 446 998 et
469 964 614 998 crudelis
633 963 689 998 41.

253 1011 366 1045 Serici
391 1010 534 1054 pretium
570 1009 646 1042 141.
671 1008 728 1042 ubi
752 1007 873 1041 confici
901 1018 960 1041 so-

297 1056 392 1089 litum
418 1054 492 1088 140.
511 1052 674 1085 Sericarii
693 1053 810 1085 vexati
827 1052 912 1085 ibid.

253 1100 346 1134 Sesti
367 1105 402 1133 et
419 1098 536 1142 Abydi
561 1097 812 1132 constituuntur
846 1095 960 1142 publi-

301 1144 377 1181 cani
398 1144 475 1177 138.

255 1188 445 1223 Silentiarii
469 1186 545 1222 147.

257 1233 416 1268 Sirmium
437 1234 513 1266 108.

256 1280 488 1313 Sisauranumt
509 1276 587 1310 vide
609 1275 819 1310 Isauranum.

259 1324 422 1359 solomon
458 1321 640 1364 Pegasium
678 1321 736 1365 pie
772 1322 962 1353 monentem

303 1367 428 1402 occidit
445 1366 501 1400 42.

260 1413 413 1457 Sophiae
436 1409 596 1453 templum
617 1410 674 1444 28.
697 1410 774 1443 101.

259 1457 448 1503 Spoletium
472 1456 529 1490 37.

260 1499 557 1547 Supernumerarii
580 1499 657 1532 136.

259 1546 454 1583 Svlverium
476 1544 603 1588 Papam
629 1542 754 1576 occidit
783 1540 961 1585 Eugenius

288 1585 359 1626 '16.
377 1602 418 1624 ea
440 1601 524 1622 nece
548 1588 764 1621 Theodoram
787 1587 855 1620 sibi
877 1598 960 1619 con-

306 1636 401 1669 ciliat
422 1634 595 1668 Antonina
617 1632 671 1667 13.

259 1680 404 1715 Tabella
445 1684 590 1722 quatuor
633 1676 810 1710 literarum
839 1674 962 1709 Iustini

259 1769 419 1804 Tabellio
444 1766 521 1802 154.

261 1815 393 1848 Tarsus
418 1810 572 1846 obruitur
604 1811 680 1844 111.
707 1807 777 1842 illic
800 1807 961 1842 tumultus

262 1904 432 1938 Tatianus
451 1898 622 1935 Patricius
645 1899 703 1933 78.

258 1949 438 1992 Templum
460 1947 634 1990 Deiparae
659 1943 735 1977 128.
757 1942 795 1975 S.
818 1941 962 1976 Ioannes

302 1994 440 2036 Evang.
485 1992 541 2026 25.
575 1987 754 2024 Michaelis
787 1986 960 2029 Archang.

303 2039 359 2072 99.
400 2036 552 2081 Sophiae
582 2035 638 2069 28.
679 2035 756 2066 101.
795 2033 839 2066 D.
865 2031 963 2065 Petri

304 2083 434 2116 Romae
459 2082 535 2116 147.

259 2127 393 2160 Terrae
417 2132 526 2160 motus
552 2124 628 2158 111.

259 2172 446 2205 Theodora
476 2171 564 2213 Aug.
607 2166 808 2201 Comitonae
849 2163 961 2198 sorori

305 2216 457 2250 deseruit
473 2215 509 2247 in
534 2212 670 2247 circulis
695 2211 750 2244 59.
783 2210 916 2242 Scenae
939 2220 960 2246 a

303 2266 412 2295 matre
434 2258 602 2293 addicitur
634 2258 691 2290 60.
734 2255 810 2288 143.
833 2254 957 2287 Mimo-

302 2318 377 2340 rum
399 2304 492 2338 socia
509 2300 800 2347 impudentissima
823 2303 856 2331 et
876 2309 957 2342 pro-

306 2350 430 2385 stibula
457 2348 610 2393 planipes
633 2347 689 2379 60.
713 2343 874 2378 meretrix
903 2344 958 2376 fa-

303 2407 418 2438 mosa,
438 2393 610 2427 devitatur
638 2392 680 2424 ab
698 2390 850 2423 omnibus
872 2387 957 2421 ibid.

302 2439 469 2474 Heceboli
489 2436 673 2471 concubina
692 2437 747 2468 63.
772 2436 827 2468 82.
842 2434 958 2467 imma-

303 2490 414 2519 turum
440 2488 573 2528 partum
596 2480 735 2523 abigere
757 2479 857 2513 solita
882 2480 959 2513 102.

303 2530 458 2564 adamata
480 2540 501 2562 a
522 2525 727 2568 lastiniam,
752 2526 792 2557 fit
813 2524 955 2568 opulen-

303 2575 435 2608 tissima
461 2573 516 2608 63.
546 2571 690 2614 Magicis
719 2569 847 2603 artibus
882 2579 955 2603 cum

303 2619 361 2652 illo
384 2619 456 2662 agit
476 2619 551 2652 127.
575 2614 832 2649 Amalasunthae
848 2614 955 2657 Regi-

302 2675 367 2697 nae
389 2669 488 2708 parat
504 2661 642 2695 exitium
672 2661 727 2694 96.
755 2659 871 2692 Prisco
901 2661 954 2692 in-

301 2709 444 2742 sidiatur
461 2708 516 2741 97.
551 2704 779 2739 Areobindum
801 2704 958 2737 famulum

304 2753 433 2787 cruciat
454 2751 540 2786 ibid.
562 2751 746 2786 Basianum
762 2748 958 2784 crudelissi-

727 142 918 188 INDEX
948 142 1009 186 IN
1033 142 1243 189 LIBRUM

1055 261 1108 284 me
1125 252 1226 284 necat
1246 251 1304 285 98.
1347 251 1532 296 Diogenem
1545 252 1708 297 ‘exagitat

1053 297 1111 330 99.
1134 295 1331 332 Callinicum
1348 297 1508 331 'Ciliciae
1530 299 1647 332 Praef.
1670 299 1707 332 in

1053 351 1187 375 crucem
1209 340 1281 383 agit
1313 341 1388 374 100.
1414 341 1573 376 loannem
1601 341 1707 376 filium

1052 385 1189 420 nothum
1217 384 1342 418 occidit
1369 386 1443 419 102.
1458 392 1504 421 ,et
1530 388 1707 421 Arsenium

1055 430 1132 464 152.
1144 431 1269 462 Buzem
1290 429 1326 462 in
1340 429 1473 464 vincula
1490 431 1629 465 coniicit
1648 432 1706 465 30.

1055 474 1241 508 Patricium
1253 474 1337 507 male
1348 471 1474 518 accipit
1493 474 1548 510 94.
1559 476 1707 519 itemque

1054 518 1232 553 Leontium
1256 530 1295 551 ac
1304 519 1521 552 Saturninum
1545 519 1621 554 104.
1637 520 1707 553 Sil·-

1054 563 1143 597 verii
1160 563 1200 596 P.
1225 575 1308 596 nece
1330 563 1570 597 reconciliatur
1597 564 1706 598 Anto-

1052 608 1154 642 ninae
1174 608 1229 642 13.
1250 607 1328 640 huic
1339 608 1498 659 amasium
1518 608 1633 642 reddit
1650 610 1705 643 27.

1052 653 1201 687 eiusdem
1236 652 1347 695 gratia
1381 651 1501 686 multos
1543 652 1708 687 interimit

1049 699 1106 732 26.
1139 697 1317 742 ipsumque
1338 696 1539 730 Belisarium
1569 697 1709 740 indigne

1051 742 1155 775 habet
1194 742 1250 775 31.
1291 741 1386 775 cuius
1426 741 1516 774 filiae
1547 746 1708 785 procurat

1051 792 1203 832 stuprum
1230 785 1286 820 40.
1314 786 1508 820 mulieribus
1544 786 1707 820 adulteris

1050 831 1284 876 patrocinatur
1303 832 1379 864 103.
1397 830 1526 864 nobiles
1541 831 1707 864 foeminas

1049 882 1153 910 vexat
1187 877 1263 910 101.
1296 875 1510 909 matrimonia
1546 875 1708 910 nobilium

1050 926 1148 955 curat
1196 920 1271 954 104.
1313 920 1456 954 Venetis
1502 920 1598 953 favet
1627 921 1707 955 100.

1050 967 1127 999 160.
1161 976 1223 998 sua
1248 964 1402 998 facinora
1429 965 1584 998 studiose
1620 965 1707 998 celat

1046 1012 1104 1045 98.
1132 1009 1328 1043 meretrices
1365 1009 1408 1043 ad
1438 1009 1608 1043 meliorem
1631 1010 1706 1042 fru-

1047 1066 1123 1098 gem
1162 1053 1271 1096 adigit
1307 1056 1382 1088 101.
1428 1054 1632 1088 Sacerdotes
1671 1058 1708 1087 et
1767 1089 1770 1092 ,

1047 1098 1265 1142 Magistratus
1294 1103 1388 1132 creat
1411 1099 1465 1133 36.
1491 1099 1619 1142 asylum
1632 1098 1705 1132 vio-

1046 1143 1094 1177 lat
1109 1145 1163 1221 2}
1179 1143 1234 1178 99.
1262 1145 1339 1177 101.
1363 1143 1398 1177 in
1420 1143 1586 1177 Heraeum
1611 1154 1708 1177 sece-

1048 1189 1096 1221 dit
1110 1189 1130 1220 9
1157 1213 1164 1220 .

1004 1233 1162 1267 Eiusdem
1206 1234 1364 1276 parentes
1402 1231 1520 1266 ursarii
1545 1232 1601 1266 58.
1637 1233 1706 1265 So-

1049 1288 1142 1311 rores
1164 1276 1245 1312 ibid.
1263 1277 1366 1310 forma
1388 1276 1536 1320 corporis
1556 1278 1612 1311 69.
1636 1288 1707 1310 mo-

1049 1333 1106 1356 res
1143 1322 1197 1354 91.
1243 1321 1392 1364 corporis
1418 1333 1497 1354 cura
1523 1322 1578 1356 92.
1610 1322 1707 1355 fami-

1051 1366 1179 1400 liaritas
1195 1377 1267 1399 cum
1287 1366 1497 1399 daemonibus
1521 1367 1576 1400 81.
1601 1366 1707 1400 fastus

1051 1413 1107 1446 92.
1134 1410 1251 1452 pedum
1267 1410 1380 1443 oscula
1393 1411 1448 1444 93.
1468 1410 1542 1445 164.
1566 1411 1708 1444 crudeli·

1053 1461 1106 1490 tas
1130 1456 1184 1488 91.
1208 1456 1261 1489 94.
1294 1455 1399 1487 odium
1439 1455 1472 1488 in
1486 1454 1632 1488 infensos
1651 1457 1706 1490 92.

1049 1500 1083 1534 in
1101 1501 1298 1533 Germanum
1314 1499 1367 1534 37.
1384 1499 1419 1531 in
1443 1499 1595 1533 loannem
1614 1500 1708 1546 Cap-

1049 1545 1205 1590 padocem
1231 1544 1302 1577 105.
1322 1543 1460 1587 epistola
1476 1544 1518 1576 ad
1530 1544 1705 1587 Zaberga-

1049 1601 1122 1623 nem
1138 1589 1192 1622 24.
1210 1588 1249 1620 ad
1265 1587 1457 1621 Belisarium
1471 1589 1526 1623 33.
1549 1590 1708 1624 somnium

1049 1634 1091 1666 de
1106 1645 1165 1666 sua
1180 1634 1316 1665 fortuna
1339 1635 1390 1666 82.
1407 1643 1521 1665 carcer
1539 1635 1592 1667 28.

1004 1678 1203 1712 Theodorus
1218 1676 1340 1709 amicus
1360 1676 1522 1720 Diogenis
1543 1679 1618 1711 100.

1004 1721 1206 1757 Theodorici
1232 1721 1336 1764 Regis
1351 1723 1384 1754 in
1396 1722 1516 1755 milites
1531 1726 1565 1756 et
1577 1733 1706 1768 paupe-

1050 1778 1103 1800 res
1118 1767 1253 1808 largitas
1274 1767 1348 1799 146.
1693 1772 1698 1777 ’

1006 1811 1214 1888 ΤΙιεοάοείΞυε
1225 1811 1368 1844 Senator
1382 1810 1423 1844 ad
1438 1821 1604 1856 praesepe
1612 1811 1705 1846 dam-

1051 1862 1147 1890 natus
1191 1857 1222 1889 6.

1005 1900 1218 1937 Theodosius
1256 1899 1439 1932 Antoninae
1469 1899 1611 1934 amasius
1625 1925 1637 1943 ,
1670 1900 1705 1934 in

1050 1946 1213 1986 baptismo
1229 1944 1270 1976 ab
1285 1943 1356 1988 ipsa
1372 1945 1548 1988 adoptatur
1573 1946 1626 1980 15.
1644 1956 1707 1979 ae·-

1049 1990 1170 2024 tarium
1186 1990 1366 2022 Ravennae
1382 1993 1416 2022 et
1430 1989 1564 2023 Africae
1579 1991 1705 2034 expilat

1052 2038 1103 2069 17.
1121 2034 1190 2067 eius
1217 2033 1363 2066 simultas
1387 2044 1457 2067 cum
1485 2034 1604 2067 Photio
1621 2035 1703 2068 ibid.

1051 2085 1087 2112 et
1101 2080 1154 2112 20.
1179 2078 1325 2119 confugit
1338 2077 1369 2109 in
1394 2078 1548 2121 templum
1570 2079 1702 2112 Ioannis

1050 2123 1184 2165 Evang.
1198 2122 1251 2155 25.
1267 2122 1305 2154 fit
1321 2121 1502 2156 Monachus
1519 2125 1572 2157 18.
1595 2125 1648 2157 An
1683 2144 1702 2149 -

1049 2168 1143 2200 ninae
1159 2166 1304 2200 redditur
1323 2167 1376 2200 27.
1394 2166 1464 2199 eius
1479 2167 1588 2201 obitus
1603 2170 1623 2202 2
1647 2193 1656 2203 .

1004 2213 1199 2246 Theodotus
1216 2210 1450 2244 Cucurbitinus
1473 2212 1583 2249 Praei.
1600 2212 1701 2247 Urbis

1045 2256 1245 2299 iniquissime
1261 2255 1389 2288 habitus
1403 2255 1457 2290 65.

1001 2301 1198 2334 Theodotus
1218 2301 1327 2333 Praef.
1351 2301 1464 2335 Praet.
1483 2301 1557 2335 123.

1001 2346 1297 2390 Thermopylarum
1314 2344 1511 2388 praesidium
1532 2345 1608 2381 147.

1002 2391 1224 2424 Tribonianus
1240 2390 1406 2429 Quaestor
1435 2391 1511 2424 117.
1542 2391 1697 2425 adulatur

1046 2435 1226 2468 Iustiniano
1248 2436 1303 2469 84.
1588 2455 1590 2464 ι
1620 2456 1623 2461 -

1002 2481 1118 2523 Tyrus
1134 2479 1267 2522 opificio
1289 2482 1323 2513 et
1335 2482 1520 2515 mercatura
1528 2478 1626 2514 serici
1640 2492 1697 2515 ce-

1041 2524 1141 2558 lebris
1157 2525 1232 2558 140.

999 2569 1195 2602 Valerianus
1215 2569 1307 2600 Rom.
1325 2566 1404 2602 dux.
1426 2568 1482 2603 23.

1003 2613 1223 2646 Vandalorum
1246 2611 1356 2645 clades
1373 2613 1447 2646 106.

1000 2658 1220 2700 vectigalium
1244 2657 1439 2690 condonatio
1462 2657 1593 2692 sublata
1621 2656 1696 2694 129.

1001 2702 1124 2737 Veneti
1166 2706 1201 2735 et
1237 2701 1364 2734 Prasini
1394 2702 1510 2747 Remp.
1544 2707 1698 2738 emunt

1047 2748 1103 2784 47.
1120 2756 1232 2782 eorum
1246 2746 1379 2781 habitus
1392 2747 1448 2783 48.
1461 2748 1556 2782 rixae
1570 2752 1606 2782 et
1619 2758 1698 2781 eae-
