1800 3126
284 135 381 182 546

287 243 434 276 Crataea
448 244 531 279 cast.
547 243 767 279 Macedoniae
780 246 860 288 280,
873 246 932 283 22.

288 288 396 321 Creas
413 292 494 323 cast.
512 288 678 323 Thraciae
692 291 771 330 308,
787 291 843 324 33.

287 331 435 376 Crepido
449 336 515 365 tem
540 333 563 366 li
584 335 658 375 186,
674 336 728 368 22.
747 334 821 374 194,
839 333 894 368 14.

287 376 498 455 Οτὲιὲςὸειὸνεί
537 378 642 422 rispas
656 383 739 412 cast.
756 378 798 412 ad
805 378 992 413 Danubium

401 446 410 462 ‚
452 446 460 454 .

288 465 462 498 Crissaeus
479 466 569 498 sinus
583 466 662 506 269,
687 466 742 500 12.

287 510 383 543 Crux
399 510 497 552 globo
523 509 676 554 imposita
691 510 771 553 quid
785 510 901 544 innuat
917 512 992 554 182,

287 597 481 640 Crynianat
510 598 588 631 vide
603 597 760 638 Cyriana.

287 643 379 675 Cuas
394 647 474 674 cast.
491 641 615 684 Illyrici
630 642 708 680 284,
723 643 780 676 36.

289 686 436 719 Cubinus
453 690 533 719 cast.
546 686 736 719 Dardaniae
751 687 828 728 281,
851 686 905 722 17.

290 730 465 763 Cucabiri:
492 732 570 764 vide
584 730 768 767 Cuscabiri.

289 775 487 807 Cucaricum
502 775 536 807 in
550 774 703 808 Armenia
723 774 804 819 254,
821 776 853 810 1.

289 818 418 852 Cuino:
447 821 525 853 vide
542 819 664 859 Quino.

290 863 418 896 Cululis
432 864 511 896 urbs
527 864 663 907 Byzacii
678 864 754 901 342.
772 864 829 898 11.

290 908 510 941 Cumarciana
525 908 834 943 casnMacedon'me
846 909 925 951 280,
942 907 996 945 15.

290 951 486 986 Cumudeba
503 958 584 987 cast.
599 953 722 995 lllyrici
736 953 814 996 284,
831 954 888 987 42.

291 997 406 1030 Cunae
420 1002 503 1030 cast.
522 997 647 1039 lllyrici
663 999 743 1038 282,
759 999 815 1031 22.

291 1040 406 1084 Cupus
425 1041 467 1073 ad
486 1042 669 1074 Danubium
686 1043 764 1082 287,
785 1043 838 1075 19.

291 1085 396 1118 Curia
407 1085 590 1127 Byzantina
603 1085 636 1117 in
652 1087 725 1118 foro
736 1088 906 1128 Augusteo
920 1086 996 1128 181,

336 1130 368 1163 8.
382 1129 579 1162 describitur
595 1131 681 1172 202,
712 1133 763 1164 10.
792 1141 834 1162 eo
861 1134 996 1163 senatus

337 1184 423 1206 anno
440 1173 575 1206 ineunte
584 1174 749 1214 convenit,
765 1180 802 1208 ut
810 1176 928 1209 festum
939 1185 998 1209 so-

338 1217 436 1250 lenne
451 1218 598 1251 celebret
612 1221 690 1262 202,
716 1221 769 1253 17.

294 1262 457 1295 euricus:
489 1264 568 1296 vide
591 1263 744 1306 Cyricus.

294 1307 503 1340 Cursazura:
521 1309 597 1340 vide
614 1308 818 1350 Cyrtuxura.

293 1350 469 1384 Cuscabiri
485 1352 538 1385 vel
552 1352 704 1386 Cucabiri
719 1358 801 1386 cast.
818 1351 996 1396 Rhodopes

339 1396 419 1436 305,
435 1397 488 1431 19.

295 1439 456 1517 Ουεσαηῖ
477 1440 531 1473 vel
555 1439 719 1474 Cuscauri
733 1444 815 1475 cast.
833 1440 999 1475 Thraciae

295 1527 460 1561 Cusculus
476 1531 556 1563 cast.
572 1529 754 1575 Rhodopes
768 1530 853 1568 305.
874 1531 931 1563 20.

296 1571 458 1649 Cuscum4
475 1573 528 1606 vel
562 1574 697 1607 Cusculi
720 1579 802 1610 cast.
833 1573 999 1608 Thraciae

342 1617 420 1657 307,
462 1618 491 1651 1.

297 1659 439 1693 Cusines
455 1663 535 1694 cast.
554 1661 742 1695 Dardaniae
755 1663 835 1703 281,
854 1662 910 1697 23.

300 1705 475 1738 Cuzusura
490 1708 572 1740 cast.
587 1708 664 1750 282,
677 1706 731 1741 44.

299 1749 439 1792 Cydnus
453 1749 574 1784 fluvius
597 1750 738 1784 Tarsum
764 1748 911 1782 interluit
924 1748 1002 1791 320,

346 1794 401 1827 13.
418 1793 559 1827 divortio
575 1795 735 1828 scinditur
759 1795 836 1834 320,
851 1794 906 1827 25.

300 1836 531 1880 Cyntodemus
547 1843 630 1872 cast.
648 1839 777 1882 Mysiae
793 1839 868 1880 292,
884 1839 917 1873 8.

300 1881 437 1925 Cynton
453 1887 535 1916 cast.
552 1883 682 1926 Mysiae
697 1885 775 1924 292,
797 1883 850 1918 13.

300 1925 439 1970 Cyprus
453 1927 557 1960 insula
581 1928 659 1971 329,
677 1929 710 1963 2.

302 1969 438 2014 Cyrene
467 1971 608 2014 Libyam
632 1971 787 2006 terminat
801 1971 877 2012 331,
888 1970 944 2006 24.

303 2013 431 2093 (3Ἔηὶ
445 2016 499 2049 vel
516 2016 634 2060 Cyrini
664 2016 896 2050 monasterium
923 2015 1002 2057 328,

305 2102 454 2146 Cyriana
467 2103 522 2137 vel
549 2104 719 2148 Cryniana
735 2107 818 2139 cast.
842 2103 1004 2138 Macedo-

348 2147 424 2180 niae
444 2149 525 2188 280,
543 2149 595 2182 19.

305 2190 448 2236 Cyricus
466 2191 518 2224 vel
548 2192 685 2226 Curious
698 2217 710 2235 ,
737 2193 826 2226 forte
840 2193 1002 2236 Corycus,

349 2235 428 2268 urbs
451 2236 527 2277 328,
543 2237 596 2270 23.

305 2279 476 2323 Cyridana
491 2285 571 2313 cast.
588 2280 756 2314 Thraciae
774 2281 851 2322 307,
866 2282 901 2316 7.

304 2324 332 2357 S
349 2324 481 2402 ,2ξέτῦΙὶ
495 2329 578 2359 cast.
601 2324 636 2358 in
661 2326 802 2370 Scythia
828 2325 870 2360 ad
885 2326 1004 2360 Istrum

305 2411 431 2455 Cyrrhi
463 2413 631 2447 castellum
668 2413 883 2449 Macedoniae
927 2416 1006 2456 280,

306 2499 513 2544 Cyrtuxura,
531 2501 584 2535 vel
603 2501 806 2546 Curtuzura,
839 2504 895 2537 vel
919 2503 1007 2537 Cur-

349 2555 491 2623 Ξαιυτει,
527 2547 694 2580 castellum
723 2547 902 2594 Rhodopes
927 2548 1006 2590 305,

308 2633 420 2677 Cyrus
444 2634 620 2668 Persarum
633 2646 693 2668 rex
714 2635 891 2669 Iustiniano
919 2636 1006 2670 inse-

355 2678 425 2711 rior
449 2680 514 2713 172
528 2705 539 2720 ‚
574 2682 628 2714 10.
656 2678 798 2715 ludaeos
821 2680 942 2715 dimisit
966 2681 1005 2715 li-

354 2722 451 2757 beros
472 2723 552 2766 242,
575 2725 627 2759 11.

908 140 1087 183 INDEX

1038 243 1150 290 Cyrus
1173 244 1252 279 urbs
1268 246 1386 291 Syriae
1406 259 1428 282 a
1452 247 1582 283 Iudaeis
1603 246 1737 286 condita

1080 290 1171 332 242,
1200 291 1232 324 8.
1262 302 1368 335 prope
1395 292 1482 327 illam
1511 293 1633 339 sepulti
1670 295 1736 330 ΞΒ.

1081 334 1220 368 cosmas
1237 339 1273 367 et
1286 336 1462 371 Damianus
1476 338 1554 380 242,
1571 340 1624 374 16.

1035 378 1193 413 Dabanas
1206 383 1290 412 cast.
1305 379 1390 414 inter
1398 381 1520 416 Duram
1535 386 1571 416 et
1585 383 1734 417 Amidam

1081 424 1159 465 222,
1185 424 1238 457 18.

1035 467 1192 546 Dapgnus
1222 468 1393 503 castellum
1433 469 1622 506 Dardaniae
1657 473 1737 513 281,

1036 556 1148 634 Βαοίῗ
1183 555 1345 633 {Ripensis
1359 581 1371 601 ,
1422 556 1513 592 unde
1562 558 1612 592 sic
1655 559 1744 594 dicta

1037 644 1225 679 Dalasarba
1255 645 1311 679 vel
1337 643 1521 679 Dalatarba
1542 649 1626 680 cast.
1650 646 1744 682 Rho-

1084 689 1187 732 dopes
1203 689 1281 730 305,
1297 690 1349 723 17.

1039 732 1224 767 Dalatarba
1251 733 1420 767 castellum
1462 732 1628 768 Thraciae
1661 735 1738 777 306,

1039 821 1210 855 Dalmatas
1233 824 1314 854 cast.
1347 820 1472 864 Illyrici
1487 821 1573 864 284,
1587 822 1644 856 31.

1038 867 1220 899 Damascus
1236 867 1315 899 urbs
1329 866 1405 906 328,
1424 867 1474 900 16.

1039 912 1078 945 S.
1105 910 1305 944 Damianos:
1334 911 1412 944 vide
1448 911 1516 945 SS.
1540 910 1680 945 Cosmus
1707 913 1743 944 et

1084 955 1273 989 Damianus.

1036 1000 1239 1034 Danedebae
1264 1002 1349 1033 cast.
1375 998 1490 1042 llyrici
1504 999 1581 1040 282,
1597 999 1653 1035 29.

1038 1043 1212 1079 Danubius
1258 1043 1316 1077 flu.
1363 1042 1471 1076 dictus
1515 1043 1616 1077 etiam
1655 1042 1743 1076 Ister

1083 1088 1149 1122 285
1165 1113 1174 1130 ,
1191 1087 1246 1122 44.
1278 1087 1361 1121 male
1377 1087 1453 1121 olim
1468 1088 1611 1122 munitus
1624 1087 1667 1121 ab
1681 1088 1744 1120 im-
1762 1115 1764 1118 .

1083 1132 1295 1177 peratoribus
1331 1132 1424 1166 Rom.
1457 1132 1523 1167 285
1542 1156 1554 1174 ,
1583 1132 1641 1167 45.
1673 1133 1743 1165 eius

1085 1181 1180 1210 ortus
1221 1179 1256 1209 et
1293 1187 1407 1210 cursus
1444 1177 1528 1217 286,
1573 1177 1629 1210 22.
1665 1177 1743 1217 266,

1085 1223 1120 1256 2.
1139 1221 1332 1254 munitiones
1351 1221 1394 1254 ad
1407 1220 1497 1254 illum
1511 1222 1624 1254 factae
1636 1231 1657 1254 a
1670 1221 1744 1253 lus-

1082 1265 1208 1299 tiniano
1248 1267 1342 1305 287,
1403 1267 1446 1298 10
1474 1283 1517 1291 -
1545 1265 1635 1306 293,
1687 1266 1742 1299 26.

1084 1310 1162 1345 307.
1182 1311 1233 1344 11.
1250 1309 1350 1354 positi
1359 1312 1449 1343 trans
1460 1308 1647 1343 Danubium
1657 1309 1744 1342 Bar-

1085 1353 1158 1387 bari
1174 1354 1250 1397 264,
1267 1355 1301 1388 9.

1041 1398 1181 1442 Daphne
1196 1398 1390 1432 Antiochiae
1403 1399 1482 1438 328,
1499 1399 1552 1432 19.
1599 1411 1601 1413 ·

1042 1443 1188 1486 Daphne
1202 1443 1373 1477 castellum
1398 1443 1440 1477 ad
1454 1441 1638 1476 Danubium
1666 1443 1743 1484 292,

1042 1531 1136 1566 Dara
1153 1541 1195 1564 ex
1216 1531 1291 1564 vico
1302 1531 1395 1564 facta
1410 1530 1488 1563 urbs
1510 1530 1552 1564 ab
1567 1529 1742 1564 Anastasio

1086 1577 1174 1617 Aug.
1206 1576 1301 1615 210,
1355 1576 1388 1608 6.
1427 1574 1553 1608 munita
1584 1586 1606 1608 a
1637 1575 1743 1608 Iusti-

1086 1620 1183 1653 niano
1216 1621 1304 1660 211,
1351 1620 1403 1654 17.
1447 1619 1601 1664 templum
1645 1620 1745 1653 habet

1090 1665 1130 1698 S.
1180 1663 1437 1696 Bartholomaeo
1487 1674 1617 1697 sacrum
1665 1663 1743 1704 214,

1089 1708 1121 1742 5.
1136 1707 1221 1748 220,
1252 1709 1304 1741 12.
1321 1712 1458 1741 eventus
1472 1707 1626 1741 mirabilis
1656 1707 1745 1741 circa

1089 1762 1216 1786 amnem
1240 1752 1318 1792 215,
1345 1752 1377 1786 5.
1416 1753 1495 1785 urbs
1523 1753 1602 1786 haec
1628 1763 1744 1797 parum

1091 1796 1188 1830 abest
1204 1796 1466 1841 Theodosiopoli
1483 1798 1550 1831 216
1562 1820 1573 1838 ,
1602 1796 1636 1831 3.
1659 1797 1747 1831 frus-

1090 1845 1145 1874 tra
1182 1850 1202 1873 a
1230 1841 1399 1874 Mirrhane
1431 1846 1466 1876 et
1507 1841 1657 1875 chosroe
1683 1841 1747 1875 ob-

1091 1895 1184 1920 sessa
1213 1885 1312 1938 216,
1337 1886 1378 1920 19
1406 1889 1440 1919 et
1469 1885 1525 1939 21.
1555 1886 1662 1931 qualis
1684 1897 1747 1929 ag—

1092 1929 1543 2008 Ξῖξωιῖρζοῖιῖῗὲεαεὲῑῗὶῗῑῗὶ
1554 1931 1646 2018 239,
1660 1955 1672 1973 ’
1685 1933 1746 2009 asi:

1091 2022 1247 2096 {Calantum
1291 2018 1390 2052 distet
1425 2029 1446 2052 a
1474 2018 1627 2053 Rhabdio
1666 2021 1746 2061 220,

1046 2104 1236 2140 Dardaniae
1253 2105 1404 2140 aedificia
1432 2107 1510 2151 266,
1535 2107 1590 2142 13.
1620 2106 1746 2141 castel-

1046 2151 1247 2238 Dalssdassga‘iai
1259 2151 1346 2230 ωῗῗζ
1367 2194 1554 2230 Dardaniae
1577 2195 1654 2238 281,
1685 2195 1742 2230 32.

1091 2239 1124 2271 in
1171 2249 1251 2282 agro
1282 2239 1526 2274 Remesianaio
1559 2239 1626 2275 284
1644 2263 1654 2278 ,
1689 2240 1743 2275 52.

1047 2284 1219 2317 Dausaron
1269 2283 1440 2319 castellum
1487 2284 1744 2328 Mesopotamiae

1048 2329 1253 2408 Dessbzri’caist.
1269 2371 1437 2406 Thraciae
1450 2372 1534 2415 306,
1555 2372 1611 2408 50.

1049 2416 1285 2494 Debrera4vel
1315 2417 1465 2451 Derbera
1504 2423 1587 2453 cast.
1617 2415 1745 2461 Illyrici

1049 2486 1214 2550 Deipaiae
1235 2505 1389 2550 templum
1403 2505 1437 2539 in
1450 2505 1644 2540 Blachernis
1669 2503 1746 2546 184,

1094 2551 1125 2586 8.
1161 2549 1244 2590 193,
1273 2550 1306 2583 9.
1339 2550 1381 2583 ad
1416 2550 1556 2584 Fontem
1589 2549 1664 2590 184,
1685 2551 1743 2583 20.

1092 2595 1127 2628 in
1157 2594 1290 2627 Heraea
1319 2595 1394 2635 185,
1425 2597 1477 2631 11.
1505 2595 1539 2631 in
1564 2594 1664 2630 Asiae
1687 2593 1745 2626 lit-

1093 2642 1167 2672 tore
1192 2639 1255 2671 199
1269 2663 1279 2680 ‚
1305 2639 1337 2672 6.
1377 2638 1572 2674 Antiochiae
1591 2638 1671 2680 241,
1688 2638 1744 2672 17.

1093 2682 1353 2727 Theodosiopoli
1376 2683 1454 2724 253,
1478 2685 1532 2719 22.
1548 2682 1747 2724 Hierosoly-

1092 2727 1154 2763 mis
1168 2728 1233 2764 321
1244 2752 1256 2770 ,
1279 2729 1312 2764 7.
1334 2727 1369 2763 in
1383 2733 1492 2764 monte
1506 2729 1653 2765 Garizim
1665 2725 1745 2768 325,
