1800 3126
303 133 398 179 572

301 239 462 274 lidericus
491 240 680 287 Vandalus,
702 242 881 278 Iustiniano
904 254 1000 278 carus

346 286 421 319 443.

302 330 414 373 Imago
427 329 599 365 Iustiniani
615 333 692 367 376.
708 332 908 368 Theodorae
921 335 1001 371 395.

347 375 563 417 Imperatoria
584 377 659 410 428.

297 418 519 463 Imperatores
539 421 593 463 qui
611 419 804 465 ταξιὸάραι
818 421 898 456 dicti
919 425 998 459 362.

345 464 527 496 Christiani
543 465 609 506 τῆς
630 467 738 506 θείας
766 465 895 508 λήξεως
919 469 997 503 424.

341 508 394 541 Ρίἰ
418 508 458 540 ab
485 509 650 542 Antonino
676 511 734 544 Pio
765 512 841 544 ibid.
866 512 998 546 Domini

341 557 506 585 vocantur
524 553 565 586 ab
576 554 819 589 Ecclesiasticis
834 557 912 591 394.
931 558 997 589 La-

289 609 292 612 *
340 596 409 629 tine
430 596 604 639 loquuntur
629 600 704 633 427.
724 601 840 634 Latine
850 602 997 635 subscri-

340 642 422 673 bunt
440 642 518 676 366.
547 654 612 686 quo
629 645 741 678 colore
757 646 905 679 scribunt
918 648 997 682 367.

339 685 482 718 rebelles
514 687 554 719 ad
587 689 817 723 Sacerdotium
860 692 997 735 adigunt

338 730 417 763 433.
433 730 490 774 qui
505 732 661 774 Venetis,
693 734 749 778 qui
773 735 922 769 Prasinis
942 738 997 770 fa-

338 773 449 807 verint
481 777 546 809 381
587 778 642 820 qui
681 780 818 812 barbam
854 780 997 814 raserint

338 819 417 853 875.
452 819 515 853 illis
548 821 760 857 Patriarchae
798 825 998 859 benedicunt

338 864 418 896 467.
444 865 573 898 nomina
598 878 656 910 pro
680 869 782 911 gradu
800 896 810 912 ‚
847 881 909 902 non
935 882 995 914 pro

338 907 455 940 merito
472 909 658 944 tribuuntur
671 914 749 947 424.
767 925 808 946 an
825 914 996 948 Ecclesia-

339 952 414 984 stici
426 953 659 988 deosculentur
671 958 769 999 pedes
780 958 857 993 467.
870 959 996 993 Eorum

339 996 456 1030 electio
464 1010 483 1030 a
493 999 697 1035 Patriarchis
710 1003 902 1037 confirmata
917 1003 994 1038 394.

338 1040 430 1083 leges
460 1054 517 1075 cur
555 1049 695 1088 utraque
719 1046 831 1088 lingua.
850 1049 996 1092 scriptae

287 1122 289 1125 ¹
338 1086 416 1119 427.
441 1086 514 1120 loca
529 1088 713 1123 deliciarum
728 1090 806 1126 430.

294 1128 511 1173 Imperatoria
550 1133 663 1167 domus
701 1136 850 1170 continet
886 1148 999 1172 omnes

340 1174 557 1217 Magistratus
572 1179 649 1212 430.

293 1217 470 1262 Imperium
486 1222 666 1256 Romanum
684 1224 813 1267 quando
837 1225 902 1259 dici
919 1237 997 1260 coe-

340 1264 390 1307 pit
405 1266 610 1300 Graecorum
627 1269 706 1302 455.

290 1306 463 1386 Imlpggitio
493 1311 569 1355 quid
601 1317 637 1346 et
662 1312 736 1357 quis
775 1314 848 1349 eius
880 1320 996 1349 auctor

291 1395 478 1432 Incendium
506 1401 543 1433 S.
574 1401 722 1446 Sophiae
744 1405 779 1436 et
800 1402 995 1438 Nosocomii

337 1442 528 1486 Sampsonis
542 1446 622 1480 355.

288 1485 411 1564 haam
445 1490 621 1531 meretrix,
662 1491 862 1526 Theodorae
890 1493 995 1527 amica

287 1575 524 1619 Inscriptiones
546 1578 652 1611 falsae
675 1579 708 1612 in
733 1580 857 1613 Codice
871 1583 948 1615 386.

287 1619 522 1663 Interpretatio
539 1623 701 1656 nominum
713 1631 748 1657 et
763 1626 992 1668 cognominum

287 1707 421 1742 Ioannis
446 1712 561 1753 Apost.
579 1712 734 1756 templum
754 1713 880 1757 Ephesi
895 1714 975 1750 353.

287 1753 428 1786 Ioannes
447 1755 557 1787 Basilii
573 1756 658 1788 filius
674 1759 752 1791 410.

287 1798 427 1831 Ioannes
446 1799 665 1844 Cappadoces
682 1801 746 1834 duo
761 1802 823 1835 sub
834 1802 992 1837 Iustinia-

334 1854 374 1875 uo
390 1845 467 1878 370.

286 1886 430 1921 Ioannes
461 1888 547 1921 alter
579 1889 761 1933 Cappadox
798 1891 993 1925 Patriarcha

333 1932 404 1964 ΟΡ.
429 1933 551 1976 primus
581 1935 820 1968 Oecumenicus
845 1936 926 1971 ibid.
957 1942 993 1971 et

289 2021 430 2054 Ioannes
444 2022 530 2054 alter
545 2022 727 2067 Cappadox
743 2025 854 2057 Praef.
876 2025 989 2059 Praet.

333 2066 410 2101 352.
429 2066 591 2099 Ethnicus
606 2070 684 2102 408.
710 2069 878 2102 dissuadet
892 2070 992 2103 Iusti-

334 2109 430 2142 niano
448 2112 688 2153 expeditionem
707 2113 892 2146 Africanam
913 2116 990 2150 449.

332 2155 407 2187 eius
442 2156 657 2189 Praefectura
694 2157 879 2190 decennalis
907 2159 987 2191 ibid.

332 2198 456 2231 invitus
472 2200 511 2232 fit
526 2201 706 2243 Sacerdos,
737 2213 776 2234 ac
800 2202 989 2235 denomina-

333 2246 388 2276 tur
403 2244 523 2276 Petrus
539 2246 613 2278 352.
625 2247 702 2280 433.
721 2246 786 2287 hic,
819 2258 885 2279 non
900 2248 989 2280 Beli-

331 2287 449 2330 sarius,
466 2289 580 2321 obolos
596 2291 792 2323 mendicavit
807 2292 885 2326 356.

286 2332 430 2366 Ioannes
477 2333 701 2368 Coccorobius
741 2336 854 2370 Praef.
900 2336 990 2371 urbis

278 2422 427 2455 {oannes
444 2422 575 2456 Gibbus
595 2424 673 2458 363.

285 2467 425 2500 Ioannes
444 2468 576 2509 Helue,
606 2469 739 2501 Graece
766 2467 886 2512 φαγάς
909 2470 988 2505 355.

286 2511 426 2544 loannes
443 2512 643 2556 Pati-iambe,
660 2513 875 2548 Chalcedonii
901 2515 989 2548 filius

332 2556 546 2590 iustinianum
575 2557 662 2591 inter
693 2558 832 2592 Sanctus
875 2560 990 2593 retulit

287 2646 428 2679 Ioannes
441 2646 590 2691 Pompeii
605 2647 705 2689 filius,
722 2647 898 2681 Proiectae
919 2660 989 2683 ma-

338 2690 420 2723 ritus
442 2692 520 2725 419.

289 2734 428 2769 Ioannes
448 2735 648 2771 Theodorae
669 2736 757 2771 filius
771 2737 891 2771 nothus
913 2737 992 2774 418.

762 166 765 168 -
809 138 989 181 INDEX
1011 137 1069 181 lN
1101 139 1286 184 mons
1312 127 1317 131 ’

1043 241 1186 276 Ioannes
1196 243 1339 278 eiusdem
1348 245 1547 282 Theodorae
1555 259 1660 293 nepos
1667 250 1746 285 379.

1042 287 1185 321 loannes
1209 299 1249 321 ac
1271 289 1468 326 Theodorus
1491 298 1608 327 contra
1625 295 1743 328 Sama-

1085 332 1170 364 ritas
1197 333 1275 367 407.

1043 376 1182 410 Ioannes
1203 377 1427 411 Scholasticus
1452 378 1650 414 Patriarcha
1673 381 1731 415 ΟΡ

1089 421 1332 454 Nomocanonis
1345 428 1462 456 auctor
1478 425 1556 458 464.

1041 464 1181 498 Ioannes
1198 466 1365 499 Sisinnioli
1386 467 1474 501 filius
1488 469 1567 502 359.

1041 510 1208 543 loannesV
1216 511 1342 544 italiani
1351 522 1462 555 nepos,
1476 511 1518 544 ad
1529 512 1743 549 lastinianum

1086 565 1107 586 a
1117 554 1276 588 Belisario
1294 555 1412 589 missus
1427 556 1504 591 358.
1513 556 1658 592 Iustinae
1672 571 1742 593 ma·-

1084 598 1167 631 ritus
1187 600 1265 634 420.

1039 642 1194 676 Ioannina
1227 643 1377 677 Belisarii
1413 642 1482 676 filia
1519 644 1595 681 349.
1649 647 1742 682 Ana-

1085 688 1188 722 stasio
1213 688 1412 722 Theodorae
1427 687 1541 732 nepoti
1556 690 1742 735 desponde·

1085 735 1141 765 tur
1154 733 1222 765 ibid
1253 738 1287 766 et
1309 733 1386 766 418.

1039 776 1196 810 Irenaeus
1223 777 1301 812 465.

1039 822 1195 855 Irenaeus
1226 821 1408 856 Pentadiae
1434 819 1603 855 Patricius
1625 824 1741 858 contra

1086 866 1269 900 Sainaritas
1288 868 1427 902 mittitur
1450 866 1528 902 407.

1040 910 1215 953 Isdigunas
1230 913 1406 945 Persarum
1427 909 1556 952 legatus
1569 910 1650 947 426.

1039 955 1135 988 Italia
1151 956 1253 989 maior
1277 967 1373 1000 quam
1389 955 1502 987 Africa
1517 955 1594 990 437.

1039 1000 1273 1033 Iucundianum
1294 1000 1392 1034 hodie
1407 998 1532 1031 Galata
1546 1000 1623 1034 461.

1039 1044 1164 1078 Iuliana
1178 1045 1292 1078 Anicia
1308 1043 1433 1077 deludit
1448 1042 1618 1077 avaritiam
1638 1044 1741 1079 Iusti-

1086 1088 1174 1121 niani
1189 1089 1250 1122 XL
1267 1091 1345 1124 377.

1040 1132 1160 1166 Iuliani
1174 1136 1359 1178 Apostatae
1379 1131 1537 1167 nomisma
1552 1131 1740 1167 vindicatur

1038 1220 1184 1255 Iulianus
1195 1222 1429 1256 Samaritarum
1439 1222 1506 1258 dux
1518 1223 1599 1262 407.

1040 1266 1186 1300 lulianus
1203 1269 1317 1301 Praei.
1334 1268 1425 1300 urbis
1438 1270 1518 1304 383.

1039 1311 1164 1344 Iunilus
1181 1313 1272 1351 Afer,
1289 1312 1454 1351 Quaestor
1469 1314 1546 1348 446.

1039 1356 1219 1389 iuramenti
1235 1357 1341 1390 forma
1355 1356 1431 1392 450.

1039 1400 1279 1442 Iurisconsulti,
1295 1401 1352 1444 qui
1364 1402 1448 1434 hanc
1466 1401 1648 1437 Historiam
1665 1414 1740 1448 ‚non

1083 1447 1271 1489 probabunt
1286 1448 1340 1480 11.
1414 1453 1422 1458 ‘

1037 1489 1162 1522 Iustina
1184 1490 1342 1524 Germani
1355 1489 1425 1522 filia
1447 1490 1524 1524 420.

1037 1534 1236 1567 Iustinianus
1253 1534 1411 1567 Germani
1433 1534 1520 1567 filius
1533 1533 1611 1570 420.

1037 1578 1239 1612 Iustinianus
1251 1580 1329 1622 imp.
1346 1578 1476 1622 Illyrice
1486 1578 1643 1622 Uprauda
1657 1579 1739 1615 418.

1080 1623 1196 1655 lustiui
1213 1635 1253 1656 ex
1284 1635 1396 1656 sorore
1411 1633 1516 1668 nepos
1533 1624 1609 1657 418.
1640 1625 1736 1657 modo

1078 1664 1234 1709 ἀνεψιὸς
1247 1667 1332 1700 illius
1345 1667 1451 1700 dictus
1465 1691 1476 1708 ‚
1519 1667 1615 1700 modo
1631 1666 1738 1702 ἁδελ-

1082 1711 1216 1754 φιὸοὗς
1234 1712 1308 1746 368.
1325 1711 1483 1745 Tauresii
1498 1717 1605 1754 natus,
1627 1713 1736 1746 Bede-

1078 1757 1171 1790 rinae
1185 1757 1270 1788 altus
1293 1757 1371 1792 361.
1394 1757 1492 1789 obses
1513 1757 1600 1800 apud
1621 1757 1738 1791 Theo—

1080 1800 1225 1833 doricum
1262 1812 1374 1844 regem
1421 1801 1622 1834 Gotthornm
1658 1803 1736 1837 383.

1081 1846 1254 1878 candidata
1291 1845 1406 1879 militia
1443 1846 1574 1889 quando
1603 1847 1737 1881 functus

1081 1890 1159 1924 363.
1182 1890 1312 1933 quando
1345 1890 1528 1934 appellatus
1556 1890 1737 1924 Nobilissi-

1081 1946 1152 1968 mus
1173 1935 1250 1968 390.
1275 1935 1469 1968 Praefectus
1493 1934 1646 1977 militiae,
1675 1947 1735 1968 an-

1079 1985 1211 2022 tequam
1234 1979 1359 2012 Caesar
1378 1981 1454 2013 371.
1476 1979 1624 2012 succedit
1639 1980 1736 2014 Vita-

1080 2024 1167 2058 liano
1205 2023 1282 2056 ibid.
1322 2024 1452 2067 quando
1489 2031 1622 2056 creatus
1646 2025 1734 2058 Cae-

1078 2079 1134 2102 sar
1155 2069 1231 2101 390.
1266 2075 1367 2111 quoto
1390 2068 1509 2101 aetatis
1538 2079 1624 2101 anno
1652 2069 1732 2103 363.

1078 2123 1121 2146 an
1145 2112 1249 2145 invito
1274 2112 1398 2145 Iustino
1413 2113 1490 2146 391.
1508 2113 1607 2146 sumit
1627 2113 1735 2157 impe-

1077 2157 1160 2189 rium
1195 2157 1272 2191 368.
1303 2168 1344 2190 an
1383 2157 1542 2200 collegam
1581 2158 1734 2191 habuerit

1076 2203 1151 2236 393.
1181 2201 1261 2237 439.
1279 2201 1414 2235 consilia
1447 2212 1519 2235 cum
1553 2202 1734 2236 Theodora

1078 2245 1295 2279 communicat
1334 2247 1412 2280 395.
1460 2246 1497 2280 in
1529 2247 1732 2291 propinquos

1078 2291 1184 2334 qualis
1199 2291 1275 2324 451.
1291 2291 1510 2333 Magistratus
1526 2296 1631 2338 mutat
1651 2293 1731 2327 397.

1079 2335 1294 2368 Consulatum
1307 2335 1420 2369 abolet
1433 2336 1509 2370 459.
1538 2337 1732 2370 Praefectu-

1079 2391 1135 2414 ras
1169 2378 1282 2412 vendit
1319 2384 1354 2412 et
1379 2380 1420 2413 ad
1474 2391 1532 2413 eas
1553 2381 1732 2414 sceleratos

1078 2428 1253 2470 promovet
1281 2423 1355 2457 450.
1374 2424 1512 2458 Militem
1530 2425 1670 2468 negligit
1692 2437 1733 2459 ac

1078 2469 1250 2513 stipendiis
1287 2469 1419 2502 fraudat
1447 2469 1524 2503 456.
1565 2471 1732 2503 Romanos

1077 2514 1191 2547 Persis
1206 2513 1397 2546 tributarios
1411 2514 1491 2546 facit
1504 2513 1580 2548 402.
1605 2516 1731 2548 Barba-

1078 2570 1132 2592 ros
1149 2558 1233 2591 inter
1249 2569 1285 2591 se
1301 2558 1475 2591 committit
1496 2559 1574 2592 400.
1596 2558 1731 2602 sangui-

1076 2603 1188 2637 narius
1210 2602 1286 2636 414.
1299 2603 1453 2647 praemiis
1467 2603 1622 2638 factiosos
1637 2606 1732 2639 fovet

1077 2648 1154 2682 374.
1186 2648 1361 2681 Persarum
1382 2647 1729 2692 interpretem-eonvi-

1077 2692 1133 2725 vio
1157 2691 1282 2736 excipit
1302 2693 1380 2726 426.
1415 2692 1550 2736 Illyrice
1567 2693 1729 2738 “loquitur

1079 2737 1157 2773 427.
1171 2736 1277 2781 legem
1291 2737 1333 2772 de
1363 2737 1575 2773 Saeniani-um
1611 2739 1734 2784 nuptiis
