1858 3126
348 157 442 203 178
929 155 1190 198 PROCOPII

341 268 441 323 βολὴ
466 269 507 310 ἓν
528 264 757 325 τετραγώνῳ
778 265 1056 320 διαπεπόνηται
1065 297 1078 317 ,
1112 271 1290 323 σκληρῶν
1306 267 1377 321 μὲν
1399 263 1538 323 φύσιν,
1571 266 1754 323 ἐργασίαν

344 337 389 379 δὲ
417 337 551 378 λείων·
586 335 753 388 ε’κτομὴν
783 334 839 384 δὲ,
875 336 906 375 εἶ
929 335 1000 386 μὲν
1029 333 1080 375 τὰ
1109 333 1327 389 προῦχοντα
1360 338 1558 376 ποιεῖσθαι
1583 338 1661 374 τῶν
1684 338 1754 374 τοῦ

342 401 470 459 λόφου
488 406 665 459 πλευρῶν
686 403 882 454 μέλλοιεν,
916 401 1128 456 ε’γγωνίων,
1162 403 1195 442 εἲ
1221 402 1262 442 δὲ
1279 401 1350 454 τὴν
1369 401 1515 453 μεταξὺ
1537 399 1755 454 κεκλήρων-

341 486 407 511 ται
427 468 584 524 χώραν,
618 471 658 510 ἐν
678 465 947 524 τετραπλεύρῳ
970 468 1241 522 γεγενημένων.
1306 466 1524 522 συνήρμοσε
1548 467 1591 507 δὲ
1613 466 1756 514 αὐτοὺς

342 537 388 578 οὗ
408 538 583 585 τίτανος,
617 534 736 589 ἥνπερ
760 533 951 586 ἄσβεστον
977 533 1254 587 ὀνομάζουσιν,
1290 534 1359 575 οὒκ
1382 533 1596 589 ἄσφαλτος,
1629 531 1655 587 ἢ
1678 536 1787 573 ,Se-5

341 601 555 657 μιράμιὸος
576 603 615 642 ἓν
635 603 848 652 Βαβυλῶνι
867 603 1083 656 φιλοτιμία,
1114 601 1185 642 οὐκ
1209 600 1304 641 ἄλλο
1327 604 1478 642 τοιοῦτο
1500 600 1626 650 οὐδέν,
1656 599 1756 640 ἀλλὰ

250 675 280 710 P
302 676 324 710 8
342 668 519 723 μόλυβος
541 669 580 716 ἐς
610 669 734 719 τέλμα
759 669 914 719 χυθεὶς,
947 670 1012 709 καὶ
1036 667 1182 721 μεταξὺ
1211 664 1428 720 πανταχόσε
1453 664 1653 720 χωρήσας,
1679 670 1756 707 τῶν

339 752 381 778 τε
413 737 539 775 λίθων
564 737 611 788 τῇ
637 731 808 792 ἁρμονία
838 735 1047 788 ε’ντετηκώς
1078 737 1143 776 καὶ
1178 734 1349 776 συνδέων
1386 731 1568 786 ἀλλήλοις
1600 731 1756 780 αὐτούς.

339 804 456 844 τοῦτο
482 801 554 854 μὲν
583 794 652 842 οὖν
677 799 800 855 ταύτῃ
832 802 1084 857 ἐξείργασται.
1151 803 1211 842 ἐπὶ
1234 802 1284 842 τὰ
1303 797 1510 852 λειπόμενα
1532 800 1574 840 δὲ
1592 803 1660 840 τοῦ
1683 798 1757 840 νεὼ

340 867 473 921 ἴωμεν.
535 870 675 923 χρυσῷ
705 868 777 920 μὲν
809 867 1010 924 ἄκιβδήλῳ
1039 869 1287 921 κατείληπται
1317 865 1344 920 ἡ
1370 866 1498 923 ὀροφὴ
1524 870 1658 916 πᾶσα,
1693 883 1756 906 κε-
1770 870 1811 902 10

345 938 519 991 ραννῢσα
543 933 612 975 τὸν
644 931 795 987 κόμπον
823 939 882 991 τῷ
913 934 1069 986 κάλλει,
1101 940 1190 993 νικᾷ
1224 935 1354 986 μέντοι
1391 931 1418 986 ἦ
1453 934 1495 974 ἐκ
1524 936 1603 974 τῶν
1633 933 1758 974 λίθων

343 1002 444 1056 αὐγὴ
465 998 817 1056 ἀπαστράπτουσα
836 1006 894 1058 τῷ
914 1006 1064 1059 χρυσῷ.
1122 1004 1239 1044 στοαί
1257 1002 1301 1042 τέ
1319 1002 1414 1042 εἰσιν
1436 997 1652 1055 ἑκατέρωθι
1673 998 1758 1048 δύο,

341 1069 571 1121 οῗκοδομίαν
594 1068 665 1120 μὲν
694 1071 766 1108 τοῦ
787 1069 862 1109 νεὼ
888 1069 1073 1121 οὗὸἐμιάν
1105 1067 1384 1124 διειργόμεναι,
1419 1065 1519 1107 ἀλλὰ
1541 1067 1606 1106 καὶ
1628 1067 1759 1118 μεῖζον
1815 1111 1817 1115 ¹

341 1135 464 1176 αὗτοῦ
493 1138 676 1175 ποιοῦσαι
704 1137 775 1174 τοῦ
799 1133 938 1190 εὔρους
962 1135 1006 1176 τὸ
1031 1135 1195 1188 μέτρον,
1229 1136 1368 1190 καὶτῷ
1387 1131 1502 1186 μήκει
1521 1134 1635 1188 μέχρι
1656 1134 1696 1181 ἒς
1712 1132 1756 1173 τὸ

341 1201 464 1256 πέρας
486 1198 836 1252 ξυνεξικνούμεναι,
870 1201 915 1241 τὸ
942 1201 987 1242 δέ
1011 1217 1054 1256 γε
1082 1201 1189 1253 ὕψος
1212 1201 1522 1254 καταδεέστεραι.
1584 1201 1653 1239 καὶ
1684 1199 1756 1240 αὐ·
1769 1211 1811 1246 15

338 1274 427 1317 ταῖς
449 1265 536 1321 ἣτε
557 1266 685 1322 ὀροφὴ
707 1264 832 1316 θόλος
858 1268 924 1308 καὶ
947 1265 967 1308 ὅ
984 1268 1134 1323 χρυσὸς
1157 1266 1471 1321 ἒγκαλλώπισμα.
1536 1264 1698 1307 ταύταιν
1717 1266 1760 1306 δὲ

292 1344 321 1380 Β
341 1341 428 1376 ταῖν
453 1339 588 1376 στοαΐν
618 1331 740 1388 ἁτέρα
768 1333 841 1385 μὲν
869 1333 963 1382 τοὺς
988 1333 1138 1388 ἄνδρας
1173 1334 1404 1386 εὐχομένους
1439 1330 1760 1387 διακεκλήρωται,

337 1402 490 1457 γυναιξὶ
520 1401 563 1442 δὲ
589 1400 709 1442 ταύτὸ
732 1400 983 1453 ποιουμέναις
1004 1398 1030 1454 ἦ
1054 1399 1152 1454 ἄλλη
1178 1400 1339 1441 ἀνεῖται.
1405 1398 1612 1454 παραλλὰξ
1630 1399 1674 1439 δὲ
1690 1399 1759 1440 οὐ·

339 1469 405 1510 δέν
424 1467 597 1521 ἔχουσιν,
632 1466 724 1508 οὐδὲ
749 1467 982 1522 διαφέρουσι
1007 1465 1134 1520 δήπου
1158 1466 1367 1519 ἇλλήλαιν,
1401 1465 1503 1506 ἀλλὰ
1519 1466 1585 1506 καὶ
1608 1465 1654 1507 τὸ
1674 1465 1761 1507 ἴσον

337 1535 478 1577 αὐταῖν
508 1538 563 1590 τῷ
594 1534 686 1589 ἱερῷ
719 1535 758 1582 ἒς
790 1531 934 1582 κάλλος
960 1532 1083 1587 διήκει
1111 1535 1175 1574 καὶ
1202 1531 1357 1588 ὥρα·ί·ζει
1378 1532 1424 1573 τὸ
1456 1532 1634 1588 ἐμφερές.
1698 1534 1812 1581 τίςρο

338 1601 387 1644 ἂν
417 1605 496 1643 τῶν
520 1598 709 1656 ὑπερῴων
736 1604 807 1653 τῆς
825 1601 1139 1654 γυναικωνίτιδος
1164 1598 1352 1655 ἑρμηνεὺς
1371 1599 1540 1652 γένοιτο,
1573 1598 1599 1652 ἢ
1623 1597 1695 1648 τάς
1715 1616 1757 1641 τε

338 1671 593 1721 παμπληθεῖς
622 1669 792 1720 διηγοῖτο
822 1667 942 1716 στοὰς
969 1668 1035 1708 καὶ
1071 1667 1143 1716 τὰς
1172 1665 1427 1722 περιστύλους
1457 1665 1603 1715 αὐλὰς,
1639 1663 1704 1715 αἷς
1735 1664 1756 1707 ὅ

338 1736 434 1784 νεὼς
449 1734 726 1790 περιβέβληται
736 1752 750 1786 ,·
770 1735 828 1782 τίς
849 1735 890 1775 δὲ
906 1738 985 1775 τῶν
1002 1750 1044 1775 τε
1068 1732 1206 1774 κιόνων
1223 1735 1287 1774 καὶ
1305 1734 1429 1774 λίθων
1447 1731 1756 1787 ὁιαριθμήσαιτο

339 1802 413 1856 τὴν
443 1801 694 1857 εὐπρέπειαν,
729 1797 788 1851 οἷς
812 1800 856 1842 τὸ
885 1800 988 1857 ἱερὸν
1009 1798 1342 1854 κεκαλλώπισται,·
1376 1800 1536 1852 λειμῶνί
1549 1815 1608 1848 τις
1630 1799 1678 1841 ἂν
1694 1801 1758 1843 ἐν·

430 1928 485 1964 11.
504 1926 663 1971 κόμπον]
680 1927 816 1972 κόσμον
837 1927 884 1963 Η.
1020 1929 1074 1964 12.
1098 1926 1310 1974 ἑκατέρωθι]
1336 1925 1559 1973 ἑκατέρωθεν
1578 1925 1624 1961 Η.

338 2041 418 2072 tura
440 2037 593 2071 duritiem
606 2063 616 2080 ‚
640 2049 694 2072 ars
708 2039 875 2072 laevorem
890 2038 998 2081 dedit,
1020 2039 1069 2073 ita
1086 2039 1212 2080 caesis,
1236 2042 1274 2072 ut
1287 2038 1310 2072 ii
1325 2038 1474 2084 quidem,
1497 2037 1555 2083 qui
1579 2037 1759 2072 eminentiis

338 2083 478 2117 laterum
494 2083 650 2127 cuiusque
664 2083 749 2126 pilae
765 2083 920 2117 destinati
936 2087 1051 2125 erant,
1069 2084 1215 2128 angulati
1231 2083 1318 2125 sintg
1347 2082 1497 2127 quadrati
1521 2093 1622 2124 vero,
1646 2083 1702 2127 qui
1723 2083 1757 2116 in

338 2128 446 2161 medio
463 2127 591 2161 sedent.
636 2127 716 2161 Illos
743 2133 953 2172 coagmentat
975 2139 1041 2162 non
1057 2129 1150 2170 calx,
1185 2139 1281 2172 quam
1296 2128 1405 2161 vivam
1421 2133 1455 2161 et
1469 2127 1680 2161 inextinctam
1695 2139 1758 2160 vo-

339 2176 435 2211 cant;
458 2182 524 2205 non
539 2172 705 2211 bitumen,
728 2183 794 2217 quo
813 2172 986 2207 ambitiose
1001 2173 1190 2206 Semiramis
1216 2184 1275 2206 usa
1292 2177 1343 2206 est
1359 2172 1550 2216 Babylone;
1574 2172 1651 2206 nibil
1667 2172 1757 2206 aliud

336 2216 451 2251 eiusce
473 2217 625 2260 generis;
648 2216 708 2250 sed
735 2218 922 2262 plumbum3
946 2218 1035 2262 quod
1062 2218 1186 2251 lacunis
1213 2218 1373 2260 infusum,
1404 2216 1509 2250 omnia
1532 2221 1680 2262 permeat
1704 2217 1757 2250 in·-

336 2261 501 2303 tersfitia,
524 2261 742 2306 illapsumque
765 2262 924 2295 iuncturis
945 2262 1091 2306 lapidum
1113 2263 1202 2306 ipsos
1223 2262 1335 2295 nectit.
1393 2261 1487 2296 Haec
1507 2260 1555 2294 ibi
1576 2261 1756 2295 observata.

335 2305 486 2340 fabricae
506 2307 610 2340 ratio.-
635 2317 720 2339 nunc
743 2307 785 2340 ad
812 2307 959 2351 reliquas
981 2307 1095 2352 templi
1114 2311 1226 2351 partes
1243 2317 1426 2351 pergamus.
1469 2307 1560 2340 Tota
1575 2316 1656 2340 auro
1671 2316 1754 2351 puro

335 2350 419 2384 illita
442 2351 680 2384 concameratio
699 2350 870 2384 admistam
897 2351 999 2386 habet
1019 2352 1249 2397 pulchritudini
1274 2361 1441 2396 pompam;
1466 2361 1578 2384 aurum
1596 2362 1756 2384 marmora

335 2394 466 2428 aemulo
489 2395 621 2439 fulgore
641 2395 786 2429 vincunt.
834 2396 1020 2440 Utrumque
1042 2397 1130 2430 latus
1150 2397 1233 2430 duae
1255 2396 1400 2440 porticus
1415 2395 1572 2436 ambiunt,
1593 2396 1675 2429 adeo
1689 2407 1755 2428 non

336 2439 554 2484 dissepientes
569 2445 768 2473 structuram
782 2442 905 2485 templi,
928 2447 965 2474 ut
979 2442 1088 2486 potius
1103 2441 1305 2475 latitudinem
1322 2440 1393 2476 eius
1407 2439 1571 2483 amplient,
1594 2440 1667 2483 pari
1681 2440 1754 2484 qui-

336 2484 410 2517 dem
435 2495 507 2517 cum
533 2485 605 2528 ipso
625 2484 827 2528 longitudine
849 2486 891 2519 ad
913 2491 1060 2520 extrema
1086 2490 1272 2531 porrectae,
1293 2484 1352 2518 aed
1378 2484 1548 2518 altitudine
1569 2485 1752 2518 inferiores.

337 2528 534 2562 Cameratae
556 2534 658 2573 atque
681 2540 760 2563 auro
785 2529 928 2563 decorae
946 2535 1042 2564 sunt:
1067 2532 1172 2565 altera
1186 2529 1392 2573 precantibus
1408 2529 1487 2562 viris
1502 2529 1682 2572 assignata,
1703 2529 1750 2562 al-

336 2577 412 2607 tera
433 2573 601 2613 foemini33
625 2573 703 2606 nihil
726 2575 847 2607 habent
870 2574 1042 2618 disparile,
1067 2575 1144 2609 nihil
1171 2575 1345 2608 diversum.
1391 2573 1465 2607 Nec
1488 2585 1603 2617 parum
1622 2575 1752 2608 confert

333 2617 377 2651 ad
403 2617 518 2662 templi
542 2617 644 2651 decus
666 2618 748 2651 haec
770 2618 914 2661 ipsarum
935 2620 1129 2663 aequalitas,
1155 2625 1190 2653 et
1208 2618 1251 2652 ad
1276 2618 1415 2651 nitorem
1433 2619 1620 2653 similitudo.
1667 2618 1750 2658 Quis

333 2661 536 2706 superiorem
549 2663 708 2706 gynaecei
726 2667 852 2706 partem
869 2663 1062 2697 describat?
1082 2664 1156 2708 quis
1178 2668 1229 2697 tot
1252 2674 1386 2696 numero
1407 2663 1525 2697 circum
1541 2663 1654 2697 aedem
1670 2673 1749 2706 por-

331 2707 418 2740 ticus
441 2710 541 2750 atque
565 2707 657 2741 aulas
675 2707 875 2741 columnatas
897 2709 995 2741 obeat
1009 2707 1187 2742 oratione?
1213 2707 1287 2752 quis
1311 2708 1530 2742 columnarum
1553 2719 1593 2742 ac
1610 2717 1750 2741 narmo-

332 2761 425 2796 rum,
457 2751 575 2797 quibus
595 2752 750 2798 templum
773 2757 923 2789 ornatum
947 2757 1016 2796 est,
1049 2752 1217 2798 egregiam
1242 2752 1439 2788 varietatem
1459 2752 1680 2799 percemeat?
1710 2752 1749 2785 In
