1800 3126
266 118 363 165 376
717 119 775 162 IN
809 118 951 162 HIST1
981 118 1233 161 ARGANAM

266 226 482 275 Cedrenus,
523 221 637 273 οὗτος
673 223 746 275 τὴν
779 226 852 264 τοῦ
874 236 1062 292 σωματος
1089 220 1320 277 οἷναδρομην
1348 222 1426 294 εἶχε
1451 224 1576 280 βραχυ
1603 224 1688 278 μεί-

265 285 358 330 ζονα
384 286 456 322 τοῦ
484 282 618 348 μέσου,
641 277 822 347 ἐρυθρὸς
834 294 908 330 την
935 277 1071 344 χροιὰν
1098 278 1266 330 χαροπὸν
1290 280 1358 320 καὶ
1382 277 1689 350 εὖπερίστροφον

265 338 439 390 βλέπων,
477 337 544 376 καὶ
572 352 642 386 την
671 332 848 386 κεφαλην
883 333 979 386 πρὸς
1006 330 1132 385 κόμης
1160 331 1301 382 κάλλος
1337 334 1472 389 μικρὸν
1500 336 1691 387 ἐψιλωμέ-

265 409 350 444 νην.
406 393 449 430 Ι
442 395 503 429 ιιιι
522 399 681 428 statura
702 391 877 440 corporis
898 390 1199 440 aliquantulum
1226 388 1455 428 mediocrem
1481 391 1692 439 excedente,

266 449 390 485 colore
419 448 560 495 rubro,
591 453 750 496 aspecta
775 445 902 482 hilari
930 453 965 483 et
991 445 1183 497 versatili,
1211 446 1339 494 capite
1366 445 1424 483 ad
1451 460 1583 484 comae
1598 448 1692 498 pul-

266 502 531 540 chritudinem
557 502 744 538 nonnilzil
764 500 920 551 glabro.
986 501 1125 538 Omnia
1162 499 1396 551 respondent
1429 503 1692 553 Procopianae

267 559 538 608 descripti01113
571 555 677 607 quod
703 569 795 594 vero
825 555 933 592 addit
961 555 1159 592 cedrenus
1188 554 1236 591 de
1267 567 1396 603 coma,
1426 563 1465 593 et
1492 570 1535 594 ca
1562 557 1690 604 initio,

263 613 550 664 perpendemus
579 614 791 649 accuratius
820 610 870 648 ad
895 625 937 662 p.
966 611 1032 652 63.
1087 611 1194 647 Fasti
1211 609 1487 648 Alexandrini:
1514 627 1567 664 ην
1595 611 1638 652 δὲ
1664 611 1694 663 ἦ

265 668 351 708 ἰδέα
383 665 660 706 Ἰουστινιανοῦ
694 670 766 706 τοῦ
801 665 988 732 βασιλέως
1021 662 1255 717 κωνοειδης,
1297 662 1511 733 εὔστηθος,
1547 665 1692 716 λευκὸς,

267 718 493 775 ὀλιγόθριξ,
523 720 745 771 ἀναφαλοὲς,
775 717 1040 790 στρογγύλοψ,
1069 718 1287 773 εὔμορφος,
1316 716 1692 774 ανθ-ηροπρόσωπος,

263 777 486 844 &moysi-mv,
518 773 745 828 μιξοπόλιος
771 792 845 828 την
872 773 1018 830 κάραν,
1045 774 1087 816 τὸ
1112 775 1261 828 γένειον
1289 776 1430 828 κείρων
1458 791 1512 823 ως
1540 777 1582 817 οἱ
1603 775 1692 816 Ῥω-

263 837 396 885 μαῖοι,
436 830 609 884 εὕρινος,
645 829 871 878 vuol-eunoc-
936 833 1038 870 Bait
1072 832 1328 870 lastinianus
1365 830 1540 869 rotunda
1569 833 1694 882 facie,

260 895 511 938 pectorosa-9,
546 886 764 938 candidas,
792 901 886 925 raro
912 888 1078 938 capillo,
1106 887 1363 935 recalvaster,
1391 885 1578 924 rotundis
1603 901 1695 925 ocu-

265 944 339 990 lis,
373 945 599 991 formosus,
629 918 782 993 floriclo
821 950 1003 994 aspectu,
1042 941 1275 990 subridens,
1313 942 1532 993 subcmms,
1571 949 1696 980 mento

264 1012 386 1035 rasus
413 1000 494 1036 rita
523 999 816 1047 Romanorum,
853 1012 952 1036 naso
981 999 1106 1047 iusto,
1142 997 1344 1036 subalbus.
1400 997 1481 1036 Sed
1505 996 1603 1035 haec
1630 1004 1698 1035 tu·-

263 1055 472 1090 multuarie
514 1067 565 1089 ex
602 1052 762 1090 diversis
801 1054 998 1091 autoribus
1028 1052 1120 1090 hinc
1156 1052 1248 1090 inde
1286 1052 1466 1104 decerpta
1501 1052 1697 1091 videntur.

265 1107 379 1153 Quod
419 1110 471 1144 ait
509 1115 635 1145 mento
670 1122 790 1145 rasus
825 1111 906 1145 rita
933 1110 1230 1157 Romanorum
1269 1109 1325 1145 ita
1353 1109 1525 1146 Gentiles
1562 1121 1698 1146 onmes

265 1165 519 1212 impe1atores
555 1171 643 1199 ante
680 1163 916 1211 Adrianum,
958 1165 1026 1214 qui
1059 1171 1158 1200 teste
1188 1164 1314 1200 Dione
1351 1165 1501 1213 primus
1538 1164 1699 1200 barbam

264 1220 412 1255 nutrire
441 1219 592 1282 coepit3
632 1225 720 1268 post
749 1219 1046 1256 Constantinum
1073 1220 1246 1255 Iulianus
1273 1219 1484 1268 Apostata,
1515 1220 1583 1270 qui
1611 1233 1699 1255 eam

265 1274 314 1310 ob
344 1286 428 1309 rem
455 1275 497 1308 in
515 1272 781 1310 Antiochenos
809 1269 1072 1325 μισοπῶγωνα
1100 1275 1267 1323 scripsit.
1323 1275 1415 1310 Post
1441 1275 1700 1311 Iustinianum

262 1330 413 1392 passim
441 1329 579 1364 Giaeci
617 1330 870 1378 imperatores
908 1329 1073 1381 barbati.
1127 1327 1247 1366 Porro
1287 1329 1486 1365 calvitium
1513 1331 1555 1365 in
1582 1331 1701 1366 Iusti·
1736 1360 1740 1363 .

264 1385 405 1430 niano,
441 1385 614 1431 nummi,
654 1391 828 1421 extremo
859 1384 942 1421 eius
980 1384 1144 1434 imperio
1175 1383 1258 1420 cusi
1285 1385 1448 1420 minime
1478 1383 1701 1422 ostendunt.

265 1440 362 1476 Eius
393 1437 490 1475 haec
517 1440 647 1488 imago
680 1446 758 1487 est,
796 1441 1004 1476 Ravennae
1042 1437 1212 1476 secundo
1249 1444 1287 1475 et
1321 1439 1510 1489 vigesimo
1546 1441 1701 1491 imperii

266 1506 367 1531 anno
396 1496 550 1531 musivo
581 1508 697 1545 opere
727 1507 925 1544 explwessa
984 1493 1266 1545 [Vid.fig.1.]

146 1553 178 1585 A
201 1552 245 1585 29
378 1551 424 1586 P.
455 1549 520 1597 55,
549 1550 589 1588 6.
647 1551 707 1587 Ne
733 1549 965 1586 Domitiani
991 1562 1140 1598 nomen,
1171 1549 1233 1586 vel
1258 1555 1399 1585 statua
1426 1549 1514 1586 ulla
1540 1549 1702 1600 extaret]

129 1596 159 1629 Ρ
183 1598 249 1632 110
269 1605 504 1651 Suetoniu53
534 1611 695 1641 senatus
722 1603 819 1642 adeo
839 1606 1014 1642 laetatus
1042 1611 1112 1653 est,
1138 1611 1184 1641 ut
1211 1610 1247 1640 et
1274 1604 1407 1640 scalas-
1435 1605 1590 1652 inferri,
1618 1605 1703 1654 cly-

258 1673 445 1711 peosque,
472 1666 508 1696 et
536 1661 731 1710 imagines
757 1662 841 1697 eius
869 1673 1005 1696 coram
1023 1658 1193 1706 detrahi,
1221 1665 1257 1695 et
1284 1657 1427 1695 ibidem
1450 1657 1535 1696 loco
1565 1660 1704 1710 affligi

268 1715 437 1764 iuberet,
485 1717 696 1751 novissime
739 1713 955 1752 eradendos
998 1714 1144 1765 ubique
1184 1713 1348 1763 titulos,
1396 1713 1704 1765 abolendamque

268 1783 419 1807 omnem
455 1772 684 1808 memoriam
721 1769 948 1808 decerneret.
1011 1768 1123 1807 Idem
1159 1769 1316 1807 uberius
1356 1769 1460 1808 Plin.
1496 1771 1540 1806 in
1575 1771 1705 1807 Pane-

268 1827 418 1876 gyrico.

378 1883 422 1917 P.
455 1879 519 1926 55,
547 1880 614 1920 10.
670 1880 774 1916 Erat
796 1878 1050 1929 Domitiano]
1079 1881 1185 1916 Haeo
1211 1892 1314 1918 unus
1344 1880 1522 1917 omnium
1543 1877 1704 1918 histori-

270 1948 404 1972 corum
431 1936 642 1985 Procopius
670 1936 808 1972 refert:
845 1948 939 1971 nam
964 1937 1070 1973 necis
1099 1936 1314 1975 Domitiani
1343 1937 1538 1973 consciam
1563 1937 1703 1973 Domi-

268 1992 366 2027 tiam
396 1991 603 2040 coniugem
630 1990 751 2028 fuisse
782 1991 955 2027 scribunt
981 1992 1056 2028 Dio
1085 1991 1261 2038 Cassius,
1289 1988 1568 2038 Philostratus,
1598 1991 1702 2028 Sex-

268 2052 331 2082 tus
359 2046 553 2092 Aurelius,
585 2046 774 2094 Georgius
802 2046 1021 2097 SynceIlus,
1056 2052 1093 2082 et
1122 2047 1190 2082 alii
1218 2046 1367 2094 Graeci,
1396 2047 1603 2096 Latinique
1631 2059 1705 2082 au-

268 2107 387 2137 tores.
442 2102 501 2136 De
539 2101 621 2137 eius
658 2101 796 2137 funere
832 2107 962 2137 narrat
997 2099 1095 2138 haec
1133 2101 1367 2148 Suetonius,
1413 2099 1584 2138 cadaver
1621 2103 1706 2138 eius

262 2156 456 2205 populari
486 2154 706 2204 sandapila
738 2169 812 2205 per
848 2156 1062 2206 vespilones
1098 2163 1348 2206 exportatum
1375 2156 1536 2207 Phyllis
1570 2158 1707 2193 nutrix

269 2211 312 2246 in
347 2210 574 2246 suburbano
613 2223 686 2246 sao
715 2211 870 2247 Latina
907 2212 977 2248 via
1002 2211 1228 2261 faneravit.
1285 2213 1390 2247 Haec
1419 2218 1551 2248 tamen
1586 2210 1706 2248 fidem

267 2266 532 2315 Procopianae
560 2266 773 2302 narrationi
799 2278 879 2302 non
906 2267 1113 2314 minuunt,
1154 2279 1243 2304 cum
1275 2268 1312 2303 ei
1345 2273 1477 2303 contra
1513 2264 1614 2303 nihil
1643 2265 1706 2302 di-

270 2327 382 2367 cant3
424 2327 462 2356 et
490 2322 702 2357 Domitiani
739 2333 901 2358 aeneam
928 2323 1143 2371 imaginem
1181 2328 1292 2359 autor
1332 2320 1383 2358 ad
1423 2334 1494 2359 sua
1527 2328 1705 2371 tempora

269 2376 311 2411 in
341 2377 441 2412 clivo
471 2376 690 2425 Capitolino
729 2382 882 2413 extasse
920 2378 1107 2426 affirmet,
1143 2375 1220 2414 hoc
1255 2378 1386 2428 ipsum
1423 2374 1528 2428 quod
1561 2382 1704 2423 narrat,

132 2436 161 2468 V
179 2435 246 2471 351
270 2437 636 2480 repraesentantem,
666 2444 746 2468 non
776 2432 904 2468 solum
929 2433 1076 2479 forma,
1107 2431 1177 2470 sed
1206 2434 1324 2470 etiam
1350 2433 1534 2482 inscripto
1563 2432 1704 2468 titulo:

269 2499 364 2522 nam
398 2487 474 2522 fuit
500 2487 712 2535 Procopius
749 2485 870 2524 homo
902 2489 1099 2525 Romanae
1133 2488 1375 2538 antiquitatis
1405 2488 1704 2534 curiosissimus,

273 2547 314 2577 ut
342 2542 489 2591 passim
523 2543 565 2576 in
592 2542 701 2578 libris
731 2540 779 2578 de
811 2542 916 2579 bello
945 2541 1078 2580 Gotth.
1107 2543 1295 2592 singulari
1325 2541 1527 2592 diligentia
1556 2541 1705 2579 descri-

271 2598 392 2646 pserit
418 2597 524 2633 urbis
551 2597 728 2643 moenia,
756 2603 907 2647 portas,
939 2599 1109 2645 cloacas,
1138 2599 1241 2646 vias,
1272 2596 1467 2646 aedificia,
1497 2597 1705 2642 suburbia3

270 2652 481 2703 nullusque
507 2652 576 2689 illo
607 2653 781 2689 exactius
809 2660 1065 2704 prosequatur
1091 2654 1196 2691 viam
1224 2654 1412 2704 Appiam,
1445 2654 1601 2693 Aeneae
1629 2664 1731 2707 na-'

271 2708 444 2757 vigitini,
486 2708 732 2746 mausoleum
759 2706 943 2757 Adriani,
986 2709 1095 2747 bovis
1123 2709 1345 2760 Myroniani
1371 2710 1527 2762 signum
1548 2709 1591 2745 in
1617 2707 1702 2744 foro
