1800 3126
271 122 365 169 358
715 126 775 170 IN
806 125 949 169 HIST.
985 124 1237 171 ARGANAM

257 231 387 280 figere
409 233 603 281 potuerit,
641 245 764 282 neque
793 233 910 268 certis
937 230 1144 270 itineribus
1166 232 1372 285 progredi,
1407 233 1480 273 sed
1507 242 1587 273 toto
1615 235 1687 274 hoc

269 292 437 336 tempore
466 287 691 325 clanculum
717 287 929 338 fugitans,
969 287 1020 324 ab
1058 301 1137 325 uno
1171 291 1370 328 maritimo
1391 290 1595 342 praesidio
1633 290 1693 329 ad

269 341 391 378 aliud
416 344 540 380 classe
565 341 831 392 develleretur,
871 340 975 379 unde
1011 350 1122 380 tanto
1155 346 1328 383 securius
1365 345 1492 384 hostes
1517 348 1690 384 Romam.

267 403 304 433 et
347 405 499 435 caetera
545 398 680 434 omnia
719 396 1003 448 subiugarunt.
1065 400 1276 436 Perusiam
1321 413 1410 438 vero
1452 403 1690 453 primariam

274 453 440 490 Tusciae
467 454 666 490 civitatem
704 450 797 489 dira
831 452 1031 491 obsidione
1066 456 1235 492 cinctam
1269 455 1448 507 reliquit,
1480 471 1580 508 quae
1617 458 1688 495 illo

265 509 510 557 Byzantium
538 505 804 561 contendente,
832 515 950 559 capta
964 510 1067 559 ficit.
1122 511 1228 547 Haec
1254 510 1355 548 infra
1381 513 1612 564 Procopius,
1648 526 1690 564 p.

268 563 321 602 23
354 570 393 599 et
421 562 489 604 24.

377 619 422 654 P.
444 620 496 658 37
508 646 518 665 ,
549 620 590 658 7.
655 617 774 656 Vitae
808 619 1097 668 cogitationum
1125 633 1277 669 poenas
1316 619 1463 671 exegit]
1506 622 1576 659 His
1610 622 1691 658 fere

266 672 394 709 verbis
422 671 643 709 Herodiano
671 673 882 710 Belisarius
910 675 1081 712 minatus
1110 682 1186 723 est,
1222 681 1267 712 ut
1293 673 1459 712 habetur
1487 675 1515 714 l.
1544 679 1568 716 3
1596 677 1691 714 bell.

266 726 400 763 Gotth.
432 728 500 763 ubi
529 735 567 764 et
595 727 771 765 eiusdem
797 728 1009 768 Herodiani
1037 729 1088 767 ad
1115 731 1290 769 Totilam
1317 729 1496 780 defectio,
1525 729 1693 769 deditio·-

267 794 344 833 que
373 782 525 832 Spoleti
553 790 744 820 narratur.

377 838 424 873 P.
442 840 506 885 37,
528 839 593 878 12.
650 839 818 876 Ioannes
842 839 1057 890 Vitaliani]
1086 841 1145 876 De
1164 840 1356 878 Vitaliano
1380 840 1482 878 infra
1506 838 1555 878 ad
1583 854 1622 891 p.
1641 844 1694 882 80

265 891 338 928 lin.
367 891 420 932 25
458 895 613 930 Ioannis
641 894 824 931 bellicam
854 896 1040 932 virtutem
1073 897 1220 946 passim
1259 897 1300 933 in
1329 897 1488 948 reliquis
1511 894 1695 934 historiae

266 947 377 984 libris
405 949 616 998 Procopius
645 948 907 988 commendat.
962 952 1077 988 Anno
1109 952 1204 988 belli
1232 950 1403 989 Gotthici
1430 950 1636 989 undecimo
1674 964 1697 988 a

267 1003 456 1039 Belisario
489 1004 867 1055 Constantinopolim
896 1004 955 1054 ¹ad
992 1008 1251 1044 Iustinianum
1289 1007 1508 1057 ablegatur,
1549 1007 1697 1044 auxilia

266 1059 458 1107 petiturus
473 1069 482 1078 ·
511 1066 598 1095 tum
624 1072 716 1097 vero
735 1059 847 1108 haec,
877 1073 977 1112 quae
1000 1060 1047 1098 de
1077 1063 1256 1112 coniugio
1274 1063 1485 1113 Procopius
1514 1060 1577 1098 hic
1603 1074 1697 1098 nar-

267 1119 346 1159 rat,
383 1112 626 1162 acciderunt3
666 1127 710 1151 ac
747 1116 839 1152 licet
867 1129 931 1152 eas
961 1118 1117 1166 nuptias
1145 1116 1348 1154 adornatas
1379 1119 1531 1168 potius,
1577 1129 1698 1168 quam

267 1167 462 1204 confectas
493 1168 619 1205 dicere
646 1168 722 1207 hoc
749 1171 836 1208 loco
865 1170 1061 1208 videatur:
1090 1179 1223 1208 tamen
1252 1173 1345 1208 alibi
1371 1175 1557 1209 Ioannem
1585 1178 1696 1209 vocat

266 1223 454 1258 Germani
479 1220 690 1273 κηδεστήν,
730 1230 769 1260 et
796 1223 988 1277 γαμβρὸν,
1014 1240 1215 1278 generum.
1269 1229 1394 1264 Duxit
1424 1235 1556 1264 autem
1578 1229 1696 1264 Iusti-

265 1290 383 1325 nam,
415 1277 463 1314 de
493 1291 570 1329 qua
597 1277 661 1315 hic
688 1280 850 1316 mentio.

150 1335 183 1368 A
206 1335 250 1370 12
381 1335 503 1381 P.37‚
519 1332 584 1373 14.
614 1335 773 1372 Fratris
776 1333 888 1385 fillo]
912 1331 1108 1372 Arnoldus
1127 1335 1254 1372 Uvion
1275 1332 1322 1371 de
1342 1335 1530 1372 Aniciana
1547 1335 1699 1373 familia

266 1386 376 1437 grad.
407 1390 457 1428 21
491 1396 529 1425 et
554 1390 747 1427 Antonius
775 1389 975 1426 Boufinius
1004 1402 1078 1426 rer.
1107 1391 1239 1440 Hung.
1269 1389 1403 1427 decad.
1436 1394 1455 1432 1
1494 1404 1698 1442 perperam

264 1445 471 1480 Iustiniani
490 1445 650 1481 fratrem
670 1445 847 1482 fecerunt
865 1443 970 1481 hunc
988 1445 1240 1483 Germanum.
1295 1447 1422 1483 Uvion
1449 1446 1548 1484 falso
1579 1449 1698 1483 etiam

266 1498 401 1546 credit,
433 1513 454 1535 a
481 1502 672 1550 Procopio
701 1499 820 1537 modo
849 1500 978 1537 fratris
1002 1502 1227 1548 Iustiniani,
1258 1500 1376 1538 modo
1406 1503 1545 1539 sororis
1574 1502 1700 1538 filium

267 1553 452 1590 eumdem
480 1556 742 1606 appellatum:
771 1557 1028 1606 interpretum
1057 1557 1188 1606 lapsus
1217 1557 1285 1592 ille
1315 1563 1394 1604 θεῖς
1434 1570 1527 1593 nam
1554 1559 1700 1594 Proco-

265 1611 368 1660 pius,
397 1623 475 1646 non
505 1612 634 1648 solum
661 1609 738 1658 hic,
769 1610 838 1648 sed
869 1613 986 1647 etiam
1013 1612 1042 1647 l.
1072 1613 1098 1650 2
1131 1612 1223 1648 bell.
1249 1613 1357 1648 Pers.
1388 1618 1425 1648 et
1453 1615 1479 1652 2
1507 1611 1631 1650 Vaud.
1662 1619 1701 1649 et

266 1665 293 1704 3
323 1663 457 1702 Gotth.
495 1673 608 1702 vocat
638 1667 878 1702 Germanum
905 1667 1110 1703 Iustiniani
1143 1663 1333 1716 α’νεψιόν,
1376 1668 1432 1702 in'
1458 1668 1566 1704 cuius
1593 1669 1700 1705 vocis

267 1720 523 1769 ambiguitate
551 1722 782 1758 vacillarunt
814 1723 1067 1772 interpretes3
1105 1720 1283 1772 Raphael
1310 1722 1581 1760 volaterranus
1599 1723 1702 1774 fia·-

266 1777 344 1811 tris,-
360 1776 516 1824 filium,
546 1775 847 1827 christophorus
874 1778 1045 1814 Persona
1074 1790 1117 1813 ex
1145 1790 1277 1814 sorore
1304 1785 1496 1827 nepotem3
1527 1780 1702 1815 Leonat-

268 1828 341 1866 dus
378 1833 561 1868 Aretinus
597 1833 824 1868 Patruelem
865 1839 1077 1870 verterunt.
1132 1835 1211 1870 Nos
1245 1834 1405 1870 Latinos
1444 1835 1526 1870 eius
1565 1835 1701 1871 aetatis

266 1883 473 1924 historicos
502 1888 793 1934 consuluimus,
823 1894 867 1924 ut
895 1889 1041 1925 Graeca
1068 1888 1222 1925 sublata
1251 1887 1468 1936 dubietate,
1497 1890 1702 1926 veritatem

266 1941 558 1991 interpretando
596 1949 699 1980 certo
738 1949 1016 1991 statueremus,
1056 1950 1172 1994 atque
1210 1956 1261 1980 ex
1288 1943 1479 1980 Iornande
1509 1946 1702 1981 converti-

266 2009 357 2033 mus
374 1998 531 2045 fratris
550 1997 703 2048 filium,
732 2011 851 2049 quem
878 1999 963 2049 ipse
978 1998 1220 2048 fratruelem
1247 1999 1391 2046 scribit,
1421 2006 1459 2035 et
1486 2000 1628 2036 iterum
1655 2012 1701 2036 ac

268 2054 383 2088 tertio
414 2054 553 2102 repetit
589 2054 659 2089 lib.
687 2052 734 2090 de
764 2053 845 2090 reb.
876 2055 1001 2090 Getic.
1056 2056 1157 2090 Nam
1194 2067 1364 2091 errorem
1404 2054 1551 2091 librarii
1581 2056 1701 2092 corri-

269 2119 338 2155 gas
369 2106 418 2142 ad
439 2109 586 2144 calcem
613 2107 790 2145 eiusdem
809 2109 911 2156 libri,
939 2121 990 2146 ne
1011 2115 1123 2145 autor
1143 2122 1166 2145 a
1185 2121 1226 2146 se
1246 2116 1284 2146 et
1303 2122 1325 2146 a
1343 2111 1532 2160 Procopio
1555 2108 1702 2147 discre-

267 2168 347 2211 pet,
379 2175 621 2214 reponasque
648 2177 719 2213 pro
736 2165 870 2211 fiatri
896 2177 982 2214 suo,
1001 2164 1202 2214 fratrueli
1228 2178 1314 2202 suo.
1371 2166 1576 2202 Caeterum
1603 2167 1703 2202 Pro-

269 2218 381 2267 copio
414 2215 576 2267 α’νεψιός
607 2225 664 2255 est
689 2219 846 2268 fratris
862 2220 1006 2269 filius,·
1045 2221 1195 2256 sororis
1219 2233 1311 2258 vero
1346 2215 1603 2269 ἀδελφιδοῦς,
1646 2222 1702 2257 sic

265 2273 527 2310 lastinianum
560 2280 693 2320 vocat,
732 2275 801 2325 qui
841 2282 922 2311 erat
950 2276 1091 2313 sororis
1123 2276 1263 2312 Iustini
1301 2277 1463 2313 senioris
1497 2275 1622 2324 filius,
1662 2282 1702 2312 et

128 2333 162 2366 V
182 2333 248 2368 345
270 2329 490 2365 Proiectum
517 2330 752 2378 Vigilantiae
779 2331 985 2367 Iustiniani
1011 2331 1153 2369 sororis
1182 2331 1329 2378 filia1n3
1366 2330 1486 2382 idque
1512 2338 1701 2382 perpetuo

268 2383 449 2433 religiose
476 2391 627 2421 servat:
657 2387 888 2435 posteriores
909 2387 1046 2423 Graeci
1066 2388 1269 2437 scriptores
1299 2385 1507 2437 aliquando
1537 2388 1702 2424 variant.

380 2440 425 2475 P.
440 2441 504 2486 37,
520 2439 584 2478 15.
627 2440 834 2478 Connabia
853 2442 1029 2494 iungere]
1058 2443 1274 2479 Germanus
1290 2443 1373 2492 ipse
1392 2442 1518 2492 prima
1537 2443 1702 2491 coniuge

272 2494 441 2540 orbatus,
473 2501 628 2531 curante
658 2497 871 2533 Iustiniano
899 2499 1092 2548 captivam
1121 2496 1246 2544 duxit,
1275 2497 1367 2534 licet
1395 2509 1447 2534 ex
1470 2498 1612 2534 Amaia
1638 2497 1702 2533 fa-

270 2550 381 2586 milia
411 2547 644 2587 Gotthorum
680 2551 924 2589 nobilissima
960 2551 1251 2589 Mathasuntam
1283 2553 1451 2603 reginae*
1467 2554 1704 2590 Amalasun-

271 2603 363 2641 thae
393 2604 538 2654 filiam,
563 2612 601 2642 et
624 2606 763 2655 vitigis
793 2609 894 2657 regis
925 2606 1123 2658 quondam
1152 2621 1330 2656 uxorem,
1360 2605 1466 2659 quod
1491 2606 1702 2662 Iomanties

271 2660 342 2697 lib.
363 2658 410 2697 de
439 2661 520 2699 reb.
541 2661 627 2698 Get.
655 2662 798 2698 iterum
827 2673 872 2699 ac
898 2665 1011 2701 tertio
1041 2664 1193 2714 repetit.
1249 2664 1313 2700 Ex
1341 2677 1386 2701 ea
1413 2663 1540 2700 filium
1566 2662 1702 2700 habuit

273 2716 514 2754 Germanum
543 2715 823 2768 posthumum3
854 2731 904 2756 ex
929 2720 1057 2770 prima
1087 2732 1180 2758 vero
1208 2721 1368 2757 nomine
1395 2720 1555 2758 Passara
1582 2717 1700 2755 Iusti-
