1800 3126
562 134 753 180 NOTAE
787 131 1080 177 ALEMANNI.
1452 127 1551 177 443

94 260 135 293 et
159 248 451 314 pretiosissima
470 246 730 298 supellectile,
757 245 1015 284 incitamenta
1041 240 1300 279 barbarorum
1331 248 1453 290 erant,
1485 243 1556 294 qui

95 307 270 364 quotidie
299 304 351 344 ad
376 306 599 342 vicinorum
632 301 870 355 oppidorum
901 297 1249 352 depraedationem
1279 299 1555 336 excurrebant.

205 366 252 403 Ρ.
288 361 394 410 113,
432 363 472 402 6
545 362 777 398 Tercentum
817 365 853 396 et
895 357 1046 408 viginti
1086 356 1222 393 millia
1261 358 1358 392 auri
1394 355 1555 407 pondo]

92 401 207 467 Idein
236 418 285 457 de
315 420 359 456 C.
392 418 572 468 Caligula
599 423 760 454 narrant
789 414 1052 467 Tranquillus
1082 420 1121 450 et
1148 414 1245 461 Dio,
1277 413 1307 450 1.
1337 412 1405 454 59.
1446 412 1558 450 lee—

93 491 238 529 sauros
264 477 461 515 maximos
490 474 719 511 brevissimo
750 480 921 523 tempore
949 470 1157 518 exhausit,-
1184 471 1332 523 quippe
1353 470 1474 507 vicies
1502 476 1562 506 ter

94 527 243 575 millies
272 533 497 570 sestertium
526 531 627 578 (alii
654 527 826 568 tradunt
854 529 975 566 vicies
1002 527 1123 564 semel
1149 527 1295 564 milltes
1321 527 1561 572 sestertium,

96 605 147 638 ac
169 602 351 630 cccxxx.
370 591 534 639 insuper
550 588 755 634 sestertia)
780 599 872 623 cum
896 585 1124 635 accepisset,
1155 585 1199 622 in
1227 582 1444 622 Thesauri&
1463 583 1563 621 nul·-

95 649 181 690 Iam
207 649 297 686 eius
326 659 504 690 summae
523 652 684 696 partem
716 645 761 682 in
790 643 950 680 tertium
979 654 1131 679 annum
1159 641 1351 679 servavit.

205 706 254 742 Ρ.
286 703 382 752 113,
415 705 455 744 7.
514 702 671 740 Iustino
702 702 920 738 etiamnum
949 699 1175 749 superstite,
1204 712 1251 735 ea
1280 698 1564 736 lastinianum

90 759 352 815 profudisse]
390 760 437 796 lu
475 757 572 796 alios
612 764 651 796 et
682 756 896 795 Ildericum
924 754 1153 794 Vandalum
1190 755 1562 793 familiarissimum.

97 820 267 870 Procop.
295 817 326 854 l.
351 818 375 858 1
403 815 500 853 bell.
530 813 666 853 Gotth.
701 809 903 880 Ἰλδέριχος
933 813 1049 863 φίλος
1075 811 1115 858 ἐς
1143 807 1191 850 τὰ
1204 808 1387 878 μάλιστα
1411 806 1564 852 ’Ioven-

97 877 227 930 viat-93
247 872 316 914 καὶ
342 870 454 922 ξένος
477 871 627 925 ἐγένετο
651 866 824 923 χρήμασί
845 884 886 910 τε
908 865 1091 922 μεγάλοις
1113 862 1300 934 ἀλλήλοις
1323 867 1561 920 ἐδωροῦντο.

98 915 301 971 lidericus
327 929 482 994 hospes·
495 929 735 976 Iustiniani,
765 925 967 977 eidemque
981 925 1373 976 familiarissimus,
1402 927 1565 978 magnis

99 1002 141 1027 se
167 993 308 1026 mutuo
333 987 600 1038 pecuniarum
629 983 918 1036 largitionibus
947 981 1166 1033 augebant.

211 1045 260 1082 P.
292 1042 484 1091 113,13.
540 1041 757 1080 Falsorum
787 1041 1004 1079 criminum
1033 1052 1120 1076 reos
1145 1037 1242 1090 egit]
1271 1038 1399 1075 Multa
1428 1038 1565 1075 crimi-

99 1102 256 1140 m'mum
286 1101 413 1151 capita
441 1097 506 1136 hic
528 1100 744 1151 Procopius
775 1103 1004 1144 enumerat3
1037 1109 1138 1148 quae
1168 1098 1223 1133 ita
1251 1096 1424 1132 breviter
1453 1109 1565 1133 com-

99 1159 245 1210 plexus
286 1164 344 1194 est
379 1157 574 1207 Evagrius
613 1157 641 1193 1.
672 1156 698 1195 4
728 1169 761 1192 c.
792 1156 860 1196 29.
902 1169 923 1195 ο
956 1149 1232 1199 Ἰουστινιανός
1271 1147 1324 1203 ἧν
1353 1148 1567 1205 χρημάτων

102 1212 325 1266 ἄπληστος,
360 1213 430 1253 καὶ
457 1228 538 1253 των
569 1208 786 1265 ἀλλοτρίων
817 1209 945 1258 οὕτως
981 1205 1155 1256 ἐκτόπως
1183 1207 1368 1278 ἐραστὴς,
1410 1225 1463 1256 ως
1499 1207 1569 1248 καὶ

102 1268 147 1312 τὸ
183 1267 368 1337 ὑπήκοον
409 1266 517 1310 ἅπαν
554 1270 719 1321 χρυσίου
753 1262 994 1336 πιπράσκειν
1033 1269 1115 1313 τοῖς
1156 1278 1245 1306 οσοι
1274 1261 1350 1305 ἐπ’
1380 1261 1569 1316 ουδεμιᾶς

105 1328 236 1375 αἰτίας
275 1322 439 1395 ῥάπτειν
479 1323 694 1378 ἐπιβουλάς
731 1330 814 1372 τοῖς
852 1318 1089 1375 ἄνθρωποις
1129 1321 1328 1363 ἐθέλουσι.
1396 1319 1572 1369 πολλους

105 1382 150 1425 δὲ
178 1382 245 1423 καὶ
284 1379 538 1450 ἐναρίθμους
568 1398 649 1422 των
685 1398 732 1422 τα
762 1379 888 1422 πολλοὶ
918 1378 1167 1431 κεκτημένων
1195 1374 1420 1431 προφάσεις
1449 1375 1573 1429 οἷ’προ-

106 1441 325 1492 φασίστους
363 1435 586 1492 ἐπιχρώσεις
625 1437 696 1485 τοὶς
739 1434 879 1484 ου’σίας
920 1432 1080 1483 οἷπασας
1110 1436 1313 1487 ἐζημίωσε.
1372 1435 1420 1474 In
1450 1435 1577 1473 Iusti-

105 1499 229 1536 niano
258 1510 348 1534 vero
388 1504 474 1534 tam
510 1495 761 1547 inexplebilis
789 1494 885 1546 suit
918 1495 1117 1545 pecuniae
1146 1491 1376 1544 cupiditas,
1417 1499 1452 1529 et
1490 1499 1577 1528 tam

105 1555 239 1606 turpis
275 1567 407 1591 rerum
458 1553 686 1590 alienarum
725 1551 946 1616 appetitio,
993 1557 1040 1587 ut
1085 1551 1268 1586 omnium
1307 1549 1579 1586 subiectorum

107 1611 214 1649 bona
241 1610 290 1648 ob
319 1611 417 1648 auri
444 1623 560 1647 amo]
562 1623 620 1646 em
648 1607 874 1647 iendiderit
903 1608 979 1658 iis,
1021 1608 1092 1658 qui
1120 1606 1243 1643 nulla
1272 1603 1320 1642 de
1350 1619 1478 1643 causa
1511 1606 1579 1642 in·-

106 1666 242 1705 sidias
269 1666 502 1704 hominibus
531 1674 682 1704 struere
709 1664 907 1703 volebant.
971 1663 1223 1714 Complures,
1262 1664 1342 1699 imo
1381 1676 1470 1700 vero
1511 1663 1579 1698 in-

108 1723 400 1773 numerabiles,
432 1725 504 1774 qui
534 1724 666 1760 multa
699 1722 804 1759 hona
827 1719 1114 1772 possidebant,
1143 1733 1275 1756 causa
1291 1719 1440 1771 salsa,
1469 1732 1578 1756 com-

109 1781 370 1831 mentitiaque
398 1780 592 1830 conficta,
622 1779 807 1816 omnibus
824 1778 1015 1829 fortunis
1043 1777 1272 1814 mulctavit.

222 1834 387 1884 Ρ.114,
419 1840 458 1878 1.
520 1808 728 1885 Quosdam
756 1835 940 1872 scelerati
969 1833 1114 1882 coitus]
1144 1834 1251 1870 Tam
1279 1830 1455 1882 indignis
1485 1844 1577 1869 mo-

112 1893 174 1932 dis
202 1895 419 1959 pecuniata
442 1894 708 1930 lastinianum
737 1903 983 1938 aeruscasse,
1018 1903 1119 1940 pene
1147 1890 1340 1939 Procopio
1379 1901 1458 1925 nou
1491 1901 1578 1924 cre-

114 1950 294 1998 deretur,
344 1951 423 1987 nisi
472 1948 650 1986 eiusdem
692 1948 883 1998 temporis
920 1947 1128 1996 scriptores
1167 1944 1212 1982 id
1260 1945 1578 1995 comprobarent.

111 2009 258 2058 Evagr.
306 2004 375 2046 .4
406 2019 439 2047 c.
467 2006 536 2045 29.
571 2002 623 2056 ἢν
654 2002 698 2044 δὲ
727 2001 828 2059 γυνὴ
858 2001 1127 2053 ἒταιριζομένη
1157 1996 1495 2052 ἐποφθαλμίσασά
1523 2015 1579 2052 τῳ

114 2007 303 2116 ὁμιλίαν1
303 2060 393 2102 vivo}
430 2058 457 2114 ἧ
498 2062 606 2114 μίξιν
636 2057 858 2101 ἀνέπλασεν
894 2055 1019 2106 εὐθυς
1049 2055 1205 2098 ἅπαντα
1235 2058 1396 2110 φροῦδα
1425 2054 1474 2096 τοὶ
1500 2059 1581 2096 τῶν

74 2136 79 2137 ’
113 2117 253 2189 νόμων
281 2120 547 2168 καθίσταντο,
582 2117 650 2158 καὶ
689 2115 757 2158 τὸν
784 2112 1061 2156 Ἰουστινιανὸν
1089 2113 1470 2168 προσεταιρισαμένη
1507 2115 1582 2153 τοῦ

113 2172 270 2218 οἶτόπου
308 2175 475 2229 κέρδους
515 2172 609 2216 όλον
645 2171 711 2214 τὸν
745 2175 918 2213 πλοῦτον
959 2170 1338 2223 συκοφαντηθέντος
1375 2171 1480 2210 οἴκοι
1516 2184 1583 2221 με·-

115 2229 376 2280 τεσκευᾶζετο.
438 2231 560 2282 Quod
586 2233 623 2269 si
653 2245 755 2283 quae
783 2230 963 2267 meretrix
993 2230 1130 2266 oculos
1158 2227 1399 2280 cupiditatis
1422 2225 1481 2263 ad
1507 2240 1550 2263 a
1542 2227 1586 2263 ’i-

118 2292 237 2328 cuius
265 2290 369 2327 bonu
399 2289 596 2326 adiiciens
625 2285 949 2325 consuetudinem
975 2300 1015 2323 se
1044 2285 1175 2323 ullam
1198 2299 1291 2322 cum
1319 2298 1376 2332 eo,
1407 2283 1472 2321 vel
1494 2297 1586 2320 con-

119 2348 362 2385 iunctionem
401 2345 528 2398 (adde
565 2358 618 2383 ex
651 2345 844 2396 Procopio
883 2341 1091 2393 illicitam)
1130 2341 1323 2380 habuisse
1358 2340 1584 2387 simularet,

48 2439 63 2442 ,
120 2406 261 2441 statim
290 2404 427 2441 omnia
458 2404 577 2454 iura,
618 2415 668 2439 ac
695 2402 821 2452 leges,
859 2398 976 2437 modo
1007 2400 1287 2438 lastinianum
1315 2399 1450 2448 turpis
1483 2397 1588 2434 lucri
1609 2395 1640 2430 A
1662 2397 1710 2432 92

122 2461 279 2498 socium
307 2461 581 2509 constitueret,
615 2460 703 2496 eius
731 2471 862 2495 causa
889 2470 1044 2494 eversae
1078 2459 1315 2503 iacuerunt,
1336 2453 1590 2504 facultates·
1614 2443 1645 2477 V
1669 2443 1739 2478 373

125 2530 201 2568 que
229 2530 362 2554 omnes
391 2517 520 2564 illius,
554 2517 624 2567 qui
640 2515 761 2566 salso
791 2517 835 2552 in
864 2515 1014 2552 crimen
1042 2511 1252 2552 adductus
1279 2518 1387 2562 erat,
1414 2511 1591 2560 fuerunt

125 2574 170 2611 in
197 2573 283 2611 eius
311 2572 476 2611 domum
504 2573 742 2610 translatae.

235 2631 284 2667 P.
313 2629 406 2678 114,
437 2632 476 2670 6.
534 2629 822 2667 Barbarorum
846 2632 996 2678 gentes,
1024 2639 1130 2679 quae
1157 2624 1218 2664 ad
1243 2631 1378 2662 ortum
1407 2629 1444 2660 et
1474 2635 1593 2660 occa-

127 2683 236 2736 sum]
263 2687 392 2736 Reges
420 2687 619 2733 barbaros,
649 2687 716 2724 vel
746 2697 885 2722 eorum
913 2684 1079 2734 legatos,
1109 2684 1180 2735 qui
1211 2695 1265 2720 ex
1292 2682 1479 2718 universo
1509 2686 1593 2716 ter-

129 2754 263 2779 rarum
309 2742 401 2780 orbe
434 2745 675 2796 Byzantium
714 2742 787 2780 sub
827 2741 1045 2787 Iustiniano
1083 2745 1299 2787 venerunt,
1348 2744 1389 2775 et
1432 2736 1594 2789 publica

131 2811 276 2850 pompa
313 2802 468 2851 excepti
506 2806 618 2850 sunt,
659 2805 699 2837 et
734 2797 1137 2850 magnificentissimis
1176 2796 1240 2848 (ut
1269 2791 1421 2846 subdit)
1457 2793 1594 2831 lautiis
