1858 3126
321 150 414 194 152
908 151 1171 194 PROCOPII

316 277 437 313 σατο,
470 262 609 318 καίπερ
628 261 880 318 τρισκαίδεκα
900 261 1110 312 ἐπιστολὰς
1135 267 1205 304 τοῦ
1226 261 1441 321 ἀνθρώπου
1464 265 1748 320 ἓνδειξαμὲνου,

314 328 439 386 ἅσπερ
469 329 579 386 αὐτῷ
607 329 795 382 βασιλεὺς
832 329 983 386 ἔγραψε
1011 328 1243 381 σπουδάζων
1282 348 1322 373 τε
1360 334 1426 373 καὶ
1463 333 1749 387 διατεινόμενος

176 409 204 442 Α
228 408 296 446 122
317 395 436 452 ἄγαν,
469 397 715 451 ἐπαγγέλλων
741 413 784 438 τε
813 395 970 438 ἅπαντα
996 401 1052 454 τῷ
1078 395 1234 454 Παύλῳ
1272 396 1476 455 ὑπηρετεῖν
1505 400 1747 443 ε’πιτάττοντι

312 465 379 506 καὶ
397 464 496 518 μηδ’
526 462 656 505 ὃτιυῦν
678 463 920 515 ἀντιτείνειν,
954 462 1060 513 ὅπως
1080 465 1142 505 ἐπὶ
1165 469 1214 520 τῇ
1244 463 1339 521 δόξῃ
1361 467 1574 508 ἐπιτελέσαι
1599 469 1650 509 τὰ
1676 467 1746 510 δό-

312 534 435 581 ξαντα
479 530 647 579 δυνατὸς
683 530 754 584 εἴη.
830 529 1026 587 Ἀρσένιόν
1055 548 1096 573 τε
1129 532 1326 589 Λιβὲριος
1353 531 1489 589 γνώμῃ
1530 534 1780 591 Θεοδώρας5

311 596 601 648 ἀνεσκολόπισε,
636 599 702 638 καὶ
731 596 856 639 αὐτοῦ’
880 598 931 639 τὰ
949 597 1141 654 χρήματα
1171 602 1389 653 δημοσιοῦν
1420 601 1608 653 βασιλεὺς
1636 601 1748 656 ἕγνω,

255 674 288 709 D
311 666 449 721 καίπερ
470 665 583 706 οὐδὲν
601 665 710 720 αὐτῷ
729 665 951 719 ἔπεγκαλεῖν
977 665 1075 719 ἔχων
1102 665 1127 720 ἢ
1157 666 1217 708 ὅτι
1242 667 1312 716 ξὺν
1333 671 1390 723 τῷ
1414 667 1572 724 Παύλῳ
1592 670 1748 711 δίαιταν

309 730 399 784 εἶχε.
467 736 594 772 ταῦτα
628 731 700 784 μὲν
733 726 802 773 οὖν
829 732 904 775 εἴτε
936 733 1072 788 ὀρθῶς
1100 733 1173 775 εἴτε
1203 733 1303 789 ἄλλῃ
1330 752 1383 788 πη
1403 735 1512 791 αὐτῷ
1531 735 1747 791 εἴργασται,

308 799 380 840 οὐκ
408 797 485 850 ἔχω
513 801 651 848 εἰπεῖν,
682 797 774 840 ὅτου
799 800 842 840 δὲ
867 799 916 854 δὴ
941 801 1052 842 ἕνεκα
1084 799 1210 842 ταῦτά
1239 819 1308 854 μοι
1331 801 1481 856 εἴρηται
1508 801 1650 844 αὐτίκα
1673 805 1749 856 δη·-

306 863 437 906 λώσω.
505 863 526 906 ὃ
551 867 720 914 Παῦλος
738 864 872 923 χρόνῳ
890 869 964 909 τινὶ
985 867 1150 924 ὕστερον
1165 869 1206 917 ἐς
1222 867 1440 919 Βυζάντιον
1460 867 1567 923 ἥκων
1586 868 1687 911 ἑπτά
1704 887 1746 912 τε
1760 875 1804 909 10

299 935 457 988 χρυσοῦ
472 930 706 989 κεντηνάρια
721 937 779 989 τῷ
794 938 959 986 βασιλεῖ
971 933 1098 992 τούτῳ
1118 936 1333 991 προέμενος
1353 936 1465 989 ἠξίου
1486 935 1558 990 τὴν
1580 934 1746 992 ἱερωσύ-

303 1016 374 1052 νην
398 999 626 1052 ἀπολαβεῖν,
661 998 729 1042 ἅτε
761 1001 884 1054 αὐτὴν
903 1002 1031 1043 οὐδενὶ
1053 1000 1163 1059 νόμῳ
1185 1003 1453 1059 ἀφῃρημένος.
1515 1003 1748 1046 Ἰουστινια-

302 1065 372 1115 νὸς
400 1067 444 1108 δὲ
468 1065 518 1108 τά
547 1083 588 1108 τε
608 1065 801 1123 χρήματα
824 1069 980 1117 ἐδέξατο
1010 1067 1149 1125 πράως
1167 1071 1232 1111 καὶ
1262 1070 1330 1111 τὸν
1355 1069 1571 1126 ἄνθρωπον
1590 1072 1632 1112 ἐν
1652 1075 1747 1127 τιμῇ

303 1130 435 1185 ἴσχεν,
462 1133 647 1188 ἀρχιερέα
675 1151 715 1175 τε
744 1132 995 1190 ὡμολόγησεν
1019 1137 1340 1193 Ἀλεξανδρεῦσιν
1359 1137 1480 1179 αὐτὸν
1500 1136 1748 1191 καταστήσε-

301 1203 405 1241 σθαι
430 1200 572 1240 αὐτίκα
606 1200 657 1253 δὴ
683 1199 816 1253 μάλα,
844 1204 984 1259 καίπερ
1018 1201 1152 1259 ἑτέρου
1184 1203 1257 1257 τὴν
1273 1205 1391 1258 τιμὴν
1409 1203 1578 1258 ἴχοντος,
1613 1203 1744 1262 ὥσπερ
1759 1210 1802 1244 15

300 1268 373 1307 οὐκ
397 1266 511 1315 εῗδώς
538 1265 598 1307 ὅτι
633 1267 683 1319 δὴ
708 1267 802 1317 τοὺς
834 1269 944 1326 αὐτῷ
970 1269 1278 1323 ξυνοικήσαντάς
1297 1289 1339 1314 τε
1366 1273 1432 1314 καὶ
1452 1269 1663 1328 ὓπουργεῒν
1682 1288 1749 1313 τε-

301 1330 551 1386 τολμηκότας
584 1331 727 1375 ἔκτεινέ
758 1351 800 1375 τε
830 1336 950 1384 αὐτὸς
986 1338 1053 1377 καὶ
1091 1337 1164 1386 τὰς
1197 1338 1335 1387 οὗσιάς
1366 1339 1562 1394 ἀφείλετο.
1630 1336 1748 1392 ὃμὲν

299 1394 370 1441 οὖν
382 1399 587 1453 Σεβαστὸς
608 1401 648 1449 ἒς
666 1399 766 1456 ἄγαν
781 1400 1069 1455 διατεινόμενος
1091 1403 1135 1445 τὸ
1158 1409 1323 1460 πρᾶγμα
1335 1406 1375 1446 ἓν
1389 1407 1543 1460 σπουδῇ
1566 1406 1746 1457 ἐποιεῖτο,

187 1474 215 1507 P
235 1473 280 1509 80
301 1468 470 1517 Παῦλος
495 1468 538 1509 δὲ
570 1467 792 1524 διαρρήδην
824 1469 1002 1519 ἐπίδοξος
1039 1465 1089 1524 ἦν
1115 1471 1188 1524 τὴν
1212 1470 1428 1527 ἱερωσύνην
1458 1470 1747 1526 ἀπολήψεσθαι

297 1539 458 1591 μηχανῇ
483 1539 535 1590 τῇ
562 1532 684 1590 πάσῃ.
752 1535 855 1576 ἀλλὰ
874 1538 1052 1591 Βιγίλιος
1081 1537 1264 1591 τηνικάδε
1290 1539 1428 1595 παρών
1451 1539 1564 1581 εἷ’κειν
1587 1544 1751 1593 βασιλεῖ
1755 1547 1802 1581 20

295 1605 356 1658 τῷ
382 1606 562 1643 τοιοῦτον
591 1599 836 1644 ἕπιτάττοντι
863 1604 1025 1660 οὐδαμῇ
1045 1603 1156 1659 ἔγνω.
1234 1604 1380 1661 ἔφασκε
1402 1606 1480 1662 γὰρ
1508 1607 1581 1659 οὐχ
1602 1605 1685 1656 οἷός
1703 1624 1746 1649 τε

297 1666 394 1710 εἶναι
424 1673 567 1725 ψῆφον
598 1669 671 1723 τὴν
695 1671 841 1712 οῗκείαν
871 1671 992 1720 αὐτὸς
1009 1670 1197 1714 ἀνάδικον
1215 1671 1482 1728 διειργάσθαι,
1516 1673 1588 1727 τὴν
1604 1677 1746 1715 Πελα-

293 1736 382 1790 γιόυ
399 1738 643 1792 παραδηλῶν
663 1741 819 1791 γνῶσιν.
888 1737 1014 1789 οὕτως
1040 1738 1164 1780 ἄλλον
1183 1739 1343 1789 οὐδενὸς
1359 1744 1418 1797 τῷ
1437 1744 1601 1793 βασιλεῖ
1617 1740 1746 1798 τούτῳ

294 1801 356 1845 ὅτι
375 1803 434 1856 μὴ
454 1802 673 1859 χρημάτων
690 1804 940 1861 ἀφαιρέσεως
970 1806 1030 1847 ἀεὶ
1055 1805 1202 1860 ἔμελεν.
1271 1806 1468 1864 εῗρήσεται
1491 1808 1535 1849 δὲ
1557 1809 1623 1849 καὶ
1646 1807 1744 1849 ἄλλο

384 1908 441 1943 17.
461 1905 577 1948 αὐτὸς
598 1909 642 1943 Ρ.
669 1907 822 1950 αὐτοὺς.
929 1911 984 1946 19.
1005 1907 1281 1957 ἀπολήψεσθαι]
1303 1908 1538 1958 ἀπολήψεται
1554 1913 1626 1950 ΑΡ.
1653 1914 1744 1948 unde

378 1952 562 1987 Maltretus
586 1951 637 1994 αἷς
660 1960 739 2000 post
761 1952 930 1998 ἐπίδοξος
951 1949 1000 2000 ἦν
1033 1955 1213 1994 inserebat.

290 2041 441 2076 Caesare
464 2041 670 2086 gravissimis
691 2043 804 2078 verbis
830 2045 932 2078 etiam
951 2047 1054 2090 atque
1078 2045 1177 2079 etiem
1202 2046 1310 2080 iussus
1328 2047 1442 2080 suerat
1454 2047 1595 2081 Paulum
1610 2047 1743 2092 praeci-

289 2086 438 2139 pientem
453 2087 582 2129 audire,
606 2091 792 2133 contraque
806 2089 888 2122 nihil
902 2089 1026 2133 dicere,
1050 2094 1088 2123 ut
1104 2090 1147 2123 de
1160 2091 1332 2134 religione,
1358 2102 1446 2135 quae
1464 2092 1536 2126 visa
1555 2097 1679 2135 essent,
1702 2103 1742 2125 re

289 2132 347 2164 ille
371 2131 561 2175 perficeret.
609 2133 785 2167 Arsenium
807 2133 963 2167 Liberius
978 2146 1021 2169 ex
1035 2135 1239 2170 Theodorue
1254 2141 1434 2182 praecepto
1450 2136 1483 2170 in
1500 2147 1631 2170 crucem
1647 2137 1742 2180 agit3

287 2175 490 2210 lastinianus
513 2176 592 2210 nihil
616 2178 679 2211 nisi
701 2179 970 2213 consuetudinem
994 2184 1169 2222 causatus,
1203 2184 1290 2224 quae
1311 2181 1358 2214 illi
1382 2192 1455 2215 cum
1480 2183 1587 2216 Paulo
1609 2182 1742 2224 fuisset,

292 2220 393 2254 etiam
416 2221 596 2255 facultates
619 2223 826 2268 proscripsit.
873 2224 983 2258 Recte
1005 2224 1060 2259 ille
1083 2225 1167 2258 haec
1190 2236 1232 2259 an
1254 2237 1372 2266 secus,
1387 2237 1512 2272 Aparum
1535 2231 1741 2271 compertum

289 2265 419 2306 habeo;
443 2266 501 2299 sed
517 2278 674 2310 quorsum
690 2269 774 2302 baec
789 2273 920 2313 spectet
934 2270 1094 2312 narratio,
1116 2270 1180 2304 iam
1196 2271 1314 2306 dicam.
1359 2271 1485 2306 Paulus
1501 2271 1590 2306 haud
1604 2271 1660 2305 diu
1676 2271 1742 2307 fuit

287 2321 361 2344 cum
389 2311 590 2353 Byzantium
615 2313 765 2357 appulit,
787 2318 968 2357 rogaturus
989 2315 1246 2360 imperatorem,
1269 2320 1304 2350 et
1328 2317 1438 2361 pondo
1464 2316 1589 2370 septies
1607 2320 1740 2349 centum

286 2355 361 2388 auri
380 2356 556 2389 oblaturus
570 2384 579 2397 ,
612 2362 651 2390 ut
674 2358 708 2391 in
724 2359 948 2393 sacerdotium
974 2361 1208 2394 restitueretur
1219 2387 1229 2403 ‚
1253 2373 1275 2395 a
1293 2372 1358 2406 quo
1382 2373 1420 2395 se
1434 2373 1496 2406 per
1513 2360 1663 2395 iniuriam
1678 2360 1740 2394 de-

287 2400 411 2434 iectum
434 2401 668 2435 contendebat.
716 2403 896 2438 Pecuniam
922 2405 1124 2439 Iustinianus
1148 2406 1300 2451 accepit,
1326 2406 1530 2450 Paulumque
1553 2405 1690 2439 comiter
1705 2407 1740 2438 et

284 2446 530 2489 perhonorifice
549 2447 683 2485 habuit,
703 2458 844 2492 eumque
859 2450 1054 2494 propediem
1079 2450 1260 2485 antistitem
1274 2450 1508 2485 Alexandrinis
1523 2450 1621 2493 (licet
1639 2449 1738 2483 alteri

285 2490 510 2524 sacerdotium
531 2490 563 2523 id
581 2492 687 2535 esset)
705 2493 946 2528 restituendum
962 2496 1154 2529 affirmabat
1166 2520 1176 2537 ,
1209 2495 1304 2541 quasi
1323 2506 1388 2528 non
1404 2506 1424 2528 a
1439 2507 1476 2529 se
1495 2496 1538 2529 de
1552 2495 1633 2528 viris
1650 2493 1738 2528 illius

284 2536 599 2577 contubernalibus,
621 2542 657 2570 et
684 2538 868 2572 auxiliariis
894 2540 1035 2583 pecunia
1051 2545 1088 2574 et
1107 2539 1221 2584 capite
1241 2540 1450 2584 anquisitum.
1497 2541 1549 2574 Ea
1564 2551 1646 2574 vero
1663 2550 1736 2572 cum

285 2579 469 2614 caesarem
484 2591 566 2614 cure
579 2581 791 2626 studiumque
805 2583 1022 2618 vehementer
1035 2585 1200 2619 intentum
1215 2586 1367 2627 baberet,
1385 2585 1506 2619 nemini
1519 2585 1587 2618 iam
1602 2584 1737 2618 dubium

284 2630 372 2666 erat,
405 2625 483 2669 quin
511 2626 730 2660 sacerdotium
753 2628 879 2661 Paulus
904 2634 995 2662 esset
1016 2634 1268 2664 consecuturus.
1317 2630 1441 2664 Verum
1457 2630 1626 2664 enimvero
1643 2628 1736 2674 prin-

281 2669 349 2713 cipi
375 2669 410 2702 id
425 2671 606 2715 imperanti
620 2671 708 2704 baud
727 2682 892 2716 quaquam
910 2673 1052 2717 Vigilius
1079 2675 1154 2718 (qui
1169 2686 1231 2719 per
1244 2674 1279 2708 id
1295 2678 1427 2720 tempus
1443 2674 1600 2719 Byzantii
1617 2684 1734 2707 versa·-

283 2714 403 2757 batur)
425 2715 671 2750 concedendum
687 2717 815 2750 censuit
825 2743 834 2757 ,
870 2728 980 2771 neque
994 2718 1038 2752 de
1053 2721 1220 2754 sententie
1234 2730 1255 2752 a
1270 2731 1307 2754 se
1322 2719 1472 2753 nimirum
1491 2730 1550 2764 per
1564 2718 1732 2770 Pelagium

280 2757 353 2794 lata
378 2760 619 2795 decedendum.
666 2761 727 2796 Sic
749 2763 901 2797 omnibus
925 2774 959 2798 lu
973 2764 1116 2809 negotiis
1140 2764 1198 2798 uni
1213 2765 1376 2810 pecuniae
1392 2764 1617 2799 corradendae
1629 2763 1733 2796 lusn-
