1858 3126
534 145 804 190 HISTORIA
836 144 1046 188 ARGANA
1076 143 1156 188 21.
1485 142 1578 188 121

122 265 218 314 τοὺς
241 261 423 313 ἴσεσθαι,
443 260 511 303 καὶ
527 257 629 315 μήτε
646 278 685 302 τι
705 257 847 303 δώσειν
864 263 936 314 τῆς
958 258 1086 315 ἀρχῆς
1105 257 1217 300 ἕνεκα
1235 254 1337 312 μήτε
1359 253 1585 312 λήψεσθαι.

124 331 227 391 ἀράς
248 348 291 374 τε
312 329 447 380 πάσας
462 330 676 383 ἐπέβαλεν,
712 327 806 372 ὅσαι
823 329 925 385 πρὸς
945 332 1026 371 τῶν
1044 325 1327 369 παλαιοτάτων
1347 327 1588 380 ὠνομασμέ-

123 419 189 446 ναι
207 402 318 451 εἰσὶν,
353 399 403 454 ἤν
423 415 485 448 τις
514 402 594 440 τῶν
621 398 906 454 γεγραμμένων
927 398 1082 451 ἐκβαίη.
1152 396 1259 438 ἀλλὰ
1276 400 1348 437 τοῦ
1371 393 1497 450 νόμου
1524 412 1590 438 τε·

121 469 266 519 θέντος
295 467 407 511 οὔπω
434 467 614 510 ἐνιαυτὸν
633 467 754 517 αὐτὸς
773 467 847 521 μὲν
864 470 944 508 τῶν
969 466 1254 523 γεγραμμένων
1276 466 1342 507 καὶ
1359 464 1592 521 κατηραμέ-

88 547 203 586 δνων
245 533 519 592 ὀλιγωρήσας,
555 537 623 578 καὶ
642 540 714 590 τῆς
741 533 842 591 ὑπὲρ
870 533 1024 577 τούτων
1055 533 1246 589 αἰσχύνης
1274 533 1510 590 ἀδεέστερον
1538 533 1592 575 τὰ

121 603 330 662 τιμήματα
347 609 426 647 τῶν
445 605 580 662 ἀρχῶν
603 605 643 647 ἐν
658 602 924 661 παραβύστῳ,
945 603 1039 645 ἀλλ’
1063 605 1103 653 ἐς
1120 604 1166 646 τὸ
1187 601 1383 658 δημόσιον
1401 607 1475 656 τῆς
1493 601 1593 657 ἄγο-

123 679 201 733 ρᾶς
225 675 426 732 ἔπραττεν.
496 673 534 715 οἳ
565 673 609 714 δέ
640 673 714 723 τὰς
751 672 881 730 ἀρχὰς
914 671 1109 732 ὥνημιένοι
1142 671 1335 726 διιόμοτοι
1371 675 1528 726 μᾶλλον
1563 669 1590 725 ἢ

122 742 317 802 πρότερον
343 741 475 785 πάντα
499 740 664 784 ἐσύλων.
732 741 967 798 ὕστερονδὲ
1000 742 1068 782 καὶ
1102 739 1202 782 ἄλλο
1230 759 1269 783 τι
1303 738 1589 794 ἐπετεχνήσατο

124 813 248 868 ἀκοῆς
281 818 478 868 κρεῖσσον.
545 814 626 852 τῶν
653 811 811 865 ἀρχῶν,
844 809 971 866 ἅσπερ
998 808 1223 860 ἀξιωτάτοις
1249 809 1289 851 ἵν
1318 826 1360 850 τε
1382 809 1592 866 Βυζαντίῳ
1616 811 1649 845 D

53 882 115 926 '10
127 883 195 924 καὶ
222 878 361 924 πόλεσι
390 887 478 930 ταῖς
506 878 647 929 ἄλλαις
673 878 771 937 ᾤετο
802 877 912 930 εἶναι,
949 879 1080 920 οὐκέτι
1111 878 1348 932 ἀπεμπολᾶν
1371 877 1469 932 ἔγνω
1491 871 1593 934 ’ᾗπερ

123 951 175 993 τὰ
196 947 394 1006 πρότερα,
423 949 661 1004 μισθωτοὺς
690 949 733 990 δὲ
755 946 1062 1004 διερευνώμενος
1083 946 1330 1004 ἐχειροτόνει,
1364 946 1490 997 τάξας
1519 947 1594 988 αὖ-

124 1026 208 1069 τοΐς
234 1018 256 1060 ὅ
285 1035 323 1060 τι
351 1018 401 1072 δὴ
434 1021 765 1074 μισθαρνοῦντας
800 1017 1017 1074 ἀποφέρειν
1055 1017 1164 1073 αὐτῷ
1205 1017 1256 1058 τὰ
1282 1017 1416 1072 χωρία
1449 1013 1593 1057 πάντα.

117 1082 164 1129 ὀἱ
193 1088 238 1129 δὲ
263 1087 338 1142 τὴν
365 1087 572 1141 μίσθωσιν
609 1086 888 1140 κεκομισμένοι
917 1086 1152 1142 ἀδεέστερον
1189 1083 1523 1142 ξυμψορῆσαντες
1553 1085 1595 1125 ἐκ

125 1155 256 1210 πάσης
289 1159 363 1212 γῆς
399 1154 559 1197 ἅπαντα
585 1155 730 1212 ἔφερον
770 1156 836 1196 καὶ
869 1153 1105 1211 περιήρχετο
1137 1153 1403 1210 μισθοφόρος
1434 1154 1596 1202 ἐξουσία

73 1234 117 1270 15
129 1229 184 1282 τῷ
202 1230 274 1279 τῆς
295 1224 422 1281 ἀρχῆς
452 1223 618 1278 ὀνόματι
651 1224 964 1278 καταληιζομένη
994 1224 1090 1273 τοὺς
1117 1221 1334 1277 ὑπηκόους.
1419 1221 1547 1271 οὕτως
1574 1218 1594 1262 ὃ

125 1294 319 1348 βασιλεὺς
348 1292 738 1349 ἀκριβολογούμενος
773 1293 844 1335 τὸν
881 1291 1040 1334 ἅπαντα
1065 1290 1211 1348 χρόνον
1249 1292 1420 1340 ἐκείνους
1455 1291 1598 1347 ἐφίστη

127 1369 211 1412 τοῖς
249 1360 483 1418 πράγμασιν
522 1361 567 1403 οἳ
594 1362 645 1415 dt)
683 1360 842 1403 πάντων
870 1362 973 1403 κατὰ
1004 1361 1074 1403 τὸν
1107 1361 1246 1415 ἀληθῆ
1287 1359 1404 1415 λόγον
1437 1357 1597 1415 μιαρώ-
1621 1371 1650 1405 Ρ
1676 1371 1723 1404 62

127 1447 240 1474 τατοι
258 1425 374 1484 ἦσαν,
411 1430 476 1471 ἀεί
491 1447 533 1472 τε
555 1431 600 1472 τὸ
623 1430 748 1471 κακὸν
765 1435 883 1472 τοῦτο
903 1433 1124 1484 ἷχνηλατῶν
1146 1427 1447 1483 κατετύγχανεν.
1482 1426 1599 1482 ἡνίκα
1622 1419 1652 1451 A
1674 1416 1721 1453 94

129 1494 200 1541 οὖν
220 1498 356 1552 ἀμέλει
376 1498 470 1548 τοὺς
489 1497 676 1554 πρώτους
706 1499 908 1555 πονηροὺς
931 1501 993 1540 ἐπὶ
1014 1503 1086 1552 τῆς
1107 1498 1236 1554 ἀρχῆς
1260 1496 1534 1551 κατεστήσατο
1561 1498 1602 1546 ἐς

27 1623 30 1625 -
74 1570 220 1625 Ξθφῶς
240 1584 282 1609 τε
302 1567 434 1609 αὐτῶν
458 1565 483 1621 ἡ
502 1573 574 1620 τῆς
592 1566 801 1621 δυνάμεως
823 1568 984 1617 ἐξουσία
1004 1556 1077 1620 την
1096 1568 1366 1622 κακοτροπιάν
1386 1565 1602 1620 ἐξήνεγκεν,

131 1634 416 1690 ἐθαυμάζομέν
457 1653 500 1690 γε
532 1635 640 1685 ὅπως
675 1636 726 1690 δὴ
757 1635 962 1690 κακότητα
994 1634 1195 1689 τοσαύτην
1224 1634 1448 1692 ἀνθρώπου
1480 1634 1604 1692 ᾳύσις

131 1703 346 1761 ἐχώρησεν.
416 1705 499 1745 ἐπεὶ
532 1704 575 1745 δέ
606 1704 753 1755 αὐτοὺς
784 1704 820 1746 οἶ
835 1703 970 1761 χρόνῳ
995 1722 1051 1761 τῳ
1076 1704 1205 1760 ἀρχὰς
1226 1703 1478 1757 ἐκδεξάμενοι
1501 1707 1604 1745 πολ-

133 1776 189 1829 λῷ
218 1777 276 1830 τῷ
306 1771 481 1828 περιόντι
498 1776 676 1828 παρελᾶν
698 1772 891 1826 ἴσχυσαν,
928 1777 1193 1829 διηποροῦντο
1216 1773 1319 1830 πρὸς
1343 1772 1543 1826 ἀλλήλους
1565 1772 1604 1813 οἳ

133 1840 348 1898 ἅνθρωποι
368 1838 501 1882 ὅντινα
520 1839 668 1898 τρόπον
696 1841 732 1882 οἳ
752 1840 936 1897 πρόσθεν
957 1841 1223 1898 πονηρότατοι
1249 1840 1435 1891 δόξαντες
1456 1839 1604 1883 τοσού-

225 1931 248 1964 9
273 1923 505 1969 ἀπεμπολᾶν]
526 1921 752 1968 οἷπεμπολεῒν
768 1925 839 1959 ΑΡ.
934 1926 989 1960 12.
1015 1922 1038 1960 δ’
1055 1937 1091 1959 τι
1109 1923 1155 1969 δή
1175 1925 1481 1968 μισθαρνοῦντας
1496 1925 1605 1960 Alem-

227 1967 287 2007 ὅτι
304 1971 669 2014 διαμισθαρνοῦντας
685 1972 756 2005 ΑΡ.
831 1971 915 2005 ibid.
945 1972 1077 2016 χωρία]
1104 1971 1318 2017 Suspectum.
1338 1971 1468 2005 Rmsx·

134 2039 224 2086 pinis
238 2039 449 2082 foedatur-os,
474 2038 622 2083 nihilque
638 2039 776 2072 daturos
794 2051 856 2084 pro
874 2038 1109 2083 dignitatibus,
1132 2039 1188 2073 vel
1203 2044 1417 2085 accepturoS,
1433 2039 1490 2084 qui
1506 2050 1606 2073 secus

134 2087 311 2128 fecissent,
330 2085 410 2118 diris
425 2085 577 2118 omnibus
594 2096 685 2119 more
700 2085 860 2119 maiorum
882 2086 1144 2121 devoverentur.
1196 2087 1227 2119 A
1244 2085 1313 2119 lata
1330 2087 1407 2130 lege
1425 2087 1481 2119 vix
1499 2096 1606 2119 annus

135 2132 281 2173 abierat,
305 2142 380 2164 cum
398 2130 472 2176 ipse
488 2131 645 2169 decreto,
665 2131 811 2165 dirarum
828 2132 1099 2173 obnunciatione,
1123 2131 1320 2176 pudoreque
1336 2131 1512 2176 neglectis,
1530 2132 1608 2175 dig-

136 2179 262 2212 nitates
278 2177 365 2211 haud
381 2177 537 2218 obscure,
558 2177 621 2210 sed
645 2177 754 2222 palam
770 2177 802 2210 in
822 2178 899 2211 foro
917 2189 978 2222 per
995 2189 1154 2212 summam
1170 2178 1410 2223 impudentiam
1426 2177 1535 2222 pretio
1554 2178 1608 2210 di-

137 2223 345 2263 venditaret;
368 2234 408 2256 ac
422 2222 625 2266 dignitatum
640 2223 824 2257 licitatores
845 2223 972 2269 periuri
995 2224 1128 2256 foedius
1145 2235 1245 2268 quam
1265 2231 1367 2258 antea
1383 2224 1492 2257 onmia
1508 2235 1611 2269 rape-

137 2274 225 2304 rent.
272 2269 413 2302 Demum
427 2268 508 2302 illud
525 2269 625 2302 etiam
642 2269 869 2314 excogitavit,
894 2270 985 2314 quod
1007 2281 1093 2314 pene
1114 2270 1316 2303 incredibile
1332 2276 1519 2304 memoratu
1536 2275 1611 2311 est3

138 2314 298 2360 Byzantii
321 2319 426 2359 atque
449 2314 702 2360 municipiorum
720 2326 866 2348 summos
890 2327 1044 2360 quosque
1057 2316 1274 2359 magistratus
1289 2316 1375 2350 haud
1393 2316 1533 2361 amplius
1550 2327 1614 2349 ve-

139 2360 233 2402 nales
257 2361 383 2394 habere
413 2360 582 2401 collibuit;
608 2373 726 2395 verum
752 2362 914 2406 quosdam
943 2362 992 2394 eis
1015 2362 1203 2407 praeficere
1229 2361 1477 2405 conductitios,
1511 2366 1614 2406 pacta

141 2405 309 2450 mercede,
336 2405 392 2451 qui
419 2417 535 2440 omnes
559 2406 603 2440 ad
628 2418 702 2440 eum
722 2407 872 2440 locorum
897 2415 1086 2452 proventus
1105 2408 1344 2442 conveherent.
1400 2408 1455 2441 Illi
1470 2412 1612 2452 accepto

142 2451 310 2497 stipendio
323 2452 558 2499 undecumque
571 2457 742 2487 terrarum
757 2465 818 2498 per
833 2453 1069 2498 impudentiam
1082 2464 1205 2499 susque
1216 2453 1326 2498 deque
1341 2454 1524 2487 trahebant
1542 2465 1615 2486 om-

142 2496 200 2532 nia
222 2499 560 2545 comportabantque.
621 2499 765 2532 Videres
790 2500 1022 2542 magistratum
1049 2499 1290 2534 conductitium
1314 2500 1378 2533 huc
1405 2505 1509 2544 atque
1534 2499 1615 2532 illuc

145 2542 368 2586 oberrantem,
392 2545 615 2589 praelatoque
636 2544 770 2578 nomine
794 2545 968 2588 dignitatis
1000 2545 1036 2579 in
1061 2546 1288 2590 provinciales
1308 2546 1528 2582 saevientem.
1575 2545 1616 2577 In

145 2598 266 2632 magno
281 2589 316 2623 id
329 2600 463 2635 semper
477 2591 614 2634 negotio
629 2590 832 2625 Iustinianus
849 2591 964 2625 habuit
976 2618 986 2635 ,
1022 2603 1086 2626 nec
1106 2603 1167 2626 sua
1182 2592 1274 2625 illum
1290 2592 1413 2625 fefellit
1428 2591 1616 2632 industria;

146 2637 188 2668 ut
211 2633 334 2679 quique
354 2635 427 2669 sine
448 2637 682 2670 controversia
705 2636 1017 2671 consceleratissimi
1039 2638 1142 2671 rebus
1166 2643 1379 2683 praeessent.
1430 2637 1514 2670 Cum
1532 2647 1615 2678 ergo

146 2677 288 2724 primum
313 2681 459 2715 nefarios
480 2682 524 2716 ad
546 2682 732 2726 dignitates
756 2683 883 2726 evexit,
910 2694 1094 2728 eorumque
1109 2684 1359 2729 improbitatem
1376 2682 1554 2728 potestatis
1571 2681 1615 2714 li-

147 2723 257 2758 centia
272 2725 439 2769 prodidit,
461 2739 623 2773 perquam
640 2728 758 2762 mirum
774 2729 883 2762 visum
899 2734 951 2763 est
963 2754 974 2771 ‚
996 2729 1025 2762 si
1043 2735 1171 2763 tantam
1188 2731 1279 2763 ferre
1295 2734 1410 2774 posset
1425 2727 1617 2771 malignita-

148 2776 215 2804 tem
232 2770 406 2804 humanum
419 2771 608 2816 ingenium:
631 2778 669 2808 at
682 2774 759 2807 illos
772 2774 829 2809 ubi
843 2774 942 2818 longo
957 2775 1138 2808 intervallo
1155 2786 1367 2810 successores
1382 2777 1615 2818 superassent,

148 2817 361 2862 quaerebant
387 2817 547 2863 homines,
570 2819 630 2865 qui
655 2819 791 2856 tandem
814 2820 880 2855 visi
898 2821 1031 2867 priores
1054 2821 1102 2855 illi
1117 2822 1219 2867 longe
1232 2819 1484 2866 flagitiosissimi
1507 2820 1549 2854 ab
1566 2819 1619 2854 his
