1800 3126
274 141 369 186 370
723 142 781 186 ΙΝ
814 142 957 185 HIST.
993 142 1245 186 ARCANAM

380 250 428 286 P.
455 248 530 298 46,
566 250 631 289 11.
690 248 935 286 Amantium
980 248 1249 286 eunuchorum
1294 250 1413 288 aulae
1448 249 1695 303 principem]

269 305 517 342 Marcellinus
539 305 693 354 palatii
717 305 993 354 praepositam
1028 304 1225 351 nominat3
1263 306 1453 356 Evagrius
1484 309 1698 356 imperato-

271 361 331 396 ris
360 360 536 396 cubiculi
554 358 812 409 praesectum.
869 360 964 395 Erat
989 359 1023 395 is
1052 357 1266 407 eunuchus,
1295 373 1417 412 eaque
1440 374 1480 398 re
1510 374 1600 398 cum
1623 361 1697 397 sibi

271 427 458 466 quaerere
484 416 694 464 imperium
723 427 801 450 non
828 420 977 478 posset,
1016 412 1058 450 id
1086 414 1243 464 optabat
1269 413 1478 453 Theocrito
1513 417 1698 452 familiari

272 482 369 517 suo3
407 469 510 506 unde
535 468 817 519 perduellionis
846 470 1107 519 suspicionem
1135 470 1357 517 incurrens,
1397 483 1419 507 a
1449 473 1596 508 Iustino
1625 484 1698 507 ne-

270 532 403 561 catur·
434 524 540 561 addit
569 525 818 561 Marcellinus
848 536 1004 561 causam
1031 522 1202 561 haeresis
1221 523 1550 574 Manichaeomm,
1575 538 1698 577 quare

271 575 465 629 ἅντοὶρτης
493 581 565 629 τῆς
592 576 769 628 τριάδος,
808 578 962 616 rebellis
994 581 1195 616 trinitatis
1223 592 1245 615 a
1273 581 1406 630 Tyriis
1431 587 1588 618 vocatus
1629 587 1700 628 est,

271 641 310 671 et
338 648 359 671 a
386 635 586 684 Byzantiis
614 635 807 671 Zammac
836 635 884 671 ab
921 635 1067 684 insigni
1097 633 1327 671 Manichaeo
1366 634 1542 672 eiusdem
1568 637 1700 672 nomi-

269 691 354 726 nis:
391 691 604 739 Procopius
642 691 824 726 iniuriam
854 662 1022 726 „illatamt>
1045 691 1181 726 Ioanni
1225 688 1485 740 patriarchae3
1528 691 1700 727 fortassis

273 745 424 781 occasio
463 745 570 781 necis
609 751 759 794 captata
796 742 888 780 hinc
925 751 995 782 est.
1061 746 1185 781 Huius
1225 746 1398 781 Amantii
1431 743 1568 782 domus
1607 752 1700 792 erat,

273 811 374 849 quae
413 797 553 836 deinde
591 801 714 836 sancti
742 797 922 836 Thomae
959 800 1121 836 ecclesia
1158 800 1237 836 'fuit
1265 801 1617 851 Constantinopoli,
1659 807 1702 836 ut

274 860 333 890 est
371 853 475 904 apud
508 860 683 891 autorem
720 855 914 903 originum
943 855 1019 891 GP.
1048 862 1085 891 et
1114 857 1285 892 Zonaras
1318 855 1531 892 confirmat.
1588 856 1703 893 Anti—

274 921 353 959 qua
390 916 522 945 tamen
558 910 757 959 inscriptio
786 911 899 946 Pauli
926 910 1140 946 Silentiarii
1178 910 1229 947 ad
1266 909 1427 948 domum
1462 923 1575 949 suam
1601 917 1703 946 tem-

273 964 386 1013 plum
409 963 638 1001 aedificasse
666 966 892 1001 Amantium
921 971 1094 1002 testatur.

389 1015 513 1059 Τόνδε
539 1022 625 1072 θεῷ
651 1016 772 1070 κᾶμες
799 1016 909 1059 οἷκον
935 1016 1116 1071 Ἀμοὲντιε
1144 1016 1311 1070 μεσσόθι
1338 1017 1487 1060 πόντου

444 1077 535 1120 Τοῖς
562 1060 836 1140 πολυδινήτοις
863 1071 1010 1125 κύμασι
1029 1072 1300 1143 μαρνάμενον.

386 1125 447 1168 Ου
476 1125 610 1177 νότος,
640 1144 687 1168 ov
718 1128 902 1180 βορέης“
885 1126 994 1182 ιερόν
1024 1128 1087 1168 σέο
1116 1130 1227 1180 δῶμα
1254 1126 1414 1180 τινᾶξει,

441 1186 542 1247 Νηῳ
550 1185 765 1249 θεσπεσίῳ
794 1185 893 1237 τῷδε
922 1179 1233 1234 φυλασσόμενον.

385 1235 514 1302 Ζῴοις
542 1235 672 1289 ἤματα
694 1224 839 1277 πολλά·
870 1236 919 1276 συ
946 1253 1020 1291 γαρ
1043 1238 1244 1290 νεοθηλέα
1266 1235 1422 1290 Ῥώμην

424 1279 584 1346 Πόντῳ
612 1292 772 1340 ἐπαΐξας
800 1288 934 1343 θήκαο
963 1293 1234 1345 φαιόροτέρην.

382 1349 430 1384 P·
460 1347 631 1395 46,13.
690 1348 737 1386 In
773 1347 959 1385 Ioannem
995 1348 1107 1385 urbis
1148 1347 1390 1398 antistitem]
1440 1347 1564 1410 Quem
1603 1343 1710 1396 quod

273 1403 489 1454 plurimum
512 1404 765 1450 Iustinianus,
794 1409 838 1439 ut
865 1402 931 1440 hic
957 1402 1080 1451 vides,
1110 1403 1276 1450 amabat,
1304 1403 1538 1439 oecumenici
1563 1413 1710 1438 nomeu

155 1462 187 1496 A
210 1460 256 1495 23
277 1466 370 1496 tunc
397 1460 570 1509 primum
598 1459 672 1496 sibi
701 1464 947 1508 arrogantem
980 1471 1060 1496 non
1097 1458 1353 1508 compescuit,
1391 1463 1436 1493 ut
1468 1458 1515 1493 iu
1551 1456 1710 1509 prae-fa-

274 1515 381 1551 tione
419 1513 606 1551 diximus.
663 1515 763 1550 Cum
797 1512 862 1549 hic
897 1514 1014 1550 fuerit
1050 1513 1284 1563 Cappadox,
1321 1525 1343 1549 a
1377 1511 1576 1549 nonnullis
1615 1524 1709 1548 con—

275 1568 455 1606 funditur
491 1582 581 1605 cum
619 1569 695 1606 alio
739 1567 916 1606 eiusdem
957 1570 1186 1619 cognomine
1225 1575 1264 1605 et
1306 1569 1488 1615 concive3
1533 1565 1603 1604 sed
1641 1565 1710 1602 hic

274 1624 478 1674 presbyter
505 1625 580 1660 fuit
609 1624 1079 1674 Constantinopolitanus‚
1121 1631 1164 1661 ut
1191 1622 1456 1674 Theophanes
1481 1628 1634 1668 narrat,
1669 1627 1711 1658 et

275 1677 481 1716 Timothei
508 1677 750 1729 patriarchae
778 1679 1004 1729 Syncellus,
1046 1686 1083 1716 et
1118 1691 1218 1715 anno
1247 1679 1452 1715 Iustiniani
1478 1679 1593 1726 tertio
1622 1689 1711 1715 mo·

277 1735 399 1781 ritur3
439 1734 537 1771 alter
564 1747 656 1771 vero
685 1736 849 1771 Ioannes
878 1733 1091 1784 Cappadox
1120 1735 1305 1784 praetorii
1333 1733 1618 1784 praefecturam
1643 1745 1711 1768 ce-

276 1790 335 1839 pit
362 1790 535 1839 primum
569 1790 641 1827 sub
668 1790 907 1836 Iustiniano3
944 1802 1037 1825 nam
1074 1790 1144 1826 sub
1173 1790 1319 1826 Iustino
1358 1801 1445 1825 eam
1469 1789 1596 1838 *gessit
1621 1789 1711 1824 Ma-

277 1846 399 1892 rinus,
431 1843 521 1881 dein
542 1846 699 1895 Appion
726 1846 923 1895 patricius,
949 1852 992 1881 et
1020 1845 1099 1892 alii,
1131 1857 1228 1896 quos
1256 1843 1346 1881 vide
1368 1844 1474 1880 'iufra
1501 1841 1552 1880 ad
1579 1857 1618 1893 p.
1641 1843 1709 1883 92·

387 1901 434 1936 P.
463 1899 530 1946 46,
561 1899 625 1939 15.
690 1900 944 1938 Vitalianum
975 1900 1224 1951 Tyrannum]
1254 1902 1487 1936 Numeratur
1513 1911 1536 1935 a
1565 1899 1710 1935 Proco-

278 1954 344 2004 pio
372 1954 402 1990 l.
428 1956 447 1994 1
477 1955 570 1991 bell.
599 1955 706 1991 Pers.
736 1957 837 1992 inter
864 1954 980 1992 duces
1010 1957 1200 1992 exercitus
1229 1956 1424 1992 Anastasii
1451 1954 1708 2004 imperatoris,

279 2007 464 2046 adversus
503 2022 620 2060 quem
659 2009 799 2046 dein'de
843 2023 950 2046 arma
979 2012 1156 2060 sumpsit.
1213 2011 1396 2046 Extincto
1425 2010 1628 2046 Anastasio
1659 2006 1710 2044 ad

279 2065 562 2114 rempublicam
590 2072 792 2101 revocatur
829 2077 851 2100 a
878 2066 1048 2111 Iustino,
1087 2066 1324 2114 septimoque
1356 2065 1586 2114 receptioni-s·
1613 2077 1710 2099 cuae

279 2117 363 2166 die,
405 2125 449 2154 ut
476 2120 725 2155 Marcellinus
764 2121 834 2165 ait,
877 2121 1067 2169 magister
1101 2119 1270 2155 militiae
1297 2119 1534 2168 ordinatur,
1573 2116 1711 2154 deinde

280 2173 433 2209 consul.
490 2175 641 2210 Tantae
671 2174 746 2210 fuit
774 2173 878 2224 apud
906 2175 1100 2210 Iustinum
1127 2176 1364 2222 autoritatis,
1393 2182 1437 2211 ut
1466 2187 1514 2211 eo
1542 2175 1709 2211 instante

279 2227 470 2265 Severum
508 2234 546 2264 et
583 2229 780 2265 Iulianum
807 2231 1031 2266 Haereticos
1068 2231 1223 2267 iusserit
1262 2231 1444 2277 exulare3
1483 2236 1520 2266 et
1556 2235 1710 2266 sanctus

279 2281 490 2319 Hormisda
518 2296 620 2334 papa
659 2283 708 2320 acl
745 2297 836 2320 eum
864 2286 1058 2334 scripserit
1088 2284 1135 2322 de
1165 2286 1404 2335 gravioribus
1435 2285 1619 2321 ecclesiae
1646 2297 1710 2320 re-

279 2337 373 2387 bus,
419 2345 463 2374 ut
494 2345 551 2375 est
579 2340 621 2374 in
651 2340 814 2389 epistola
842 2340 1045 2376 Iustiniani
1081 2339 1131 2377 ad
1160 2340 1328 2377 eundem
1356 2338 1632 2377 Hormisdam:
1668 2340 1710 2375 in

281 2405 360 2444 qua
397 2405 487 2429 cum
512 2393 690 2442 jratrem
729 2408 820 2431 eum
855 2397 1091 2432 Iustinianus
1128 2397 1320 2446 appellet,
1359 2394 1556 2432 Amoldus
1583 2395 1710 2432 Uviou

281 2450 337 2485 sic
366 2450 535 2498 accepit,
580 2451 691 2500 quasi
728 2449 775 2487 de
805 2450 998 2488 Germano
1033 2451 1150 2488 fratre
1182 2450 1346 2497 dixerit3
1385 2449 1455 2487 sed
1491 2462 1708 2501 perperam.

280 2505 381 2540 Nam
408 2504 612 2551 vitaliani,
654 2511 691 2541 et
718 2507 922 2542 Iustiniani
949 2513 1130 2555 nepotes,
1160 2519 1302 2555 nempe
1330 2505 1515 2543 Ioannem
1544 2513 1581 2542 et
1611 2506 1710 2543 Ger-

283 2572 473 2606 manum,
500 2572 579 2595 non
607 2559 726 2597 modo
757 2562 1061 2610 consanguineos
1090 2561 1208 2598 fuisse
1237 2567 1353 2610 negat
1380 2562 1611 2611 Procopius,
1640 2558 1709 2598 sed

282 2613 458 2651 familiae
488 2612 673 2664 dignitate
708 2616 825 2666 longe
854 2617 955 2652 inter
991 2629 1031 2653 se
1064 2615 1225 2653 distasse
1256 2618 1374 2653 etiam
1401 2617 1567 2653 affirmat
1594 2628 1708 2666 supra

283 2682 324 2718 p.
353 2670 418 2708 23.
473 2671 677 2707 Praeterea
708 2671 783 2708 suit
804 2672 1017 2708 Vitalianus
1047 2684 1187 2720 genere
1215 2671 1371 2721 Scytha,
1399 2678 1444 2708 ut
1463 2672 1708 2708 Marcellinus

283 2723 414 2773 habet,
443 2726 658 2763 Patricioli
674 2727 809 2777 filiae,
839 2734 882 2764 ut
909 2728 1120 2778 Procopius
1147 2734 1275 2764 narrat
1302 2727 1330 2764 1.
1358 2729 1376 2767 1
1408 2726 1455 2764 de
1483 2727 1574 2764 bell.
1602 2728 1706 2764 Pers.
