1800 3126
600 151 790 196 NOTAE
821 149 1117 195 ALEMANNI.
1491 147 1590 196 469

129 260 246 310 dam,
283 262 367 299 nisi
393 275 438 298 ex
465 261 660 299 humanis
689 263 922 299 excessisset.
979 261 1119 298 Nescio
1159 271 1210 296 an
1247 270 1300 296 ex
1336 259 1509 310 Evagrio
1546 259 1591 297 id

130 319 352 367 confirmari
380 320 506 370 possit
534 319 562 356 l.
590 317 617 359 4
647 325 849 367 extremo,
892 313 1072 370 οἷοροὲτως
1099 314 1268 368 τρωθεὶς
1306 312 1371 356 τὸν
1400 317 1491 367 βίον
1519 331 1590 356 κα-

127 374 327 427 τέστρεψε,
357 389 402 411 ex
431 375 582 412 occulto
607 389 680 426 per
682 376 823 412 cul-sus
851 374 957 411 hanc
979 375 1106 412 vitam
1124 373 1295 424 finivit5
1326 379 1365 409 et
1393 372 1422 409 l.
1442 371 1467 412 5
1493 376 1588 413 c.1.

129 446 235 472 ουτω
271 429 343 482 μὲν
383 428 432 483 δὴ
469 427 739 479 Ἰουστινιανός
779 426 1044 479 απαξαπαντα
1086 426 1258 481 ταράχον
1292 427 1360 468 καὶ
1395 425 1589 486 θορύβων

127 483 363 540 πληρώσας,
402 487 470 528 καὶ
505 485 554 528 τοὶ
592 488 766 555 ἐπίχειρα
800 502 954 528 τουτων
990 483 1088 551 πρὸς
1116 488 1172 539 τῷ
1204 484 1364 552 τέρματι
1391 486 1465 526 τοῦ
1494 485 1588 536 βίου

127 541 394 596 κομισάμενος
423 544 480 592 εἰς
516 541 564 584 τοὶ
602 540 814 585 κατωτάτω
854 539 1097 597 μετεχώρησε
1133 527 1403 594 ἑικαιωτήρια.
1459 541 1590 579 Iasti-

127 602 277 645 nianus
304 602 455 652 igitur,
496 614 587 638 cum
625 603 764 638 omnia
793 602 954 637 omnino
984 599 1104 637 turba
1133 613 1183 637 ac
1210 599 1386 637 tumultu
1415 599 1590 650 comple-

126 658 270 706 visset,
311 655 600 708 mercedemque
634 657 702 695 his
736 657 854 695 rebus
883 655 1061 693 debitam
1089 657 1132 693 in
1161 663 1328 693 extremo
1355 656 1464 693 vitae
1490 669 1590 692 suae

127 720 298 765 tempore
323 721 582 766 reportas-cet,
610 712 670 752 ad
699 714 903 766 supplicia
930 715 1036 752 iusto
1065 711 1130 749 dei
1158 711 1312 750 iudicio
1342 710 1458 763 apud
1483 713 1589 762 infe-

127 784 194 807 ros
231 769 382 808 luenda
410 770 618 821 profectu-s·
657 778 725 812 est.
792 771 930 807 Mortis
983 768 1145 821 quidem
1185 782 1311 820 genus
1349 769 1586 816 obscuru1n;

127 827 329 865 obscurius
358 841 452 866 vero
483 834 543 866 est
571 826 679 879 quod
715 833 805 878 post
835 833 1006 865 mortem
1035 827 1252 864 Iustiniauo
1284 827 1508 876 praemium
1537 827 1588 862 sit

125 884 388 934 persolutum.
444 885 508 921 An
548 883 655 936 quod
693 882 759 921 hic
788 884 983 934 Evagrius
1022 889 1216 920 memorat
1254 883 1470 932 flagitiosae
1502 883 1587 919 eius

126 941 231 977 vitae
261 953 355 977 sane
381 939 597 978 meritum?
629 954 679 977 au
709 953 810 992 quae
840 939 1045 991 flagitiosis
1077 941 1215 987 etiam,
1246 938 1318 977 sed
1346 939 1588 990 poenitenti-

125 996 222 1044 bus,
251 1009 332 1034 nou
360 1004 528 1047 negatur
555 995 585 1049 ἦ
613 994 812 1050 ἀκήρατος
840 999 970 1049 λῆξις,
1000 997 1236 1033 immortalis
1265 997 1370 1033 vitae
1401 994 1586 1042 conditio,

108 1059 172 1090 'ut
208 1051 317 1090 idem
346 1051 674 1106 Theophylactus
710 1054 739 1091 l.
771 1056 795 1094 3
826 1067 860 1091 c.
891 1056 917 1096 9
948 1051 1147 1091 affirmat‘l
1188 1054 1368 1091 Tantum
1394 1050 1589 1089 iudicium

125 1110 169 1146 in
198 1108 306 1148 diem
332 1123 567 1162 supremum
593 1111 858 1150 remttamus.
