1800 3126
263 179 359 225 398
711 177 771 221 IN
802 176 946 220 HIST.
977 176 1233 220 ARCANAM

262 286 475 324 Iustiniana
508 287 550 323 in
580 286 726 337 Campo
752 285 963 323 Armeniae
994 284 1154 324 maioris
1181 286 1349 324 Zumina
1382 291 1533 326 vocato.
1589 286 1688 324 Pro'-

318 343 451 392 copius
480 343 509 379 l.
533 342 559 381 3
589 341 708 378 aedif.

261 399 487 444 Iustiniana,
518 410 616 447 quae
636 397 760 447 Sycae
789 393 987 446 quondam
1015 395 1237 444 vocabatur,
1265 395 1383 434 modo
1402 397 1553 434 Galata.
1608 397 1690 432 No-

315 453 408 489 vell.
431 453 497 492 59.
528 450 671 488 Chron.
700 449 916 488 Alexandr.
946 448 1135 500 Stephan.
1166 449 1214 486 de
1243 451 1335 488 Urb.
1365 451 1534 502 Hesych.

259 508 576 557 Iustinianopolis
604 520 707 544 nova
735 508 776 542 in
804 507 933 543 insula
961 506 1103 555 Cypro.
1160 505 1308 556 Synod.
1335 507 1464 543 Trull.
1490 519 1575 543 can.
1597 507 1663 546 39.

259 563 577 612 Iustinianopolis
606 564 647 598 in
667 563 799 612 Epiro,
831 562 927 598 olim
946 560 1236 610 Adrianopolis.
1292 563 1455 611 Procop.
1474 562 1504 598 l.
1525 561 1551 601 4
1575 559 1693 598 aedif.

260 618 579 667 Iustinianopolis
612 631 682 655 seu
709 617 885 668 Myloma
919 618 962 652 in
988 614 1237 667 Pamphylia.
1293 618 1340 653 Iu
1375 617 1599 666 provincial.
1628 628 1694 651 ec-

320 674 411 709 cles.
442 675 615 710 orientis.

262 729 582 778 Iustinianopolis
611 729 692 765 sive
721 726 887 777 Spalaea
921 726 962 761 in
987 725 1153 762 Galatia.
1209 723 1376 762 Ibidem.

263 784 602 833 Iustinianopolis,
633 795 732 834 quae
758 789 795 818 et
817 782 958 819 Evaria
985 782 1027 816 in
1054 779 1266 817 Phoenicia
1293 781 1446 819 Libani.
1501 777 1666 816 Ibidem.

267 840 583 888 Iustinianopolis
611 840 654 874 in
683 836 853 875 secunda
882 834 1141 886 Cappadocia.
1197 835 1346 888 Synod.
1368 837 1417 875 V·
1445 835 1645 873 Constant.

267 895 586 944 Iustinianopolis
617 893 719 930 dicta
751 893 958 943 Cypselon.
1015 890 1182 928 Ibidem.

269 950 588 1000 Iustinianopolis
616 950 657 985 in
683 949 882 985 Armenia.
936 945 1102 983 Ibidem.

270 1006 588 1055 Iustinianopolis
615 1005 945 1041 Camuhanorum.
1001 1000 1167 1038 Ibidem.

271 1061 590 1110 Iustinianopolis
618 1061 660 1095 in
688 1058 887 1109 Bithynia.
944 1056 1109 1094 Ibidem.
1166 1057 1338 1101 Quarum
1368 1054 1541 1105 episcopi
1567 1051 1705 1092 Theo-

329 1115 475 1162 dosius,
505 1116 706 1164 Georgius,
738 1114 960 1164 Gregorius,
992 1112 1174 1160 Basilius,
1203 1109 1456 1148 Macedonius
1485 1109 1615 1147 eidem
1641 1111 1705 1146 in-
1754 1134 1758 1138 -

327 1171 546 1208 terfuerunt
573 1169 740 1222 synodo.

843 1267 1149 1305 Orr1nA.

273 1348 593 1399 Iustinianopolis
623 1345 813 1399 oppidum
839 1343 883 1380 in
910 1343 1051 1394 Mysia.
1106 1340 1319 1392 Procopius
1345 1340 1376 1378 1.
1403 1339 1431 1381 4
1459 1339 1578 1380 aedis.

835 1445 1161 1481 Pon'rus.

273 1527 536 1565 Iustinianeus
565 1531 701 1576 portus
723 1521 917 1574 Byzantii,
949 1519 1030 1559 ἐκεῖ
1053 1513 1324 1565 Ἰουστινιανός
1348 1513 1512 1572 κατῴκει
1540 1516 1616 1571 πρὸ
1643 1522 1714 1559 τοῦ

333 1583 573 1633 βασιλεῦσαι.
630 1579 693 1617 Ibi
722 1578 973 1617 lastinianus
1002 1581 1215 1626 antequam
1242 1575 1462 1625 imperaret,
1490 1573 1715 1614 habitabat.

331 1640 379 1673 In
403 1637 584 1689 πατρίοις
613 1636 691 1672 CP.

861 1731 896 1767 D
928 1742 953 1767 o
984 1741 1017 1765 m
1045 1741 1071 1766 u
1102 1741 1138 1766 s.

278 1812 564 1850 Iustiniaueum
599 1809 814 1860 palatium,
852 1810 895 1844 in
925 1820 1002 1858 quo
1042 1807 1226 1856 rescripta
1263 1805 1508 1856 imperatoris
1534 1803 1720 1854 vulgabat

335 1865 621 1905 Demosthenes
650 1865 869 1915 praefectus
898 1863 1106 1914 praetorio.
1163 1863 1209 1898 In
1238 1859 1326 1898 cod.

797 1965 830 2000 L
859 1976 876 2000 1
903 1975 930 2000 'r
959 1975 986 1999 'r
1015 1975 1038 1999 E
1068 1974 1096 1998 R
1124 1971 1153 1998 Α
1179 1973 1219 1997 Ε.

285 2044 523 2083 Iustinianus
554 2054 657 2092 apex
683 2042 716 2077 1.
744 2041 874 2077 littera
903 2037 1007 2076 dicta
1034 2039 1129 2086 fuit,
1159 2044 1203 2074 ut
1231 2037 1388 2087 Coripp.
1414 2037 1444 2073 l.
1475 2042 1514 2079 1.

503 2098 690 2135 Nominis
719 2103 755 2132 et
782 2097 879 2132 recti
907 2095 1060 2132 Iustino
1090 2094 1133 2129 z'n
1153 2094 1334 2143 principe
1363 2093 1464 2130 vivit

502 2153 756 2192 lastinianus
779 2163 889 2200 apex.

882 2250 914 2286 L
943 2262 960 2286 1
987 2262 1011 2286 B
1041 2260 1070 2286 n
1101 2260 1132 2286 1.

285 2317 573 2356 Iustinianetun
603 2314 814 2366 digestum.

285 2375 548 2412 Iustinianeus
578 2371 717 2410 codex.
772 2371 924 2408 Novell.
947 2372 999 2411 66
1026 2369 1056 2406 l.
1084 2368 1202 2406 unica
1230 2366 1280 2405 de
1307 2379 1400 2406 nov.
1429 2364 1516 2404 cod.
1543 2365 1620 2404 fac.

778 2470 806 2508 S
836 2482 856 2507 c
887 2482 914 2506 11
945 2481 970 2506 o
1000 2481 1024 2505 1.
1055 2479 1085 2505 Α
1112 2480 1140 2506 R
1168 2480 1191 2505 Ε
1223 2479 1258 2505 s.

288 2546 493 2587 Iustiniani
511 2548 628 2596 novi;
656 2546 752 2584 iuris
773 2544 984 2594 candidati,
1005 2546 1102 2583 olim
1118 2541 1333 2594 Dupoudii.
1388 2543 1571 2580 Prooem.
1590 2541 1730 2593 digest.

827 2646 862 2682 D
892 2658 908 2681 1
936 2656 965 2682 Α
992 2658 1018 2681 n
1048 2657 1070 2681 n
1101 2656 1134 2680 M
1162 2653 1204 2680 A.

296 2715 595 2754 Iustinianeum.
652 2712 784 2749 Genus
813 2709 1015 2762 quoddam
1044 2708 1277 2746 diadematis
1304 2707 1534 2759 imperialis.
1589 2708 1733 2756 Georg-

353 2770 490 2810 Codin.
521 2769 569 2808 de
598 2781 676 2821 quo
706 2766 834 2806 dicam
861 2766 964 2804 infra
992 2764 1044 2804 ad
1071 2779 1112 2816 p.
1141 2767 1194 2806 63
1223 2766 1293 2802 lin.
1324 2767 1390 2807 26.
