1858 3126
329 157 424 203 162
900 147 1169 192 ‚PROCOPII

272 277 304 312 D
329 268 404 311 ὅσα
435 282 506 321 μοι
541 264 684 321 ἀρτίως
710 259 951 316 δεδήλωται,
979 258 1080 316 πρὸς
1101 259 1144 300 δὲ
1164 259 1230 299 καὶ
1249 258 1286 299 οἱ
1302 261 1380 300 τῶν
1395 255 1552 313 χωρίων
1572 260 1751 311 πανταχῆ

330 333 480 391 κύριοι,
516 332 647 381 ἄλλως
676 348 717 373 τε
747 331 813 371 καὶ
841 328 881 369 ἔν
911 327 1127 381 μεσογείοις
1154 326 1205 367 τὰ
1233 326 1362 380 χωρία
1386 328 1512 366 ταῦτα
1534 323 1754 379 ἐτύγχανεν,

332 400 676 455 εὖδαιμονέστατοι
696 396 760 440 ἐπ’
786 394 918 444 αὐτοῖς
939 395 978 436 ἓν
1002 400 1084 442 τοῖς
1103 391 1276 445 μάλιστα
1297 387 1413 446 ἦσαν.
1477 391 1570 441 τοὺς
1590 392 1666 447 γὰρ
1688 390 1755 431 ὅν-

333 486 406 518 τας
437 470 478 509 ἐκ
504 471 574 509 τοῦ
606 463 806 520 περιόντος
837 462 949 518 σφίσι
971 459 1146 517 καρποὺς
1165 460 1296 500 ἵππων
1317 460 1381 500 καὶ
1404 457 1632 512 ἱπποκόμων
1659 473 1756 514 τρο-

336 540 417 593 φῆς
434 535 544 576 ἕνεκα
561 536 618 589 τῷ
644 530 821 585 δημοσίῳ
852 528 926 570 ἀνὰ
944 533 1021 570 πᾶν
1049 527 1133 576 ἔτος
1152 524 1427 579 ἀποδιδόμενοι
1435 556 1449 576 ‚
1473 524 1662 582 χρήματα
1682 541 1754 578 με-
1767 534 1789 569 5

333 602 438 658 γάλα
458 600 655 656 ἐφέροντο.
709 596 909 650 ξυνέβαινέ
923 612 963 637 τε
981 595 1047 636 διὰ
1070 598 1195 636 ταῦτα
1209 597 1265 650 τῷ
1286 593 1460 648 δημοσίῳ
1487 593 1672 646 δέχεσθαι
1687 591 1759 644 μὲν

336 669 397 711 ἀεὶ
421 667 515 715 τοὺς
543 664 782 720 ἐγκειμένους
811 661 962 719 ἑκάστῳ
991 661 1153 719 φόρους,
1190 659 1519 715 ἄντιπαρέχεσθαι
1549 659 1591 700 δὲ
1617 658 1761 706 αὖτοὺς

335 742 419 784 τοῖς
443 733 712 786 ἐσκομίζουσιν
737 731 877 773 αὐτίκα
903 730 952 782 δὴ
978 728 1100 783 μάλα,
1130 730 1195 771 καὶ
1217 730 1369 783 προσῆν
1393 724 1439 767 τὸ
1460 729 1692 780 γεγενῆσθαι
1711 729 1761 779 τῇ

337 802 512 857 πολιτείᾳ
539 800 590 842 τὰ
621 799 773 840 δέοντα.
839 797 888 839 τὰ
910 797 981 850 μὲν
1004 791 1073 838 οὖν
1088 794 1262 852 πρότερα
1282 794 1406 849 ταύτῃ
1427 810 1482 847 πη
1502 791 1612 847 εἶχεν.
1678 789 1699 832 ὃ
1718 791 1762 832 δὲ

339 866 596 924 αὐτοκράτωρ
618 860 731 915 οὗτος
750 867 889 920 πρῶτα
905 864 977 917 μὲν
997 864 1067 906 τὸν
1087 865 1128 904 ἔκ
1146 859 1404 915 Καλχηδόνος
1422 859 1514 916 ἄχρι
1533 861 1573 909 ἐς
1591 858 1761 912 Δακίβι-
1775 867 1818 900 10

340 937 410 987 ζαν
435 934 618 976 καθελὼν
646 932 793 989 δρόμον
823 930 1019 986 ἠνάγκασε
1049 928 1199 979 πάντας
1227 929 1269 970 ἔκ
1287 928 1506 979 Βυζαντίου
1529 926 1652 976 εὐθὺς
1671 924 1766 981 ἄχρι

339 1002 381 1052 ἐς
396 1002 466 1055 τὴν
477 998 749 1042 Ἕλενούπολιν
767 997 853 1041 οὔτι
872 999 1124 1047 ἐθελουσίους
1142 998 1434 1039 ναυτίλλεσθαι.
1499 995 1679 1043 πλέοντες
1697 988 1766 1035 οὖν

339 1070 380 1111 ἓν
407 1067 566 1117 ἀκάτοις
589 1068 794 1123 βραχείαις
811 1067 925 1116 τισὶν,
953 1067 1052 1115 οἵαις
1077 1062 1450 1119 διαπορθμεύεσθαι
1469 1063 1562 1117 τῇδε
1583 1059 1772 1120 sinistam,¹
1797 1107 1800 1111 Δ

334 1139 542 1190 χειμῶνος,
564 1133 610 1175 ἂν
633 1133 736 1175 οὕτω
752 1131 877 1186 τύχοι,
903 1130 1163 1181 ἐπιπεσόντος,
1181 1132 1242 1172 ἐπὶ
1262 1131 1364 1185 με’γα
1383 1127 1565 1171 κινδύνου
1574 1132 1767 1184 χωροῦσι.

208 1213 241 1249 A
259 1213 325 1249 132
341 1207 411 1256 τῆς
427 1203 502 1257 γὰρ
524 1201 738 1254 ἀναγκαίου
760 1201 936 1253 σπουδῆς
955 1199 1172 1253 ἐγκειμένης
1191 1199 1303 1252 σφίσι
1319 1199 1623 1253 καιροφυλακεῖν
1641 1212 1681 1238 τε
1701 1195 1765 1236 καὶ
1779 1200 1821 1236 15

217 1281 247 1315 P
276 1281 320 1316 86
342 1269 636 1325 προσδέχεσθαι
656 1267 876 1320 μέλλουσαν
905 1265 977 1319 τὴν
1001 1264 1173 1320 γαλήνην
1197 1262 1374 1306 ἀδύνατά
1394 1265 1510 1305 ἔστιν.
1576 1261 1707 1303 ἔπειτα
1726 1262 1770 1302 δὲ

342 1336 444 1378 κατὰ
465 1335 535 1388 μὲν
562 1335 633 1387 τὴν
666 1335 727 1375 ε’πὶ
745 1333 910 1388 Πέρσας
929 1330 1021 1373 ὁδὸν
1045 1332 1246 1388 φέρουσαν
1271 1331 1340 1372 τὸν
1361 1329 1510 1386 δρόμον
1527 1328 1590 1370 ἐπὶ
1611 1327 1770 1382 σχήμα-

341 1419 411 1452 τος
440 1406 512 1444 τοῦ
538 1400 715 1457 πρόσθεν
748 1399 859 1449 ὄντος
882 1399 1008 1441 εἴασεν
1039 1397 1149 1449 εἶναι,
1180 1399 1220 1447 ἔς
1239 1398 1283 1439 δὲ
1306 1397 1379 1451 τὴν
1396 1396 1536 1450 λοιπὴν
1560 1394 1770 1449 ’ξύμπασαν

344 1471 395 1512 ἕω
414 1469 530 1524 με’χρι
553 1470 592 1517 ἒς
616 1467 821 1522 Αἴγυπτον
844 1467 883 1507 ἓν
903 1464 1052 1522 ἡμέρας
1070 1464 1150 1521 ὁδῷ
1170 1462 1456 1517 κατάσταθμον
1484 1463 1552 1505 ἵνα
1580 1461 1770 1515 κατεστή-

332 1551 442 1579 ’σατο
470 1535 612 1589 μόνον,
647 1535 719 1587 οὐχ
747 1535 879 1575 ἵππων
904 1533 1059 1586 μέντοι,
1094 1531 1184 1573 ἀλλ’
1214 1530 1313 1574 ὄνων
1341 1531 1492 1586 ὀλίγων.
1560 1530 1622 1572 διὸ
1647 1530 1696 1584 δὴ
1718 1529 1767 1571 τὰ
1778 1540 1824 1574 20

343 1604 606 1657 ξυμβαίνοντα
640 1603 679 1643 ἒν
705 1599 822 1659 χώρᾳ
851 1599 994 1656 ἑκάστῃ
1022 1598 1137 1653 μόλις
1166 1615 1207 1640 τε
1237 1601 1303 1640 καὶ
1335 1598 1412 1651 ὀψὲ
1440 1602 1511 1640 τοῦ
1534 1602 1673 1653 καιροῦ
1703 1599 1770 1638 καὶ

346 1670 470 1713 ὄπίσω
498 1674 576 1711 τῶν
602 1667 844 1725 πραγμάτων
873 1666 1196 1723 εἷσαγγελλόμενα
1223 1666 1446 1722 ἐπικουρίας
1473 1664 1660 1717 οὐδεμιᾶς
1677 1680 1769 1718 τυγ-

434 1797 469 1831 3.
491 1793 807 1838 εὐδαιμονέστατοι
828 1794 935 1828 Alem.
979 1790 1287 1836 εὐδαιμονέστατοι
1306 1793 1377 1827 ΑΡ.
1517 1791 1598 1825 ibid.
1620 1787 1682 1824 ἐπ’
1704 1788 1772 1824 αὕ-

434 1844 512 1880 τοῒς
528 1841 632 1874 Alem,
678 1836 734 1874 ἐπ’
756 1837 894 1878 αὐτοὺς
914 1840 954 1872 Α.
1002 1835 1070 1872 ἀπ’
1097 1836 1211 1872 αὐτοῦ
1236 1838 1326 1882 prius
1347 1835 1533 1870 coniecerat
1557 1836 1656 1870 Alem.
1681 1835 1770 1880 quod

434 1885 564 1930 recepit
584 1885 625 1919 P.
799 1886 832 1919 7.
858 1881 1163 1927 ἀντιπαρέχεσθαι
1197 1883 1313 1917 Reisk.
1356 1881 1550 1925 Legebatur
1570 1879 1770 1923 ἀντιπαρα-

435 1928 616 1973 δέχεσθαι.
773 1929 827 1963 13.
849 1928 945 1967 οἵαις
963 1929 1066 1964 Alem.
1113 1926 1189 1962 οἶαι
1210 1928 1279 1961 ΑΡ.
1435 1927 1489 1961 19.
1510 1924 1770 1968 κατάσταθμον

434 1976 541 2009 Alem.
585 1971 679 2007 κατὰ
698 1971 865 2017 σταθμὸν
885 1974 958 2009 AP.
1107 1974 1165 2008 21.
1184 1970 1313 2016 ἑκάστῃ
1334 1969 1438 2015 μόλις
1458 1971 1564 2006 Alem.
1583 1971 1626 2008 P,
1667 1969 1771 2014 μόλις

435 2017 568 2063 ἑκάστῃ
590 2021 630 2052 Α.
1160 2034 1164 2038 -

345 2129 434 2162 tibus
459 2129 630 2171 feruntur,
653 2138 817 2171 cursuque
843 2126 961 2161 diurno
983 2126 1098 2160 decem
1117 2137 1347 2170 nonnunquam
1366 2125 1490 2160 dierum
1510 2125 1598 2159 viam
1614 2123 1771 2166 evadunt,

346 2173 387 2207 ad
413 2182 453 2207 ea
474 2182 560 2217 quae
582 2171 651 2205 dixi
670 2172 870 2217 peragenda.
917 2172 1004 2206 Hinc
1022 2182 1176 2215 agrorum
1191 2171 1331 2205 omnium
1347 2171 1445 2204 etiam
1461 2171 1770 2204 mediterraneorum

345 2228 555 2264 possessores
569 2217 793 2295 amplissimam
808 2228 879 2250 rem
894 2217 980 2250 domi
995 2217 1163 2259 fecerunt3
1182 2227 1255 2249 nam
1272 2216 1490 2261 promercales
1503 2217 1632 2249 fructus
1647 2215 1772 2248 alendis

346 2263 439 2307 equis
462 2266 496 2295 et
521 2263 617 2295 stabu
632 2261 708 2295 ariis
731 2262 856 2305 ingenti
882 2273 959 2295 aere
983 2265 1173 2306 reportato,
1197 2261 1428 2305 quaestoribus
1454 2260 1629 2305 quotannis
1643 2259 1771 2293 vende-

347 2309 440 2342 bant.
485 2307 575 2340 Hinc
600 2307 697 2340 etiam
724 2311 806 2348 erat,
827 2311 864 2340 ut
889 2318 908 2339 a
930 2306 1068 2350 singulis
1082 2306 1301 2351 stipendiariis
1317 2306 1449 2350 publica
1465 2306 1499 2339 in
1516 2304 1676 2339 aerarium
1692 2316 1770 2349 per-

318 2364 320 2366 *
346 2358 448 2430 petuo
476 2351 699 2393 insen-rentum
722 2363 766 2385 ex
790 2351 888 2385 illatis
915 2351 1028 2385 statim
1049 2362 1107 2384 aes
1131 2351 1276 2384 debitum
1301 2351 1324 2384 ii
1347 2351 1573 2396 perciperent3
1598 2349 1771 2393 omniaque

374 2400 469 2430 erent
485 2409 503 2430 e
518 2396 699 2440 republica.
759 2397 911 2430 Antehac
924 2397 970 2430 ita
985 2407 1039 2430 res
1054 2395 1180 2429 habuit.
1226 2395 1293 2429 Hic
1305 2406 1385 2429 vero
1402 2396 1553 2440 princeps
1566 2395 1695 2428 sublato
1709 2405 1770 2427 ve-

345 2442 490 2484 redario,
514 2441 570 2485 qui
592 2441 800 2475 Calchedone
814 2441 1007 2475 Dacibizam
1029 2441 1203 2482 movebat,
1225 2451 1337 2475 omnes
1363 2440 1474 2484 adegit
1487 2439 1649 2484 Byzantio
1666 2438 1770 2472 Hele-

345 2486 489 2532 nopolim
510 2497 614 2530 usque
633 2485 784 2520 lintribus
802 2487 939 2529 exiguis,
961 2486 1080 2530 quibus
1100 2486 1224 2519 fretum
1238 2485 1414 2526 traiicitur,
1437 2485 1526 2527 vehi,
1550 2485 1582 2517 in
1597 2484 1770 2517 discrimen

347 2532 457 2566 subito
483 2531 756 2572 commovendae,
777 2536 814 2564 ut
836 2531 896 2574 fit,
918 2531 1123 2577 tempestatis
1145 2530 1314 2564 adductos.
1360 2530 1480 2574 Neque
1503 2529 1600 2571 enim,
1623 2529 1678 2562 ubi
1698 2529 1769 2573 ipsa

347 2580 447 2620 urget
480 2575 710 2617 necessitudo,
743 2580 874 2620 tempus
902 2577 1112 2620 futuramque
1134 2575 1301 2609 malaciam
1331 2575 1488 2608 observes
1521 2580 1554 2608 et
1584 2573 1769 2618 opperiare.

345 2622 489 2655 Cursum
506 2622 540 2654 in
556 2620 739 2662 Persidem,
762 2626 799 2654 ut
815 2626 923 2665 antea,
946 2621 994 2655 sio
1009 2632 1082 2654 esse
1096 2620 1263 2666 permisit;
1285 2631 1345 2664 per
1366 2620 1523 2664 reliquam
1538 2630 1619 2652 vero
1635 2618 1770 2651 orientis

344 2667 475 2712 plagam
498 2665 542 2700 ad
565 2676 669 2709 usque
691 2666 776 2699 fines
799 2666 958 2711 Aegypti,
981 2666 1015 2699 in
1038 2666 1154 2699 diurno
1173 2665 1249 2699 viae
1267 2664 1375 2709 spatio
1390 2665 1518 2698 unicum
1535 2675 1599 2697 non
1615 2673 1769 2708 equorum

343 2711 521 2755 stabulum,
541 2710 599 2744 sed
617 2709 745 2756 aliquot
766 2710 930 2745 asinorum
953 2710 1135 2748 constituit.
1182 2710 1404 2751 Quamobrem
1429 2721 1516 2754 quae
1536 2708 1569 2742 in
1590 2707 1770 2754 provinciis

344 2760 514 2800 geruntur,
530 2766 607 2790 sero
622 2760 657 2790 et
670 2760 750 2802 post
763 2757 889 2791 factum
903 2756 1115 2800 renunciatis,
1137 2755 1323 2791 adhibendo
1342 2755 1488 2790 remedio
1506 2755 1601 2789 locus
1615 2763 1680 2787 non
1696 2756 1767 2795 est3
