1800 3126
301 177 399 225 434
759 179 819 222 IN
851 177 995 220 HIST.
1026 177 1276 220 ARCANAM

301 283 456 335 Βάσσος
487 284 690 338 πατρίκιος
717 284 761 326 ἐν
794 287 879 332 τοῖς
902 279 1058 336 χρόνοις
1082 280 1370 326 Ἰουστινιανοῦ.
1426 283 1482 333 εἷς
1509 283 1656 338 ἔχθραν
1683 281 1727 324 δὲ

301 339 498 393 ἐλθούσης
533 339 625 394 μετοὶ
662 343 735 380 τοῦ
763 338 920 380 Βάσσου
950 337 1156 392 Θεοδῶρας
1185 342 1256 390 τῆς
1292 338 1473 391 γυναικὸς
1508 343 1580 380 τοῦ
1612 341 1727 392 βασι-

301 398 409 448 λέως,
438 398 593 450 ἔσφιγξε
615 393 688 446 τήν
715 393 894 446 κεφαλήν
922 391 1046 435 αὐτοῦ
1073 391 1166 447 μετοέ
1192 391 1339 446 κόρδας
1364 394 1432 434 καὶ
1457 395 1498 435 οἰ
1522 391 1727 446 ὄφθαλμοὶ

182 460 214 494 A
236 458 282 494 83
304 450 426 493 αὐτοῦ
454 453 524 500 ἔξω
550 448 761 502 ἐπήδησαν.
817 451 1050 501 Ecclesiam,
1080 463 1183 501 qaae
1209 449 1267 487 ad
1282 453 1457 488 Bassum
1486 451 1727 500 appellatur,

299 508 532 559 aedficavit
567 506 642 543 aab
670 506 893 544 lastiniano
922 508 1081 544 Bassus·
1112 507 1340 556 patriciae.-
1379 507 1422 542 in
1459 518 1570 555 qaem
1605 505 1728 543 leeo-

301 563 402 602 dora
430 563 680 613 imperatorie
708 575 806 598 uxor
833 562 1068 612 indignata,
1108 559 1230 597 eidem
1268 567 1388 610 caput
1423 559 1572 597 chorda
1607 561 1728 598 iussit

300 620 494 666 astringi,
529 617 780 668 quamobrem
811 618 920 654 oculi
948 619 1034 654 eius
1062 617 1278 653 exilierunt.
1333 617 1371 652 Is
1398 614 1558 652 fortasse
1585 617 1727 653 Bassus

300 682 378 722 est,
412 674 479 724 qui
507 675 793 723 praetorianam
821 674 940 723 gessit
963 672 1258 723 praefecturam,
1287 677 1331 707 ut
1357 670 1459 706 infra
1486 683 1525 720 p.
1555 671 1608 710 92
1634 683 1730 707 nar-

298 738 358 767 rat
374 730 610 779 Procopius.'
660 727 812 766 Eodem
833 729 1026 779 supplicio
1049 734 1086 764 et
1107 728 1341 777 Carpianum
1359 726 1564 776 patricium
1586 724 1728 772 affecit,

298 791 342 822 ut
365 791 476 821 autor
499 785 670 835 explicat
698 786 740 820 in
768 786 944 835 πατρίοις
976 784 1050 820 GP.
1083 782 1336 820 uberioribus.
1394 779 1488 818 eod.
1519 781 1605 818 vat.
1637 783 1737 821 162ae

300 841 439 878 Simile
471 852 593 890 genus
623 839 864 876 carnificinae
894 837 1106 875 Anthemio
1135 838 1383 874 interminata
1411 842 1470 873 est
1497 832 1729 882 Theodora3

297 898 376 933 Per
404 897 594 933 viventem
616 897 658 932 in
686 895 849 932 saecula
874 895 1067 931 excoriari
1095 900 1130 930 te
1155 893 1323 942 faciam,
1351 892 1434 928 nise:
1457 892 1631 928 vinctam
1655 890 1732 928 Vi-

294 952 444 1002 gilium
466 951 694 1001 pontificem
726 950 1111 1000 Constantinopolim
1131 947 1378 999 perduxeris,
1433 947 1658 983 Anastasius
1688 945 1731 982 in

298 1007 457 1056 vigilio.

406 1063 453 1098 P.
477 1063 577 1106 100,
607 1061 647 1099 9.
711 1060 808 1096 Duo
833 1061 1003 1107 factiosi
1034 1057 1195 1108 Cilicis]
1234 1059 1376 1107 Evagr.
1405 1056 1434 1092 1.
1463 1054 1502 1095 4.
1533 1056 1584 1094 31
1625 1051 1732 1090 idem

299 1123 449 1163 narrat,
480 1113 674 1165 edicitque
703 1116 862 1151 nomina
892 1113 1057 1152 duorum
1082 1116 1338 1159 Venetorum,
1370 1124 1466 1162 quos
1494 1110 1559 1147 hic
1585 1111 1733 1147 Proco-
1762 1128 1765 1131 ·

298 1173 386 1222 pius
425 1171 579 1217 omisit3
615 1176 659 1206 ut
695 1167 786 1207 hinc
821 1170 1017 1207 Hubertus
1056 1167 1273 1219 Giphauius
1312 1168 1524 1216 intelligat,
1563 1178 1643 1202 non
1680 1177 1733 1200 ex

296 1226 374 1264 hac
410 1224 571 1263 historia
607 1226 821 1275 Evagrium
861 1226 1076 1275 accepisse,
1119 1237 1218 1275 quae
1255 1222 1303 1259 de
1336 1221 1540 1259 Iustiniani
1575 1220 1731 1269 flagitiis

298 1283 511 1319 memoriae
537 1280 723 1332 prodidit.
782 1281 1019 1326 Καλλίνικος
1047 1277 1090 1319 δὲ
1115 1282 1195 1318 τῶν
1215 1278 1388 1318 Κιλίκων
1410 1272 1630 1328 ’ἡγούμενος
1657 1271 1730 1314 δύο

300 1333 527 1389 ἅνδροφόνε
549 1337 685 1375 Κίλικε
705 1338 868 1376 Παῦλον
895 1335 963 1375 καὶ
994 1337 1215 1374 Φαυστῖνον
1243 1328 1454 1373 ἐπελθῑόνπ
1485 1331 1527 1372 οἱ
1549 1329 1617 1370 καὶ
1644 1329 1732 1369 διοι-

297 1390 524 1446 χρήσασθαι
563 1391 810 1444 βουλομένω,
849 1390 933 1431 ἐπεὶ
973 1394 1058 1437 ταῖς
1094 1390 1135 1431 ἐκ
1171 1385 1302 1439 νόμων
1333 1390 1490 1434 ποιναῖς
1523 1384 1731 1436 ὑπέθηκεν

298 1445 636 1498 ἆνεσκολοπίσθη,
674 1444 820 1497 ποινήν
857 1444 958 1498 ὑπὲρ
994 1442 1118 1497 ὀρθῆς
1155 1444 1344 1490 συνέσεως
1380 1442 1446 1482 καὶ
1481 1443 1561 1481 τοῖν
1599 1437 1732 1492 νόμων

297 1499 446 1554 ταύτην
474 1499 617 1554 λαβών.
678 1502 900 1540 Callinicus
921 1515 1043 1552 porro
1067 1502 1294 1551 praefectus
1326 1498 1503 1545 Ciliciae,
1533 1509 1624 1532 cum
1650 1494 1731 1532 duo

302 1559 446 1597 Cilices
470 1559 634 1595 Paulas
661 1565 698 1594 et
725 1559 962 1605 Faustinus,
991 1555 1195 1593 homicida
1222 1562 1395 1605 aterque,
1424 1554 1468 1590 in
1494 1565 1584 1590 eum
1611 1552 1733 1602 impe-

298 1622 386 1651 tam
402 1614 607 1664 facerent,
644 1611 892 1663 occidereque
921 1614 965 1649 in
992 1614 1126 1649 animo
1154 1611 1359 1658 haberent,
1389 1609 1579 1660 quoniam
1602 1619 1734 1657 poma

298 1684 344 1708 ex
374 1669 530 1720 legibue
558 1670 774 1706 constituta
803 1682 864 1705 eos
893 1668 1124 1715 mulctavit,
1155 1669 1197 1704 in
1227 1679 1377 1703 cracem
1405 1671 1521 1701 actas
1549 1669 1604 1698 est
1615 1676 1632 1708 ;
1658 1661 1733 1698 hoc

302 1739 457 1776 quoque
487 1725 685 1775 supplicio
707 1738 784 1774 pro
814 1730 923 1761 recta
948 1723 1207 1771 conscientia,
1246 1728 1282 1758 et
1309 1722 1441 1771 legam
1469 1718 1734 1756 observatione

301 1780 485 1833 affectus,

411 1837 458 1872 P.
484 1837 584 1882 101,
615 1832 655 1873 4·
720 1834 980 1884 Retrusitqae
1023 1834 1068 1869 in
1106 1831 1407 1880 monasterium]
1450 1831 1602 1866 Nomen
1637 1826 1733 1863 fecit

301 1891 560 1936 monasterie,
598 1884 802 1939 μετάνοια,
834 1890 1106 1939 poenitentia;
1144 1888 1185 1923 in
1224 1900 1299 1938 quo
1336 1887 1506 1922 feminae
1535 1883 1732 1933 degerent,

302 1959 399 1998 quas
428 1951 626 1982 anteactae
654 1946 756 1980 vitae
790 1946 1058 1995 poenituisset.
1115 1944 1216 1979 Fuse
1253 1941 1328 1979 hoc
1366 1941 1613 1991 prosequitur
1648 1938 1676 1974 l.
1709 1941 1731 1977 1

302 2001 420 2038 aedis.
451 1999 662 2051 laudatque
688 2001 893 2036 Iustiniani
929 2013 973 2036 ac
1002 1997 1235 2036 Theodorae
1263 1999 1472 2047 pietatem:
1508 1993 1572 2030 hic
1600 1999 1733 2029 tamen

301 2058 494 2107 vituperat
532 2056 761 2093 violentiam
806 2056 957 2092 illatam
994 2053 1243 2091 mulierculis·
1272 2053 1403 2088 minus
1442 2049 1493 2087 ad
1529 2049 1732 2085 meliorem

302 2111 459 2162 frugem
487 2112 647 2161 paraus.

412 2169 457 2203 P.
490 2167 590 2213 102,
629 2167 669 2205 3.
736 2163 786 2200 Ut
815 2163 946 2213 paulo
979 2169 1073 2212 post
1107 2158 1340 2210 edisseram]
1388 2156 1586 2197 Ubinam‘3
1606 2157 1733 2201 ¹Infra

302 2221 411 2257 enim
447 2221 539 2257 licet
578 2219 787 2256 nonnullos
824 2220 1071 2268 magistratus
1111 2218 1293 2254 subiectis
1332 2227 1472 2252 exosos
1512 2219 1731 2260 enumeret3

303 2274 353 2312 de
381 2276 539 2312 illarum
568 2282 698 2311 tamen
727 2274 961 2310 feminarum
987 2274 1135 2311 maritis
1163 2271 1263 2308 nihil
1295 2277 1441 2322 aperte.
1496 2271 1560 2307 Ex
1589 2281 1665 2320 quo
1695 2274 1734 2304 et

300 2331 437 2368 furtim
469 2331 747 2381 conscriptam,
786 2336 825 2366 et
850 2343 930 2367 non
961 2331 1120 2366 omnino
1149 2328 1367 2366 absolutam
1392 2324 1496 2363 hanc
1529 2323 1732 2362 historiam

301 2386 515 2436 intelligas.

411 2443 459 2480 P.
490 2442 588 2488 103,
616 2439 657 2481 4.
711 2439 807 2476 Hac
835 2445 1056 2490 tempestate
1085 2439 1264 2476 omnium.
1291 2439 1378 2487 fere
1405 2435 1619 2472 mulierum
1649 2446 1733 2470 mo..

302 2510 365 2534 ree
394 2495 595 2546 corrupti]
637 2497 696 2531 Ita
723 2502 767 2531 ut
795 2507 903 2532 soror
930 2494 1100 2545 Sophiae
1123 2497 1320 2544 Augustae
1347 2492 1487 2529 Iustini
1514 2490 1662 2535 uxone,
1693 2494 1732 2525 et

300 2551 535 2590 Theodorae
572 2552 699 2601 neptis
733 2549 913 2587 adulterii
948 2551 1156 2587 manifesta
1191 2550 1344 2600 publice
1373 2548 1476 2584 facta
1513 2547 1576 2582 sit.
1631 2546 1739 2581 Nam·

303 2615 347 2645 ut
384 2610 425 2644 in
461 2607 636 2658 πατρίοις
665 2606 739 2642 CP.
769 2606 1080 2654 observavimus,
1123 2611 1203 2641 erat
1230 2603 1408 2655 Byzantii
1443 2600 1535 2638 inde
1573 2613 1596 2638 a
1624 2599 1729 2636 Con-

301 2663 463 2705 stamina
491 2661 729 2713 temporibus
747 2662 906 2698 Veneris
934 2668 1084 2708 statua3
1114 2659 1164 2697 ad
1192 2672 1311 2711 quam
1338 2656 1533 2711 παρθένοι
1561 2654 1604 2695 ἐν
1631 2653 1728 2694 v‘uo-

302 2719 382 2773 ·ψία
410 2713 525 2758 οὖσαι
547 2715 609 2758 ὅτε
633 2716 876 2768 ἐπλησίαζον,
907 2716 942 2756 εἰ
965 2714 1035 2768 μὲν
1062 2714 1266 2767 ἄμεμπτοι,
1294 2712 1500 2766 διήρχοντο
1528 2707 1726 2763 ἀβλαβεῖς,

301 2776 380 2814 τῶν
412 2771 456 2815 δὲ
480 2772 786 2826 διεφθαρμένων
815 2767 949 2826 α’θρόα
977 2771 1189 2824 ἔσηκοῦντο
1222 2768 1270 2811 voi
1307 2767 1442 2822 ἱμάτια
1471 2763 1623 2817 αὐτῶν,
1657 2763 1724 2806 καὶ
