1800 3126
556 145 745 190 NOTAE
778 143 1074 191 ALEMANNI.
1322 156 1325 158 ’
1442 140 1541 190 461

97 262 140 300 in
176 257 334 310 regione
370 268 476 294 nona
514 261 554 292 et
583 253 762 304 decima3
801 255 844 292 in
873 267 952 307 qua
981 261 1021 293 et
1047 250 1257 292 Eudociae
1285 250 1424 292 domus
1453 254 1544 291 suit.

97 319 178 356 Has
205 314 342 352 domos
371 311 477 364 apud
505 310 710 350 historicos
740 309 1014 360 δεσποινικοῖς,
1052 318 1091 348 et
1120 308 1374 359 δεσποτικοὶς,
1407 309 1546 348 domi-

97 374 215 412 πίσω·
251 370 468 422 appellatas
509 370 700 420 reperies:
738 370 780 406 in
820 381 988 421 quarum
1026 369 1113 405 aliis
1145 369 1401 419 imperatores
1431 366 1544 404 sedes

94 427 339 474 babuci-unu
378 426 478 462 aliae
515 423 773 463 recondendis
803 426 1015 462 Caesarum
1045 424 1192 462 divitiis
1230 430 1340 461 erant
1370 422 1547 461 destina-

95 491 183 531 tue3
212 481 355 520 harum
381 482 570 533 praefecti
597 489 802 519 curatores
829 481 938 529 dicti,
969 489 1008 518 et
1037 495 1089 519 ex
1116 483 1302 533 primaria
1333 481 1447 518 electi
1475 494 1550 517 no-

94 541 261 589 bilitate.
317 541 540 590 Imperante
567 540 784 576 Iustiniano
815 537 954 576 domus
984 537 1183 576 Placidiae
1213 544 1366 575 curator
1391 539 1551 574 Zimar-

97 595 194 636 ohus
221 597 317 643 fuit,
347 596 488 633 Iustini
516 597 680 632 senioris
711 596 948 643 commilito,
980 594 1120 633 domus
1148 596 1323 631 Marinae
1357 595 1550 644 Georgius

95 651 332 692 Theodorae
356 653 559 702 Augustae
600 653 927 702 consanguineus.
986 653 1160 688 Marinae
1201 650 1337 689 domui
1369 651 1550 688 Belisarii

95 709 221 758 bona,
251 715 340 760 post
370 710 454 745 eius
491 708 663 756 obitum,
705 707 860 745 addicta
889 708 1070 756 fuerunt,
1101 715 1145 745 ut
1174 706 1442 758 Theophanes
1471 708 1548 754 ait3

94 771 178 814 τοῖς
214 766 432 818 βασιλικοῖς
473 769 716 818 θησαυροῖς,
762 767 960 811 Zonaras3
1008 778 1097 801 eam
1142 765 1190 802 ob
1231 778 1391 802 causam
1431 776 1551 815 quam

96 821 217 861 modo
257 821 356 859 dixi.
425 819 490 858 Ad
531 819 603 858 has
649 834 787 858 omues
827 823 954 871 regias
995 834 1086 858 suas
1125 822 1366 858 lastinianus
1407 820 1551 857 adiecit

97 878 461 918 munifioentissime
498 884 736 914 constructas
775 879 817 914 in
855 877 1080 915 suburbano
1115 879 1274 915 Heraeo
1313 879 1355 914 in
1396 877 1551 915 Iucun-

98 935 242 985 diano,
278 933 386 987 quod
414 933 556 971 deinde
586 933 880 972 Iustinianeum
907 941 1092 971 vocatum
1122 941 1202 983 est,
1242 933 1362 971 hodie
1395 933 1551 971 Galata

97 998 137 1030 et
162 993 283 1030 Pera.
338 991 504 1041 Procop.
533 991 562 1027 l.
595 991 618 1030 1
650 989 768 1027 aedif.
799 997 994 1028 extremo.

206 1049 254 1085 P.
284 1047 385 1095 149,
415 1045 454 1087 5.
510 1045 812 1085 Alexandrinos
849 1046 896 1084 id
926 1053 1116 1098 perpetuo
1155 1053 1294 1084 contra
1332 1059 1553 1097 usurpasse

97 1102 216 1155 alque
239 1103 390 1152 liceret,
419 1104 556 1154 reique
578 1103 768 1154 publicae
797 1103 1018 1154 interesset]
1058 1102 1405 1154 Impudentissime
1434 1116 1551 1140 men-

97 1162 191 1198 titus
211 1166 270 1198 est
286 1158 559 1210 Hephaestus3
590 1161 854 1197 Iustinianum
881 1173 974 1197 vero
1005 1160 1053 1198 ab
1083 1174 1129 1198 eo
1160 1159 1289 1211 decipi
1316 1168 1430 1211 turpe
1458 1160 1551 1196 fuit.

95 1219 198 1255 Nam
231 1230 278 1253 ea
304 1217 541 1253 Diocletiani
567 1217 728 1267 largitas
756 1219 798 1253 in
834 1230 979 1267 egenos
1011 1224 1092 1254 erat
1123 1218 1304 1254 omnibus
1333 1224 1439 1254 nota.
1498 1217 1550 1252 Et
1571 1214 1603 1249 A
1627 1213 1693 1250 108

98 1286 189 1311 cum
227 1273 317 1321 alii,
356 1280 443 1309 tum
478 1274 689 1310 Dioscorus
727 1273 1022 1311 Alexandrinus
1059 1275 1196 1324 paucis
1232 1281 1322 1310 ante
1360 1274 1474 1310 annis
1511 1274 1554 1309 in

99 1329 265 1368 concilio
302 1327 615 1367 Chalcedonensi
654 1329 831 1367 eiusdem
874 1330 1000 1367 factus
1043 1337 1100 1367 est
1138 1331 1312 1367 criminis
1360 1342 1468 1376 reus,
1510 1330 1555 1365 in

99 1385 207 1438 quod
234 1387 473 1423 lastinianus
503 1387 680 1423 incurrit.
738 1389 839 1423 Nam
862 1387 932 1423 ille
962 1388 1004 1423 in
1030 1399 1143 1423 suam
1173 1400 1257 1423 rem
1288 1386 1554 1433 convertebat,

97 1449 145 1480 ut
170 1443 211 1479 in
242 1441 333 1480 dato
367 1442 503 1479 libello
531 1450 662 1480 narrat
690 1441 917 1494 Ischyrion,
951 1440 1017 1482 τὸν
1045 1438 1313 1495 παρεχόμενον
1339 1440 1446 1494 παρά
1475 1444 1556 1482 τῶν

98 1497 291 1553 βασιλέων
321 1502 430 1538 σῖτον
458 1496 556 1550 πρὸς
584 1496 627 1538 τὸ
655 1496 748 1545 τούς
775 1500 1162 1552 παρεπιδημοῦντας,
1195 1499 1249 1539 ἔτι
1279 1497 1322 1539 δὲ
1351 1499 1419 1539 καὶ
1449 1498 1554 1538 ἐντο-

97 1555 216 1602 πίους
254 1553 426 1606 πένητας
470 1559 822 1607 παραμυθεῖσθαι,
862 1557 1118 1605 frumentum
1159 1555 1210 1593 ab
1249 1555 1560 1607 imperatoribus

98 1625 325 1650 concessum
353 1624 442 1649 cum
470 1610 530 1648 ad
556 1625 834 1662 convenarum,
863 1619 951 1648 tam
980 1611 1037 1649 ad
1056 1613 1378 1663 provincialium
1400 1626 1561 1664 paupe-

99 1682 191 1707 rum
218 1667 424 1705 solatium.
481 1668 600 1705 Conc.
631 1667 819 1705 chalced.
849 1676 924 1705 act.
953 1670 994 1710 3.

208 1725 256 1760 P·
286 1723 387 1771 150,
419 1724 457 1763 1.
523 1723 706 1761 Dederat
745 1725 924 1762 Paulum
962 1723 1259 1762 Alexandrinis
1296 1724 1558 1774 Antistitem]
1583 1722 1613 1756 P
1640 1721 1705 1756 169

102 1780 275 1831 Cyl-illus
311 1778 659 1831 Scythopolitanus
700 1781 743 1817 in
780 1782 860 1817 vita
899 1782 941 1818 S.
981 1781 1123 1818 Sabae.
1183 1783 1306 1818 Miror
1342 1783 1561 1831 Evagrium

100 1835 370 1888 synchronum
407 1837 448 1872 in
484 1838 584 1872 serie
623 1838 898 1887 episcoporum
935 1837 1202 1874 Alexandriae
1240 1836 1348 1874 hunc
1381 1845 1560 1888 praeter-

100 1894 268 1940 misisse.
325 1894 438 1929 Licet
465 1893 703 1929 Iustinianus
728 1894 899 1929 Paulum
923 1893 1219 1930 Alexandrinae
1248 1893 1558 1944 praeficiendum

101 1950 291 1986 ecclesiae
315 1950 519 1996 curaverit,
550 1948 641 1986 vide
670 1956 804 1986 tamen
834 1950 875 1986 iu
906 1962 952 1986 eo
980 1949 1172 1986 initiando
1204 1962 1399 1987 canonum
1429 1950 1559 1986 eccle-

101 2001 348 2044 siasticorum
385 2005 688 2042 observantiam.
746 2006 911 2042 Paulas
948 2004 1119 2055 quidam
1159 2006 1242 2057 (ait
1271 2007 1479 2043 Liberatus
1514 2007 1558 2043 in

100 2062 268 2100 breviar.
299 2075 333 2100 c.
357 2061 430 2111 23)
459 2075 564 2098 unus
592 2061 788 2099 abbatum
819 2061 1128 2098 Tabennensium
1157 2063 1468 2111 monac-horam,
1500 2059 1561 2098 ad

99 2117 424 2156 Alexandrinam
452 2117 582 2155 sedem
610 2117 826 2155 ordinatur
855 2119 1062 2168 epiecopus·
1081 2119 1253 2169 Pelagio
1283 2120 1559 2156 interveniente

101 2174 366 2227 Apocrieario
396 2175 606 2222 Romano,
642 2175 768 2225 plane
804 2173 1048 2211 orthodoxus
1076 2177 1299 2225 suscipiens
1331 2174 1560 2214 Chalcedo-

102 2243 256 2271 nencem
282 2229 492 2282 synodum.
553 2229 781 2269 Ordinante
800 2237 858 2267 est
877 2245 903 2267 a
924 2232 1044 2268 Mena
1067 2231 1418 2283 Constantinopoli
1429 2246 1561 2283 prae-

35 2334 40 2341 ⁸
101 2295 207 2326 sente
233 2287 365 2326 eodem
379 2288 549 2337 Pelagio
570 2288 823 2338 responsario
844 2287 1004 2337 Vigilii‚
1035 2295 1071 2324 et
1084 2288 1362 2339 Apocrisarii-s·
1376 2288 1562 2340 Eplzrae-

104 2345 180 2382 mii
205 2344 467 2395 Antioc-lacni,
497 2350 533 2380 et
562 2345 675 2380 Petri
701 2344 1084 2394 Iiierosolymorum.

214 2402 261 2438 P.
293 2401 394 2448 150,
425 2399 464 2440 4.
526 2399 656 2437 Caius
699 2414 819 2451 opera-
848 2400 980 2450 facile
1007 2398 1375 2438 Alexandrinorum
1398 2401 1563 2452 prima-

105 2462 194 2494 tum
221 2456 360 2495 etudia
389 2455 448 2494 ad
479 2455 813 2494 Chalcedonensis
849 2457 1011 2494 concilii
1027 2458 1271 2507 firmitatem
1300 2456 1470 2495 crederet
1499 2470 1566 2493 ex·-

106 2512 290 2564 citanda]
321 2513 455 2564 Atque
474 2512 522 2550 ob
552 2511 600 2550 id
615 2513 778 2551 Paulae
807 2515 958 2564 accepit
987 2513 1038 2550 ab
1067 2514 1304 2566 imperatore
1324 2520 1566 2565 potestatem

107 2580 224 2619 super
251 2568 543 2608 ordinationem
574 2568 746 2619 ducum,
786 2577 822 2606 et
850 2569 1125 2621 tribunorum,
1156 2578 1201 2608 ut
1230 2577 1442 2609 removeret
1469 2569 1568 2607 hae-

108 2626 271 2675 reticos,
298 2632 336 2662 et
356 2640 433 2677 pro
463 2627 519 2663 eis
548 2625 788 2663 orthodoxos
818 2624 1041 2675 ordinaret,
1063 2642 1139 2678 per
1167 2628 1262 2666 illos
1292 2628 1397 2664 enim
1418 2626 1567 2678 populi.

109 2681 414 2721 invalescebant.
470 2682 645 2720 Liberat.
674 2684 717 2719 in
746 2682 854 2719 brev.
883 2695 917 2719 c.
942 2685 1012 2724 23.

219 2737 266 2774 Ρ.
291 2737 391 2786 150,
422 2740 462 2779 6.
518 2739 719 2777 Arsenias
758 2737 950 2790 quidam]
991 2740 1162 2791 Cyrillus
1202 2737 1565 2791 Scythopolitanus,

107 2787 306 2850 ’Λρσὲνιός
332 2808 391 2842 τις
424 2788 683 2848 Ἰλλουστρίου
720 2791 876 2848 &gimpa
917 2795 1012 2847 ἔχων
1051 2793 1200 2849 πολλήν
1240 2791 1316 2836 οὐκ
1343 2791 1434 2836 οἶδα
1463 2790 1564 2837 ὅθεν
