<?xml version="1.0" encoding="UTF-8"?>
<!DOCTYPE html PUBLIC "-//W3C//DTD XHTML 1.0 Transitional//EN"
    "http://www.w3.org/TR/xhtml1/DTD/xhtml1-transitional.dtd">
<html xmlns="http://www.w3.org/1999/xhtml" xml:lang="en" lang="en">
 <head>
  <title>
</title>
<meta http-equiv="Content-Type" content="text/html;charset=utf-8" />
  <meta name='ocr-system' content='tesseract 3.04.00' />
  <meta name='ocr-capabilities' content='ocr_page ocr_carea ocr_par ocr_line ocrx_word'/>
</head>
<body>
  <div class='ocr_page' id='page_1' title='image "./corpusscriptorum45niebuoft_0203.png"; bbox 0 0 1858 3126; ppageno 0'>
   <div class='ocr_carea' id='block_1_1' title="bbox 535 154 1586 207">
    <p class='ocr_par' dir='ltr' id='par_1_1' title="bbox 535 154 1586 207">
     <span class='ocr_line' id='line_1_1' title="bbox 535 154 1586 207; baseline 0.005 -7"><span class='ocrx_word' id='word_1_1' title='bbox 535 154 805 202; x_wconf 84' lang='lat' dir='ltr'>HISTORIA</span> <span class='ocrx_word' id='word_1_2' title='bbox 837 157 1050 202; x_wconf 80' lang='lat' dir='ltr'><strong>ARCANA</strong></span> <span class='ocrx_word' id='word_1_3' title='bbox 1096 157 1176 203; x_wconf 87' lang='grc'><strong>30.</strong></span> <span class='ocrx_word' id='word_1_4' title='bbox 1490 159 1586 207; x_wconf 86' lang='grc'><strong>163</strong></span> 
     </span>
    </p>
   </div>
   <div class='ocr_carea' id='block_1_2' title="bbox 48 268 1729 2030">
    <p class='ocr_par' dir='ltr' id='par_1_2' title="bbox 48 268 1729 2030">
     <span class='ocr_line' id='line_1_2' title="bbox 125 268 1590 331; baseline 0.001 -15"><span class='ocrx_word' id='word_1_5' title='bbox 125 268 262 328; x_wconf 72' lang='grc' dir='ltr'><em>χᾶνειν</em></span> <span class='ocrx_word' id='word_1_6' title='bbox 279 269 396 322; x_wconf 75' lang='grc' dir='ltr'><em>εἶκὸς,</em></span> <span class='ocrx_word' id='word_1_7' title='bbox 431 271 471 314; x_wconf 79' lang='grc' dir='ltr'><em>οἱ</em></span> <span class='ocrx_word' id='word_1_8' title='bbox 489 271 535 314; x_wconf 73' lang='grc' dir='ltr'><strong>δὲ</strong></span> <span class='ocrx_word' id='word_1_9' title='bbox 558 272 655 323; x_wconf 79' lang='grc' dir='ltr'><em>τοὺς</em></span> <span class='ocrx_word' id='word_1_10' title='bbox 672 271 822 330; x_wconf 71' lang='grc' dir='ltr'><em>ἂγροῧς</em></span> <span class='ocrx_word' id='word_1_11' title='bbox 843 273 1072 329; x_wconf 74' lang='grc' dir='ltr'><em>κεκτημένοι</em></span> <span class='ocrx_word' id='word_1_12' title='bbox 1095 275 1261 329; x_wconf 81' lang='grc' dir='ltr'><em>καρπῶν</em></span> <span class='ocrx_word' id='word_1_13' title='bbox 1281 275 1361 315; x_wconf 80' lang='grc' dir='ltr'><strong>τῶν</strong></span> <span class='ocrx_word' id='word_1_14' title='bbox 1385 274 1590 331; x_wconf 72' lang='grc' dir='ltr'><strong>σφετέρων</strong></span> 
     </span>
     <span class='ocr_line' id='line_1_3' title="bbox 127 338 1590 398; baseline 0.002 -15"><span class='ocrx_word' id='word_1_15' title='bbox 127 338 356 395; x_wconf 86' lang='grc' dir='ltr'><em>σεσηπότων</em></span> <span class='ocrx_word' id='word_1_16' title='bbox 379 357 421 382; x_wconf 88' lang='grc' dir='ltr'><strong>τε</strong></span> <span class='ocrx_word' id='word_1_17' title='bbox 452 343 520 382; x_wconf 86' lang='grc' dir='ltr'><strong>καὶ</strong></span> <span class='ocrx_word' id='word_1_18' title='bbox 547 343 632 396; x_wconf 76' lang='grc' dir='ltr'><em>εἰκῆ</em></span> <span class='ocrx_word' id='word_1_19' title='bbox 656 344 845 397; x_wconf 75' lang='grc' dir='ltr'><em>κειμένων</em></span> <span class='ocrx_word' id='word_1_20' title='bbox 865 341 1049 398; x_wconf 79' lang='grc' dir='ltr'><em>ἀνόνητοι</em></span> <span class='ocrx_word' id='word_1_21' title='bbox 1072 343 1113 392; x_wconf 78' lang='grc' dir='ltr'><strong>ἔς</strong></span> <span class='ocrx_word' id='word_1_22' title='bbox 1133 341 1193 383; x_wconf 78' lang='grc' dir='ltr'><strong>ἀεὶ</strong></span> <span class='ocrx_word' id='word_1_23' title='bbox 1215 343 1401 397; x_wconf 82' lang='grc' dir='ltr'><em>γίνονται.</em></span> <span class='ocrx_word' id='word_1_24' title='bbox 1470 343 1521 386; x_wconf 78' lang='grc' dir='ltr'><em>τὰ</em></span> <span class='ocrx_word' id='word_1_25' title='bbox 1545 344 1590 385; x_wconf 75' lang='grc' dir='ltr'><strong>δὲ</strong></span> 
     </span>
     <span class='ocr_line' id='line_1_4' title="bbox 126 408 1639 469; baseline 0.001 -19"><span class='ocrx_word' id='word_1_26' title='bbox 126 413 207 451; x_wconf 83' lang='grc' dir='ltr'><strong>τῶν</strong></span> <span class='ocrx_word' id='word_1_27' title='bbox 229 408 494 465; x_wconf 85' lang='grc' dir='ltr'><em>κατασκόπων</em></span> <span class='ocrx_word' id='word_1_28' title='bbox 523 410 692 453; x_wconf 79' lang='grc' dir='ltr'><em>τοιαῦτά</em></span> <span class='ocrx_word' id='word_1_29' title='bbox 722 413 843 454; x_wconf 75' lang='grc' dir='ltr'><em>ε’στιν.</em></span> <span class='ocrx_word' id='word_1_30' title='bbox 923 411 1066 469; x_wconf 78' lang='grc' dir='ltr'><em>ἄνδρες</em></span> <span class='ocrx_word' id='word_1_31' title='bbox 1099 412 1240 453; x_wconf 79' lang='grc' dir='ltr'><em>πολλοὶ</em></span> <span class='ocrx_word' id='word_1_32' title='bbox 1267 411 1309 454; x_wconf 74' lang='grc' dir='ltr'><strong>ἓν</strong></span> <span class='ocrx_word' id='word_1_33' title='bbox 1336 413 1518 469; x_wconf 80' lang='grc' dir='ltr'><em>δημοσίῳ</em></span> <span class='ocrx_word' id='word_1_34' title='bbox 1539 413 1583 455; x_wconf 84' lang='grc' dir='ltr'><em>τὸ</em></span> <span class='ocrx_word' id='word_1_35' title='bbox 1607 416 1639 451; x_wconf 91' lang='grc' dir='ltr'><em>Β</em></span> 
     </span>
     <span class='ocr_line' id='line_1_5' title="bbox 109 476 1586 539; baseline 0.003 -21"><span class='ocrx_word' id='word_1_36' title='bbox 109 476 320 519; x_wconf 72' lang='grc' dir='ltr'><em>’ἀνέκαθεν</em></span> <span class='ocrx_word' id='word_1_37' title='bbox 340 478 566 530; x_wconf 74' lang='grc' dir='ltr'><em>ἓσιτίζοντο,</em></span> <span class='ocrx_word' id='word_1_38' title='bbox 588 479 634 521; x_wconf 69' lang='grc' dir='ltr'><em>οἳ</em></span> <span class='ocrx_word' id='word_1_39' title='bbox 647 480 697 534; x_wconf 85' lang='grc' dir='ltr'><strong>δὴ</strong></span> <span class='ocrx_word' id='word_1_40' title='bbox 715 480 756 530; x_wconf 77' lang='grc' dir='ltr'><strong>ἓς</strong></span> <span class='ocrx_word' id='word_1_41' title='bbox 771 479 866 530; x_wconf 71' lang='grc' dir='ltr'><em>τοὺς</em></span> <span class='ocrx_word' id='word_1_42' title='bbox 884 483 1099 535; x_wconf 88' lang='grc' dir='ltr'><em>πολεμίους</em></span> <span class='ocrx_word' id='word_1_43' title='bbox 1115 477 1239 530; x_wconf 84' lang='grc' dir='ltr'><em>ῗόντες</em></span> <span class='ocrx_word' id='word_1_44' title='bbox 1259 479 1299 522; x_wconf 67' lang='grc' dir='ltr'><strong>ἵν</strong></span> <span class='ocrx_word' id='word_1_45' title='bbox 1317 498 1358 522; x_wconf 86' lang='grc' dir='ltr'><strong>τε</strong></span> <span class='ocrx_word' id='word_1_46' title='bbox 1375 487 1460 531; x_wconf 81' lang='grc' dir='ltr'><em>τοῖς</em></span> <span class='ocrx_word' id='word_1_47' title='bbox 1468 483 1586 539; x_wconf 87' lang='grc' dir='ltr'><em>Περ-</em></span> 
     </span>
     <span class='ocr_line' id='line_1_6' title="bbox 89 547 1729 607; baseline 0.002 -19"><span class='ocrx_word' id='word_1_48' title='bbox 89 549 205 593; x_wconf 78' lang='grc' dir='ltr'><em>5σῶν</em></span> <span class='ocrx_word' id='word_1_49' title='bbox 224 548 443 600; x_wconf 79' lang='grc' dir='ltr'><strong><em>βασιλείοις</em></strong></span> <span class='ocrx_word' id='word_1_50' title='bbox 463 547 662 604; x_wconf 79' lang='grc' dir='ltr'><em>γινόμενοι</em></span> <span class='ocrx_word' id='word_1_51' title='bbox 684 549 880 607; x_wconf 83' lang='grc' dir='ltr'><em>ε’μποριάς</em></span> <span class='ocrx_word' id='word_1_52' title='bbox 908 549 1075 604; x_wconf 82' lang='grc' dir='ltr'><em>ὀνόματι</em></span> <span class='ocrx_word' id='word_1_53' title='bbox 1095 547 1122 603; x_wconf 80' lang='grc' dir='ltr'>ἢ</span> <span class='ocrx_word' id='word_1_54' title='bbox 1146 547 1284 606; x_wconf 82' lang='grc' dir='ltr'><em>τρόπῳ</em></span> <span class='ocrx_word' id='word_1_55' title='bbox 1305 547 1427 607; x_wconf 64' lang='grc' dir='ltr'><em>ἑτέρῳ</em></span> <span class='ocrx_word' id='word_1_56' title='bbox 1438 582 1452 601; x_wconf 85' lang='grc'>,</span> <span class='ocrx_word' id='word_1_57' title='bbox 1484 550 1525 600; x_wconf 68' lang='grc' dir='ltr'><strong>ἴς</strong></span> <span class='ocrx_word' id='word_1_58' title='bbox 1541 568 1584 593; x_wconf 92' lang='grc' dir='ltr'><strong>τε</strong></span> <span class='ocrx_word' id='word_1_59' title='bbox 1607 551 1644 588; x_wconf 89' lang='lat' dir='ltr'>V</span> <span class='ocrx_word' id='word_1_60' title='bbox 1660 553 1729 590; x_wconf 84' lang='lat'><strong>339</strong></span> 
     </span>
     <span class='ocr_line' id='line_1_7' title="bbox 118 613 1586 675; baseline 0.004 -19"><span class='ocrx_word' id='word_1_61' title='bbox 118 613 166 657; x_wconf 79' lang='grc' dir='ltr'><em>τὸ</em></span> <span class='ocrx_word' id='word_1_62' title='bbox 189 613 352 672; x_wconf 77' lang='grc' dir='ltr'><em>ἀκριβὲς</em></span> <span class='ocrx_word' id='word_1_63' title='bbox 381 615 679 674; x_wconf 76' lang='grc' dir='ltr'><em>διερευνώμενοι</em></span> <span class='ocrx_word' id='word_1_64' title='bbox 715 617 886 675; x_wconf 69' lang='grc' dir='ltr'><em>ἕκαστα,</em></span> <span class='ocrx_word' id='word_1_65' title='bbox 922 617 1185 672; x_wconf 74' lang='grc' dir='ltr'><em>ἐπανήκοντες</em></span> <span class='ocrx_word' id='word_1_66' title='bbox 1212 618 1254 668; x_wconf 73' lang='grc' dir='ltr'><strong>ἐς</strong></span> <span class='ocrx_word' id='word_1_67' title='bbox 1273 615 1483 672; x_wconf 81' lang='grc' dir='ltr'><em>Ῥωμαίων</em></span> <span class='ocrx_word' id='word_1_68' title='bbox 1512 619 1586 674; x_wconf 82' lang='grc' dir='ltr'><strong>τὴν</strong></span> 
     </span>
     <span class='ocr_line' id='line_1_8' title="bbox 117 682 1585 743; baseline 0.004 -19"><span class='ocrx_word' id='word_1_69' title='bbox 117 686 192 738; x_wconf 81' lang='grc' dir='ltr'><strong>γῆν</strong></span> <span class='ocrx_word' id='word_1_70' title='bbox 217 682 350 727; x_wconf 84' lang='grc' dir='ltr'><em>πάντα</em></span> <span class='ocrx_word' id='word_1_71' title='bbox 374 692 457 735; x_wconf 84' lang='grc' dir='ltr'><em>τοῖς</em></span> <span class='ocrx_word' id='word_1_72' title='bbox 483 685 676 743; x_wconf 74' lang='grc' dir='ltr'><em>ἄρχουσιν</em></span> <span class='ocrx_word' id='word_1_73' title='bbox 699 686 948 742; x_wconf 72' lang='grc' dir='ltr'><em>ἐπαγγέλλειν</em></span> <span class='ocrx_word' id='word_1_74' title='bbox 975 685 1174 741; x_wconf 76' lang='grc' dir='ltr'><em>ἠδύναντο</em></span> <span class='ocrx_word' id='word_1_75' title='bbox 1197 686 1249 728; x_wconf 77' lang='grc' dir='ltr'><em>τὰ</em></span> <span class='ocrx_word' id='word_1_76' title='bbox 1280 691 1361 730; x_wconf 81' lang='grc' dir='ltr'><strong>τῶν</strong></span> <span class='ocrx_word' id='word_1_77' title='bbox 1384 689 1585 741; x_wconf 87' lang='grc' dir='ltr'><em>πολεμίων</em></span> 
     </span>
     <span class='ocr_line' id='line_1_9' title="bbox 117 749 1584 813; baseline 0.005 -21"><span class='ocrx_word' id='word_1_78' title='bbox 117 749 340 809; x_wconf 82' lang='grc' dir='ltr'><em>ἀπόρρητα.</em></span> <span class='ocrx_word' id='word_1_79' title='bbox 410 754 449 796; x_wconf 79' lang='grc' dir='ltr'><em>οἱ</em></span> <span class='ocrx_word' id='word_1_80' title='bbox 472 756 516 797; x_wconf 81' lang='grc' dir='ltr'><strong>δὲ</strong></span> <span class='ocrx_word' id='word_1_81' title='bbox 537 753 782 813; x_wconf 73' lang='grc' dir='ltr'><em>προῦμαθον</em></span> <span class='ocrx_word' id='word_1_82' title='bbox 800 753 1077 813; x_wconf 75' lang='grc' dir='ltr'><em>ἐφυλάσσοντό</em></span> <span class='ocrx_word' id='word_1_83' title='bbox 1100 772 1142 797; x_wconf 86' lang='grc' dir='ltr'><strong>τε</strong></span> <span class='ocrx_word' id='word_1_84' title='bbox 1165 757 1232 796; x_wconf 83' lang='grc' dir='ltr'><strong>καὶ</strong></span> <span class='ocrx_word' id='word_1_85' title='bbox 1261 754 1494 812; x_wconf 75' lang='grc' dir='ltr'><em>ἀπρόοπτον</em></span> <span class='ocrx_word' id='word_1_86' title='bbox 1512 756 1584 799; x_wconf 80' lang='grc' dir='ltr'><em>οὗ-</em></span> 
     </span>
     <span class='ocr_line' id='line_1_10' title="bbox 116 821 1584 881; baseline 0.003 -19"><span class='ocrx_word' id='word_1_87' title='bbox 116 821 182 863; x_wconf 78' lang='grc' dir='ltr'><strong>δὲν</strong></span> <span class='ocrx_word' id='word_1_88' title='bbox 199 821 403 871; x_wconf 79' lang='grc' dir='ltr'><em>ξυνέπιπτε</em></span> <span class='ocrx_word' id='word_1_89' title='bbox 422 824 551 880; x_wconf 76' lang='grc' dir='ltr'><em>σφίσι.</em></span> <span class='ocrx_word' id='word_1_90' title='bbox 618 828 736 866; x_wconf 81' lang='grc' dir='ltr'><em>τοῦτο</em></span> <span class='ocrx_word' id='word_1_91' title='bbox 758 825 803 866; x_wconf 77' lang='grc' dir='ltr'><strong>δὲ</strong></span> <span class='ocrx_word' id='word_1_92' title='bbox 821 824 867 866; x_wconf 87' lang='grc' dir='ltr'><em>τὸ</em></span> <span class='ocrx_word' id='word_1_93' title='bbox 883 828 1026 881; x_wconf 84' lang='grc' dir='ltr'><em>χρῆμα</em></span> <span class='ocrx_word' id='word_1_94' title='bbox 1044 823 1120 866; x_wconf 79' lang='grc' dir='ltr'><strong>κᾶν</strong></span> <span class='ocrx_word' id='word_1_95' title='bbox 1139 830 1224 873; x_wconf 84' lang='grc' dir='ltr'><em>τοῖς</em></span> <span class='ocrx_word' id='word_1_96' title='bbox 1246 823 1413 878; x_wconf 81' lang='grc' dir='ltr'><em>Μήδοις</em></span> <span class='ocrx_word' id='word_1_97' title='bbox 1432 826 1475 866; x_wconf 76' lang='grc' dir='ltr'><strong>ἐκ</strong></span> <span class='ocrx_word' id='word_1_98' title='bbox 1499 842 1584 866; x_wconf 87' lang='grc' dir='ltr'><strong>πα-</strong></span> 
     </span>
     <span class='ocr_line' id='line_1_11' title="bbox 60 886 1582 950; baseline 0.005 -21"><span class='ocrx_word' id='word_1_99' title='bbox 60 900 105 937; x_wconf 88' lang='lat'><strong>10</strong></span> <span class='ocrx_word' id='word_1_100' title='bbox 115 892 231 932; x_wconf 82' lang='grc' dir='ltr'><em>λαιοῦ</em></span> <span class='ocrx_word' id='word_1_101' title='bbox 250 889 340 935; x_wconf 84' lang='lat'>***.</span> <span class='ocrx_word' id='word_1_102' title='bbox 405 890 599 950; x_wconf 88' lang='grc' dir='ltr'><em>Χοσρόης</em></span> <span class='ocrx_word' id='word_1_103' title='bbox 616 893 690 946; x_wconf 73' lang='grc' dir='ltr'><strong>μὲν</strong></span> <span class='ocrx_word' id='word_1_104' title='bbox 712 886 784 935; x_wconf 69' lang='grc' dir='ltr'><strong>οὖν</strong></span> <span class='ocrx_word' id='word_1_105' title='bbox 798 894 969 947; x_wconf 72' lang='grc' dir='ltr'><em>μείζους,</em></span> <span class='ocrx_word' id='word_1_106' title='bbox 1004 892 1138 949; x_wconf 76' lang='grc' dir='ltr'><em>ὥσπερ</em></span> <span class='ocrx_word' id='word_1_107' title='bbox 1165 894 1281 949; x_wconf 79' lang='grc' dir='ltr'><em>φασὶ,</em></span> <span class='ocrx_word' id='word_1_108' title='bbox 1317 894 1582 947; x_wconf 78' lang='grc' dir='ltr'><em>πεποιημένος</em></span> 
     </span>
     <span class='ocr_line' id='line_1_12' title="bbox 112 957 1580 1019; baseline 0.002 -20"><span class='ocrx_word' id='word_1_109' title='bbox 112 957 187 1008; x_wconf 78' lang='grc' dir='ltr'><em>τὰς</em></span> <span class='ocrx_word' id='word_1_110' title='bbox 201 958 304 1016; x_wconf 84' lang='grc' dir='ltr'><em>πρὸς</em></span> <span class='ocrx_word' id='word_1_111' title='bbox 319 964 400 1003; x_wconf 81' lang='grc' dir='ltr'><strong>τῶν</strong></span> <span class='ocrx_word' id='word_1_112' title='bbox 416 959 680 1004; x_wconf 87' lang='grc' dir='ltr'><em>κατασκόπων</em></span> <span class='ocrx_word' id='word_1_113' title='bbox 702 961 908 1013; x_wconf 79' lang='grc' dir='ltr'><em>συντάξεις</em></span> <span class='ocrx_word' id='word_1_114' title='bbox 923 964 1181 1019; x_wconf 73' lang='grc' dir='ltr'><em>προμηθείας</em></span> <span class='ocrx_word' id='word_1_115' title='bbox 1199 965 1272 1016; x_wconf 83' lang='grc' dir='ltr'><em>τῆς</em></span> <span class='ocrx_word' id='word_1_116' title='bbox 1288 960 1450 1004; x_wconf 70' lang='grc' dir='ltr'><em>ἐνθένδε</em></span> <span class='ocrx_word' id='word_1_117' title='bbox 1471 960 1580 1016; x_wconf 80' lang='grc' dir='ltr'><strong>ἀπή-</strong></span> 
     </span>
     <span class='ocr_line' id='line_1_13' title="bbox 110 1028 1579 1087; baseline 0.003 -19"><span class='ocrx_word' id='word_1_118' title='bbox 110 1030 271 1087; x_wconf 81' lang='grc' dir='ltr'><em>λαυσεν.</em></span> <span class='ocrx_word' id='word_1_119' title='bbox 340 1028 456 1072; x_wconf 76' lang='grc' dir='ltr'><em>οὐδὲν</em></span> <span class='ocrx_word' id='word_1_120' title='bbox 486 1030 563 1087; x_wconf 83' lang='grc' dir='ltr'><em>γὰρ</em></span> <span class='ocrx_word' id='word_1_121' title='bbox 599 1030 722 1078; x_wconf 75' lang='grc' dir='ltr'><em>αὐτὸς</em></span> <span class='ocrx_word' id='word_1_122' title='bbox 748 1035 829 1074; x_wconf 80' lang='grc' dir='ltr'><strong>τῶν</strong></span> <span class='ocrx_word' id='word_1_123' title='bbox 862 1029 1129 1074; x_wconf 85' lang='grc' dir='ltr'><em>κατασκόπων</em></span> <span class='ocrx_word' id='word_1_124' title='bbox 1152 1029 1282 1085; x_wconf 69' lang='grc' dir='ltr'><em>ὄνομα</em></span> <span class='ocrx_word' id='word_1_125' title='bbox 1304 1031 1510 1087; x_wconf 72' lang='grc' dir='ltr'><em>ἐξέτριψεν</em></span> <span class='ocrx_word' id='word_1_126' title='bbox 1535 1031 1579 1073; x_wconf 72' lang='grc' dir='ltr'><strong>ἐκ</strong></span> 
     </span>
     <span class='ocr_line' id='line_1_14' title="bbox 104 1092 1628 1157; baseline 0.003 -19"><span class='ocrx_word' id='word_1_127' title='bbox 104 1092 311 1150; x_wconf 76' lang='grc' dir='ltr'><em>Ῥωμαίων</em></span> <span class='ocrx_word' id='word_1_128' title='bbox 329 1102 401 1153; x_wconf 82' lang='grc' dir='ltr'><em>τῆς</em></span> <span class='ocrx_word' id='word_1_129' title='bbox 418 1102 504 1154; x_wconf 85' lang='grc' dir='ltr'><em>γῆς,</em></span> <span class='ocrx_word' id='word_1_130' title='bbox 526 1101 568 1150; x_wconf 77' lang='grc' dir='ltr'><strong>ἒξ</strong></span> <span class='ocrx_word' id='word_1_131' title='bbox 595 1093 645 1142; x_wconf 72' lang='grc' dir='ltr'><em>οὗ</em></span> <span class='ocrx_word' id='word_1_132' title='bbox 667 1099 718 1154; x_wconf 79' lang='grc' dir='ltr'><strong>δὴ</strong></span> <span class='ocrx_word' id='word_1_133' title='bbox 739 1099 844 1142; x_wconf 75' lang='grc' dir='ltr'><em>ἄλλα</em></span> <span class='ocrx_word' id='word_1_134' title='bbox 862 1117 905 1143; x_wconf 89' lang='grc' dir='ltr'><strong>τε</strong></span> <span class='ocrx_word' id='word_1_135' title='bbox 920 1101 1051 1142; x_wconf 81' lang='grc' dir='ltr'><em>πολλὰ</em></span> <span class='ocrx_word' id='word_1_136' title='bbox 1071 1097 1297 1157; x_wconf 80' lang='grc' dir='ltr'><em>ἥμαρτήθη</em></span> <span class='ocrx_word' id='word_1_137' title='bbox 1321 1101 1388 1142; x_wconf 85' lang='grc' dir='ltr'><strong>καὶ</strong></span> <span class='ocrx_word' id='word_1_138' title='bbox 1405 1100 1573 1155; x_wconf 84' lang='grc' dir='ltr'><em>Λαζικὴ</em></span> <span class='ocrx_word' id='word_1_139' title='bbox 1595 1106 1628 1142; x_wconf 78' lang='lat'><em>0</em></span> 
     </span>
     <span class='ocr_line' id='line_1_15' title="bbox 108 1165 1578 1223; baseline 0.002 -16"><span class='ocrx_word' id='word_1_140' title='bbox 108 1165 210 1221; x_wconf 88' lang='grc' dir='ltr'><em>πρὸς</em></span> <span class='ocrx_word' id='word_1_141' title='bbox 236 1170 318 1209; x_wconf 80' lang='grc' dir='ltr'><strong>τῶν</strong></span> <span class='ocrx_word' id='word_1_142' title='bbox 342 1169 543 1222; x_wconf 82' lang='grc' dir='ltr'><em>πολεμίων</em></span> <span class='ocrx_word' id='word_1_143' title='bbox 575 1165 705 1220; x_wconf 69' lang='grc' dir='ltr'><em>ἑάλω,</em></span> <span class='ocrx_word' id='word_1_144' title='bbox 746 1167 957 1223; x_wconf 74' lang='grc' dir='ltr'><em>Ῥωμαίων</em></span> <span class='ocrx_word' id='word_1_145' title='bbox 1000 1169 1161 1223; x_wconf 80' lang='grc' dir='ltr'><em>οὐδαμῆ</em></span> <span class='ocrx_word' id='word_1_146' title='bbox 1192 1167 1454 1221; x_wconf 78' lang='grc' dir='ltr'><em>πεπυσμένων</em></span> <span class='ocrx_word' id='word_1_147' title='bbox 1484 1167 1578 1211; x_wconf 84' lang='grc' dir='ltr'><em>ὅποι</em></span> 
     </span>
     <span class='ocr_line' id='line_1_16' title="bbox 54 1233 1576 1296; baseline 0.002 -21"><span class='ocrx_word' id='word_1_148' title='bbox 54 1234 204 1281; x_wconf 77' lang='grc' dir='ltr'><em>15ποτὲ</em></span> <span class='ocrx_word' id='word_1_149' title='bbox 226 1239 300 1290; x_wconf 52' lang='grc' dir='ltr'><strong>γῐὲς</strong></span> <span class='ocrx_word' id='word_1_150' title='bbox 324 1233 345 1277; x_wconf 82' lang='grc' dir='ltr'><strong><em>ὃ</em></strong></span> <span class='ocrx_word' id='word_1_151' title='bbox 377 1238 553 1293; x_wconf 85' lang='grc' dir='ltr'><em>Περσῶν</em></span> <span class='ocrx_word' id='word_1_152' title='bbox 571 1237 766 1290; x_wconf 82' lang='grc' dir='ltr'><em>βασιλεὺς</em></span> <span class='ocrx_word' id='word_1_153' title='bbox 785 1237 856 1289; x_wconf 79' lang='grc' dir='ltr'><strong>ξὺν</strong></span> <span class='ocrx_word' id='word_1_154' title='bbox 879 1242 937 1296; x_wconf 77' lang='grc' dir='ltr'><em>τῷ</em></span> <span class='ocrx_word' id='word_1_155' title='bbox 953 1242 1115 1295; x_wconf 77' lang='grc' dir='ltr'><em>στρατῷ</em></span> <span class='ocrx_word' id='word_1_156' title='bbox 1138 1237 1212 1292; x_wconf 68' lang='grc' dir='ltr'><em>εἴη.</em></span> <span class='ocrx_word' id='word_1_157' title='bbox 1282 1236 1387 1279; x_wconf 82' lang='grc' dir='ltr'><em>ἀλλὰ</em></span> <span class='ocrx_word' id='word_1_158' title='bbox 1406 1238 1475 1278; x_wconf 82' lang='grc' dir='ltr'><strong>καὶ</strong></span> <span class='ocrx_word' id='word_1_159' title='bbox 1498 1255 1576 1279; x_wconf 87' lang='grc' dir='ltr'><strong>κα-</strong></span> 
     </span>
     <span class='ocr_line' id='line_1_17' title="bbox 105 1300 1715 1363; baseline 0.003 -19"><span class='ocrx_word' id='word_1_160' title='bbox 105 1300 261 1357; x_wconf 83' lang='grc' dir='ltr'><em>μήλους</em></span> <span class='ocrx_word' id='word_1_161' title='bbox 278 1308 538 1359; x_wconf 77' lang='grc' dir='ltr'><em>παμπληθεῖς</em></span> <span class='ocrx_word' id='word_1_162' title='bbox 557 1305 602 1348; x_wconf 81' lang='grc' dir='ltr'><em>τὸ</em></span> <span class='ocrx_word' id='word_1_163' title='bbox 626 1304 819 1360; x_wconf 84' lang='grc' dir='ltr'><em>δημόσιον</em></span> <span class='ocrx_word' id='word_1_164' title='bbox 839 1308 882 1350; x_wconf 77' lang='grc' dir='ltr'><strong>ἐκ</strong></span> <span class='ocrx_word' id='word_1_165' title='bbox 901 1311 1079 1348; x_wconf 81' lang='grc' dir='ltr'><em>παλαιοῦ</em></span> <span class='ocrx_word' id='word_1_166' title='bbox 1096 1306 1255 1363; x_wconf 78' lang='grc' dir='ltr'><em>τρέφειν</em></span> <span class='ocrx_word' id='word_1_167' title='bbox 1278 1303 1427 1356; x_wconf 75' lang='grc' dir='ltr'><em>εἰώθει,</em></span> <span class='ocrx_word' id='word_1_168' title='bbox 1450 1305 1500 1348; x_wconf 76' lang='grc' dir='ltr'><strong>αἳ</strong></span> <span class='ocrx_word' id='word_1_169' title='bbox 1515 1306 1566 1362; x_wconf 87' lang='grc' dir='ltr'><strong>δὴ</strong></span> <span class='ocrx_word' id='word_1_170' title='bbox 1590 1312 1622 1347; x_wconf 86' lang='grc' dir='ltr'><strong>Α</strong></span> <span class='ocrx_word' id='word_1_171' title='bbox 1647 1313 1715 1349; x_wconf 84' lang='grc'><strong>133</strong></span> 
     </span>
     <span class='ocr_line' id='line_1_18' title="bbox 103 1369 1575 1431; baseline 0.003 -19"><span class='ocrx_word' id='word_1_172' title='bbox 103 1375 163 1428; x_wconf 77' lang='grc' dir='ltr'><em>τῷ</em></span> <span class='ocrx_word' id='word_1_173' title='bbox 173 1369 382 1426; x_wconf 84' lang='grc' dir='ltr'><em>Ῥωμαίων</em></span> <span class='ocrx_word' id='word_1_174' title='bbox 400 1377 562 1431; x_wconf 72' lang='grc' dir='ltr'><em>στρατῷ</em></span> <span class='ocrx_word' id='word_1_175' title='bbox 582 1374 645 1415; x_wconf 73' lang='grc' dir='ltr'><strong>ἐπὶ</strong></span> <span class='ocrx_word' id='word_1_176' title='bbox 665 1376 880 1428; x_wconf 83' lang='grc' dir='ltr'><em>πολεμίους</em></span> <span class='ocrx_word' id='word_1_177' title='bbox 897 1373 997 1418; x_wconf 81' lang='grc' dir='ltr'><em>ἰόντι</em></span> <span class='ocrx_word' id='word_1_178' title='bbox 1019 1374 1180 1417; x_wconf 82' lang='grc' dir='ltr'><em>ἅπαντα</em></span> <span class='ocrx_word' id='word_1_179' title='bbox 1201 1373 1398 1431; x_wconf 79' lang='grc' dir='ltr'><em>φέρουσαι</em></span> <span class='ocrx_word' id='word_1_180' title='bbox 1415 1375 1466 1416; x_wconf 85' lang='grc' dir='ltr'><em>τὰ</em></span> <span class='ocrx_word' id='word_1_181' title='bbox 1485 1376 1575 1416; x_wconf 78' lang='grc' dir='ltr'><em>ἐπι-</em></span> 
     </span>
     <span class='ocr_line' id='line_1_19' title="bbox 103 1438 1573 1500; baseline 0.003 -20"><span class='ocrx_word' id='word_1_182' title='bbox 103 1438 243 1494; x_wconf 83' lang='grc' dir='ltr'><em>τήδεια</em></span> <span class='ocrx_word' id='word_1_183' title='bbox 261 1442 428 1484; x_wconf 73' lang='grc' dir='ltr'><em>εἵποντο.</em></span> <span class='ocrx_word' id='word_1_184' title='bbox 469 1444 536 1484; x_wconf 79' lang='grc' dir='ltr'><strong>καὶ</strong></span> <span class='ocrx_word' id='word_1_185' title='bbox 556 1441 646 1484; x_wconf 70' lang='grc' dir='ltr'><em>οὔτε</em></span> <span class='ocrx_word' id='word_1_186' title='bbox 663 1449 747 1492; x_wconf 75' lang='grc' dir='ltr'><em>τοῖς</em></span> <span class='ocrx_word' id='word_1_187' title='bbox 763 1449 953 1500; x_wconf 78' lang='grc' dir='ltr'><em>γεωργοῖς</em></span> <span class='ocrx_word' id='word_1_188' title='bbox 970 1441 1059 1486; x_wconf 88' lang='grc' dir='ltr'><em>τότε</em></span> <span class='ocrx_word' id='word_1_189' title='bbox 1078 1446 1375 1500; x_wconf 80' lang='grc' dir='ltr'><em>ἄγγαροφορεΐν</em></span> <span class='ocrx_word' id='word_1_190' title='bbox 1394 1441 1573 1499; x_wconf 75' lang='grc' dir='ltr'><em>ἐπάναγ-</em></span> 
     </span>
     <span class='ocr_line' id='line_1_20' title="bbox 103 1503 1569 1573; baseline 0.003 -23"><span class='ocrx_word' id='word_1_191' title='bbox 103 1525 169 1557; x_wconf 88' lang='grc' dir='ltr'><strong>κες</strong></span> <span class='ocrx_word' id='word_1_192' title='bbox 189 1503 238 1563; x_wconf 77' lang='grc' dir='ltr'><strong>ἦν</strong></span> <span class='ocrx_word' id='word_1_193' title='bbox 261 1508 350 1552; x_wconf 77' lang='grc' dir='ltr'><em>οἷίτε</em></span> <span class='ocrx_word' id='word_1_194' title='bbox 372 1527 411 1552; x_wconf 89' lang='grc' dir='ltr'><strong>τι</strong></span> <span class='ocrx_word' id='word_1_195' title='bbox 434 1511 558 1553; x_wconf 77' lang='grc' dir='ltr'><em>ε’νδεῖν</em></span> <span class='ocrx_word' id='word_1_196' title='bbox 575 1517 660 1561; x_wconf 79' lang='grc' dir='ltr'><em>τοῖς</em></span> <span class='ocrx_word' id='word_1_197' title='bbox 689 1510 955 1568; x_wconf 84' lang='grc' dir='ltr'><em>στρατιώταις</em></span> <span class='ocrx_word' id='word_1_198' title='bbox 975 1516 1056 1555; x_wconf 80' lang='grc' dir='ltr'><strong>τῶν</strong></span> <span class='ocrx_word' id='word_1_199' title='bbox 1078 1512 1304 1567; x_wconf 85' lang='grc' dir='ltr'><em>ἀναγκαίων</em></span> <span class='ocrx_word' id='word_1_200' title='bbox 1326 1512 1569 1573; x_wconf 73' lang='grc' dir='ltr'><em>ξυνέβαινεν,</em></span> 
     </span>
     <span class='ocr_line' id='line_1_21' title="bbox 48 1576 1569 1637; baseline 0.003 -19"><span class='ocrx_word' id='word_1_201' title='bbox 48 1576 208 1628; x_wconf 64' lang='lat' dir='ltr'><strong>gorm&amp;</strong></span> <span class='ocrx_word' id='word_1_202' title='bbox 235 1579 301 1620; x_wconf 81' lang='grc' dir='ltr'><strong>καὶ</strong></span> <span class='ocrx_word' id='word_1_203' title='bbox 329 1577 481 1629; x_wconf 77' lang='grc' dir='ltr'><em>ταύτας</em></span> <span class='ocrx_word' id='word_1_204' title='bbox 505 1583 699 1637; x_wconf 83' lang='grc' dir='ltr'><em>περιεῖλεν</em></span> <span class='ocrx_word' id='word_1_205' title='bbox 719 1580 1002 1631; x_wconf 85' lang='grc' dir='ltr'><em>Ἰουστινιανὸς</em></span> <span class='ocrx_word' id='word_1_206' title='bbox 1026 1578 1168 1634; x_wconf 86' lang='grc' dir='ltr'><em>σχεδόν</em></span> <span class='ocrx_word' id='word_1_207' title='bbox 1194 1597 1232 1622; x_wconf 93' lang='grc' dir='ltr'><strong>τι</strong></span> <span class='ocrx_word' id='word_1_208' title='bbox 1259 1577 1434 1630; x_wconf 76' lang='grc' dir='ltr'><em>ἁπάσας.</em></span> <span class='ocrx_word' id='word_1_209' title='bbox 1503 1581 1569 1623; x_wconf 85' lang='grc' dir='ltr'><em>διὸ</em></span> 
     </span>
     <span class='ocr_line' id='line_1_22' title="bbox 103 1645 1571 1707; baseline 0.003 -19"><span class='ocrx_word' id='word_1_210' title='bbox 103 1645 155 1700; x_wconf 87' lang='grc' dir='ltr'><strong>δὴ</strong></span> <span class='ocrx_word' id='word_1_211' title='bbox 176 1647 238 1688; x_wconf 72' lang='grc' dir='ltr'><strong>ἐπὶ</strong></span> <span class='ocrx_word' id='word_1_212' title='bbox 258 1649 471 1702; x_wconf 83' lang='grc' dir='ltr'><em>πολεμίους</em></span> <span class='ocrx_word' id='word_1_213' title='bbox 497 1647 626 1699; x_wconf 76' lang='grc' dir='ltr'><em>ἰόντος</em></span> <span class='ocrx_word' id='word_1_214' title='bbox 644 1649 694 1692; x_wconf 81' lang='grc' dir='ltr'><em>τὰ</em></span> <span class='ocrx_word' id='word_1_215' title='bbox 721 1654 792 1693; x_wconf 80' lang='grc' dir='ltr'><strong>νῦν</strong></span> <span class='ocrx_word' id='word_1_216' title='bbox 809 1654 883 1692; x_wconf 82' lang='grc' dir='ltr'><strong>τοῦ</strong></span> <span class='ocrx_word' id='word_1_217' title='bbox 899 1648 1108 1705; x_wconf 88' lang='grc' dir='ltr'><em>Ῥωμαίων</em></span> <span class='ocrx_word' id='word_1_218' title='bbox 1126 1653 1305 1707; x_wconf 87' lang='grc' dir='ltr'><em>στρατοῦ</em></span> <span class='ocrx_word' id='word_1_219' title='bbox 1324 1650 1571 1705; x_wconf 83' lang='grc' dir='ltr'><em>γεγενῆσθαί</em></span> 
     </span>
     <span class='ocr_line' id='line_1_23' title="bbox 101 1714 667 1760; baseline 0.007 -4"><span class='ocrx_word' id='word_1_220' title='bbox 101 1731 140 1756; x_wconf 89' lang='grc' dir='ltr'><strong>τι</strong></span> <span class='ocrx_word' id='word_1_221' title='bbox 159 1720 238 1758; x_wconf 85' lang='grc' dir='ltr'><strong>τῶν</strong></span> <span class='ocrx_word' id='word_1_222' title='bbox 261 1714 434 1759; x_wconf 89' lang='grc' dir='ltr'><em>δεόντων</em></span> <span class='ocrx_word' id='word_1_223' title='bbox 455 1715 667 1760; x_wconf 80' lang='grc' dir='ltr'><em>ἀδύνατον.</em></span> 
     </span>
     <span class='ocr_line' id='line_1_24' title="bbox 238 1779 1564 1847; baseline 0 -20"><span class='ocrx_word' id='word_1_224' title='bbox 238 1785 304 1827; x_wconf 84' lang='grc' dir='ltr'><strong>Τὰ</strong></span> <span class='ocrx_word' id='word_1_225' title='bbox 325 1786 399 1840; x_wconf 75' lang='grc' dir='ltr'><strong>μὲν</strong></span> <span class='ocrx_word' id='word_1_226' title='bbox 413 1779 483 1829; x_wconf 73' lang='grc' dir='ltr'><strong>οὖν</strong></span> <span class='ocrx_word' id='word_1_227' title='bbox 500 1783 800 1830; x_wconf 85' lang='grc' dir='ltr'><em>σπουδαιότατα</em></span> <span class='ocrx_word' id='word_1_228' title='bbox 819 1790 869 1844; x_wconf 83' lang='grc' dir='ltr'><em>τῇ</em></span> <span class='ocrx_word' id='word_1_229' title='bbox 888 1788 1066 1847; x_wconf 67' lang='grc' dir='ltr'><em>πολιτεία</em></span> <span class='ocrx_word' id='word_1_230' title='bbox 1084 1785 1248 1844; x_wconf 79' lang='grc' dir='ltr'><em>ἐφέρετο</em></span> <span class='ocrx_word' id='word_1_231' title='bbox 1265 1787 1377 1842; x_wconf 83' lang='grc' dir='ltr'><em>τῇδε.</em></span> <span class='ocrx_word' id='word_1_232' title='bbox 1447 1784 1564 1828; x_wconf 75' lang='grc' dir='ltr'><em>οὐδὲν</em></span> 
     </span>
     <span class='ocr_line' id='line_1_25' title="bbox 190 1876 1565 1926; baseline 0 -12"><span class='ocrx_word' id='word_1_233' title='bbox 190 1880 226 1916; x_wconf 89' lang='grc'><strong>8.</strong></span> <span class='ocrx_word' id='word_1_234' title='bbox 248 1876 502 1924; x_wconf 76' lang='grc' dir='ltr'><em>έφυλοὶσσοντο</em></span> <span class='ocrx_word' id='word_1_235' title='bbox 524 1882 644 1917; x_wconf 86' lang='lat' dir='ltr'><strong>Reisk.</strong></span> <span class='ocrx_word' id='word_1_236' title='bbox 691 1878 901 1926; x_wconf 79' lang='grc' dir='ltr'><em>ἐφύλασσον</em></span> <span class='ocrx_word' id='word_1_237' title='bbox 917 1882 990 1917; x_wconf 89' lang='grc' dir='ltr'><strong>ΑΡ.</strong></span> <span class='ocrx_word' id='word_1_238' title='bbox 1107 1883 1162 1919; x_wconf 86' lang='grc'><strong>10.</strong></span> <span class='ocrx_word' id='word_1_239' title='bbox 1188 1882 1277 1916; x_wconf 85' lang='lat' dir='ltr'><strong>Post</strong></span> <span class='ocrx_word' id='word_1_240' title='bbox 1292 1881 1458 1915; x_wconf 79' lang='grc' dir='ltr'><em>παλαιοῦ</em></span> <span class='ocrx_word' id='word_1_241' title='bbox 1473 1880 1565 1914; x_wconf 90' lang='lat' dir='ltr'><strong>indi-</strong></span> 
     </span>
     <span class='ocr_line' id='line_1_26' title="bbox 191 1924 1562 1973; baseline 0 -13"><span class='ocrx_word' id='word_1_242' title='bbox 191 1926 268 1960; x_wconf 80' lang='lat' dir='ltr'><strong>cavi</strong></span> <span class='ocrx_word' id='word_1_243' title='bbox 290 1926 455 1964; x_wconf 78' lang='lat' dir='ltr'>lacunam.</span> <span class='ocrx_word' id='word_1_244' title='bbox 589 1930 643 1963; x_wconf 88' lang='lat'><strong>11.</strong></span> <span class='ocrx_word' id='word_1_245' title='bbox 670 1926 766 1970; x_wconf 79' lang='grc' dir='ltr'><em>πρὸς</em></span> <span class='ocrx_word' id='word_1_246' title='bbox 786 1928 876 1973; x_wconf 79' lang='grc' dir='ltr'><em>τῶν]</em></span> <span class='ocrx_word' id='word_1_247' title='bbox 898 1927 994 1971; x_wconf 83' lang='grc' dir='ltr'><em>πρὸς</em></span> <span class='ocrx_word' id='word_1_248' title='bbox 1020 1927 1114 1962; x_wconf 88' lang='lat' dir='ltr'><strong>delet</strong></span> <span class='ocrx_word' id='word_1_249' title='bbox 1136 1927 1256 1962; x_wconf 84' lang='lat' dir='ltr'><strong>Reisk.</strong></span> <span class='ocrx_word' id='word_1_250' title='bbox 1374 1927 1427 1963; x_wconf 74' lang='lat'><strong>12.</strong></span> <span class='ocrx_word' id='word_1_251' title='bbox 1449 1924 1562 1961; x_wconf 72' lang='grc' dir='ltr'><em>οὐδὲν</em></span> 
     </span>
     <span class='ocr_line' id='line_1_27' title="bbox 213 1968 1562 2030; baseline 0 -24"><span class='ocrx_word' id='word_1_252' title='bbox 213 1969 261 2015; x_wconf 78' lang='grc' dir='ltr'><em>ἀρ</em></span> <span class='ocrx_word' id='word_1_253' title='bbox 289 1969 417 2017; x_wconf 69' lang='grc' dir='ltr'><em>αὐτὸς]</em></span> <span class='ocrx_word' id='word_1_254' title='bbox 451 1969 472 2008; x_wconf 77' lang='grc' dir='ltr'>ὁ</span> <span class='ocrx_word' id='word_1_255' title='bbox 505 1970 544 2008; x_wconf 75' lang='grc' dir='ltr'><strong>δὲ</strong></span> <span class='ocrx_word' id='word_1_256' title='bbox 577 1972 748 2030; x_wconf 67' lang='grc' dir='ltr'><em>βασιλεὺς</em></span> <span class='ocrx_word' id='word_1_257' title='bbox 770 1968 882 2014; x_wconf 75' lang='grc' dir='ltr'><em>οὗτος</em></span> <span class='ocrx_word' id='word_1_258' title='bbox 904 1974 1021 2009; x_wconf 83' lang='lat' dir='ltr'><strong>Reisk.</strong></span> <span class='ocrx_word' id='word_1_259' title='bbox 1205 1974 1261 2008; x_wconf 88' lang='lat'><strong>18.</strong></span> <span class='ocrx_word' id='word_1_260' title='bbox 1286 1970 1562 2017; x_wconf 76' lang='grc' dir='ltr'><em>α’γγαροφορεῖν</em></span> 
     </span>
    </p>
   </div>
   <div class='ocr_carea' id='block_1_3' title="bbox 189 1983 1558 2110">
    <p class='ocr_par' dir='ltr' id='par_1_3' title="bbox 189 1983 1558 2110">
     <span class='ocr_line' id='line_1_28' title="bbox 189 1983 1558 2065; baseline 0.001 -14"><span class='ocrx_word' id='word_1_261' title='bbox 189 1983 277 2052; x_wconf 49' lang='lat' dir='ltr'><strong>fiber</strong></span> <span class='ocrx_word' id='word_1_262' title='bbox 297 2018 514 2054; x_wconf 85' lang='lat' dir='ltr'><strong>Pinellianus.</strong></span> <span class='ocrx_word' id='word_1_263' title='bbox 562 2023 787 2065; x_wconf 76' lang='grc' dir='ltr'><em>αγροφορεῖν</em></span> <span class='ocrx_word' id='word_1_264' title='bbox 811 2020 878 2055; x_wconf 89' lang='lat' dir='ltr'><strong>Ms.</strong></span> <span class='ocrx_word' id='word_1_265' title='bbox 910 2019 1020 2054; x_wconf 83' lang='lat' dir='ltr'><strong>Vatie.</strong></span> <span class='ocrx_word' id='word_1_266' title='bbox 1040 2019 1160 2055; x_wconf 70' lang='lat' dir='ltr'><strong>Amm-</strong></span> <span class='ocrx_word' id='word_1_267' title='bbox 1328 2019 1384 2055; x_wconf 70' lang='lat'><strong>23.</strong></span> <span class='ocrx_word' id='word_1_268' title='bbox 1403 2015 1558 2063; x_wconf 77' lang='grc' dir='ltr'><em>ἐφέρετο</em></span> 
     </span>
     <span class='ocr_line' id='line_1_29' title="bbox 190 2062 620 2110; baseline 0.007 -12"><span class='ocrx_word' id='word_1_269' title='bbox 190 2063 306 2099; x_wconf 82' lang='lat' dir='ltr'><strong>Reisk.</strong></span> <span class='ocrx_word' id='word_1_270' title='bbox 325 2062 523 2110; x_wconf 79' lang='grc' dir='ltr'><em>ἐπεφέρετο</em></span> <span class='ocrx_word' id='word_1_271' title='bbox 545 2066 620 2101; x_wconf 87' lang='grc' dir='ltr'><strong>ΑΡ.</strong></span> 
     </span>
    </p>
   </div>
   <div class='ocr_carea' id='block_1_4' title="bbox 93 2141 1561 2882">
    <p class='ocr_par' dir='ltr' id='par_1_4' title="bbox 93 2141 1561 2835">
     <span class='ocr_line' id='line_1_30' title="bbox 98 2141 1561 2190; baseline 0.001 -14"><span class='ocrx_word' id='word_1_272' title='bbox 98 2141 178 2177; x_wconf 78' lang='lat' dir='ltr'><strong>hino</strong></span> <span class='ocrx_word' id='word_1_273' title='bbox 199 2145 235 2178; x_wconf 88' lang='lat' dir='ltr'><strong>et</strong></span> <span class='ocrx_word' id='word_1_274' title='bbox 258 2144 472 2188; x_wconf 84' lang='lat' dir='ltr'><strong>praediorum</strong></span> <span class='ocrx_word' id='word_1_275' title='bbox 494 2145 745 2190; x_wconf 73' lang='lat' dir='ltr'><strong>possessoribus</strong></span> <span class='ocrx_word' id='word_1_276' title='bbox 758 2143 858 2190; x_wconf 83' lang='lat' dir='ltr'><strong>gravi</strong></span> <span class='ocrx_word' id='word_1_277' title='bbox 878 2143 1051 2190; x_wconf 87' lang='lat' dir='ltr'><strong>dispendio</strong></span> <span class='ocrx_word' id='word_1_278' title='bbox 1071 2142 1197 2189; x_wconf 87' lang='lat' dir='ltr'><strong>perditi</strong></span> <span class='ocrx_word' id='word_1_279' title='bbox 1215 2143 1272 2177; x_wconf 85' lang='lat' dir='ltr'><strong>vel</strong></span> <span class='ocrx_word' id='word_1_280' title='bbox 1286 2145 1417 2177; x_wconf 87' lang='lat' dir='ltr'><strong>temere</strong></span> <span class='ocrx_word' id='word_1_281' title='bbox 1431 2142 1561 2178; x_wconf 82' lang='lat' dir='ltr'><strong>abiecti</strong></span> 
     </span>
     <span class='ocr_line' id='line_1_31' title="bbox 98 2189 1560 2237; baseline 0.001 -15"><span class='ocrx_word' id='word_1_282' title='bbox 98 2194 308 2223; x_wconf 82' lang='lat' dir='ltr'><strong>commeatus.</strong></span> <span class='ocrx_word' id='word_1_283' title='bbox 354 2190 615 2237; x_wconf 77' lang='lat' dir='ltr'><strong>Exploratorum</strong></span> <span class='ocrx_word' id='word_1_284' title='bbox 639 2196 750 2225; x_wconf 87' lang='lat' dir='ltr'><strong>autem</strong></span> <span class='ocrx_word' id='word_1_285' title='bbox 774 2192 882 2225; x_wconf 77' lang='lat' dir='ltr'><strong>forma</strong></span> <span class='ocrx_word' id='word_1_286' title='bbox 908 2191 992 2225; x_wconf 88' lang='lat' dir='ltr'><strong>haec</strong></span> <span class='ocrx_word' id='word_1_287' title='bbox 1017 2193 1111 2231; x_wconf 79' lang='lat' dir='ltr'><strong>erat3</strong></span> <span class='ocrx_word' id='word_1_288' title='bbox 1132 2189 1291 2224; x_wconf 87' lang='lat' dir='ltr'><strong>alimenta</strong></span> <span class='ocrx_word' id='word_1_289' title='bbox 1307 2189 1560 2236; x_wconf 82' lang='lat' dir='ltr'><strong>quamplurimis</strong></span> 
     </span>
     <span class='ocr_line' id='line_1_32' title="bbox 96 2233 1559 2282; baseline 0 -14"><span class='ocrx_word' id='word_1_290' title='bbox 96 2233 175 2269; x_wconf 86' lang='lat' dir='ltr'><strong>olim</strong></span> <span class='ocrx_word' id='word_1_291' title='bbox 189 2235 327 2270; x_wconf 85' lang='lat' dir='ltr'><strong>fuerunt</strong></span> <span class='ocrx_word' id='word_1_292' title='bbox 340 2237 383 2271; x_wconf 87' lang='lat' dir='ltr'><strong>ab</strong></span> <span class='ocrx_word' id='word_1_293' title='bbox 398 2237 540 2282; x_wconf 84' lang='lat' dir='ltr'><strong>aerario,</strong></span> <span class='ocrx_word' id='word_1_294' title='bbox 563 2237 620 2282; x_wconf 90' lang='lat' dir='ltr'><strong>qui</strong></span> <span class='ocrx_word' id='word_1_295' title='bbox 635 2249 698 2282; x_wconf 87' lang='lat' dir='ltr'><strong>per</strong></span> <span class='ocrx_word' id='word_1_296' title='bbox 715 2242 940 2278; x_wconf 81' lang='lat' dir='ltr'><strong>mercaturae,</strong></span> <span class='ocrx_word' id='word_1_297' title='bbox 963 2236 1019 2270; x_wconf 88' lang='lat' dir='ltr'><strong>vel</strong></span> <span class='ocrx_word' id='word_1_298' title='bbox 1034 2235 1171 2270; x_wconf 89' lang='lat' dir='ltr'><strong>alterius</strong></span> <span class='ocrx_word' id='word_1_299' title='bbox 1187 2234 1235 2269; x_wconf 86' lang='lat' dir='ltr'><strong>rei</strong></span> <span class='ocrx_word' id='word_1_300' title='bbox 1251 2236 1411 2280; x_wconf 84' lang='lat' dir='ltr'><strong>speciem,</strong></span> <span class='ocrx_word' id='word_1_301' title='bbox 1433 2235 1476 2269; x_wconf 91' lang='lat' dir='ltr'><strong>ad</strong></span> <span class='ocrx_word' id='word_1_302' title='bbox 1493 2236 1559 2269; x_wconf 87' lang='lat' dir='ltr'><strong>ho-</strong></span> 
     </span>
     <span class='ocr_line' id='line_1_33' title="bbox 96 2281 1556 2328; baseline 0.001 -14"><span class='ocrx_word' id='word_1_303' title='bbox 96 2284 178 2323; x_wconf 79' lang='lat' dir='ltr'><strong>stes,</strong></span> <span class='ocrx_word' id='word_1_304' title='bbox 200 2285 238 2315; x_wconf 83' lang='lat' dir='ltr'><strong>et</strong></span> <span class='ocrx_word' id='word_1_305' title='bbox 258 2281 292 2315; x_wconf 83' lang='lat' dir='ltr'><strong>in</strong></span> <span class='ocrx_word' id='word_1_306' title='bbox 307 2281 410 2327; x_wconf 83' lang='lat' dir='ltr'><strong>ipsam</strong></span> <span class='ocrx_word' id='word_1_307' title='bbox 429 2283 608 2318; x_wconf 80' lang='lat' dir='ltr'><strong>Persarum</strong></span> <span class='ocrx_word' id='word_1_308' title='bbox 625 2283 750 2327; x_wconf 84' lang='lat' dir='ltr'><strong>regiam</strong></span> <span class='ocrx_word' id='word_1_309' title='bbox 767 2283 885 2328; x_wconf 83' lang='lat' dir='ltr'><strong>pedem</strong></span> <span class='ocrx_word' id='word_1_310' title='bbox 906 2286 1142 2327; x_wconf 84' lang='lat' dir='ltr'><strong>penetrantes,</strong></span> <span class='ocrx_word' id='word_1_311' title='bbox 1167 2281 1413 2326; x_wconf 78' lang='lat' dir='ltr'><strong>exquisitisque</strong></span> <span class='ocrx_word' id='word_1_312' title='bbox 1428 2281 1556 2316; x_wconf 77' lang='lat' dir='ltr'><strong>adver-</strong></span> 
     </span>
     <span class='ocr_line' id='line_1_34' title="bbox 95 2326 1558 2374; baseline 0 -14"><span class='ocrx_word' id='word_1_313' title='bbox 95 2326 258 2361; x_wconf 72' lang='lat' dir='ltr'><strong>sariorum</strong></span> <span class='ocrx_word' id='word_1_314' title='bbox 273 2328 440 2372; x_wconf 85' lang='lat' dir='ltr'><strong>consiliis,</strong></span> <span class='ocrx_word' id='word_1_315' title='bbox 459 2329 544 2363; x_wconf 83' lang='lat' dir='ltr'><strong>haec</strong></span> <span class='ocrx_word' id='word_1_316' title='bbox 566 2329 677 2363; x_wconf 80' lang='lat' dir='ltr'><strong>statim</strong></span> <span class='ocrx_word' id='word_1_317' title='bbox 694 2329 835 2364; x_wconf 82' lang='lat' dir='ltr'><strong>reduces</strong></span> <span class='ocrx_word' id='word_1_318' title='bbox 850 2328 1056 2374; x_wconf 89' lang='lat' dir='ltr'><strong>principibus</strong></span> <span class='ocrx_word' id='word_1_319' title='bbox 1072 2327 1290 2373; x_wconf 83' lang='lat' dir='ltr'><strong>aperiebant3</strong></span> <span class='ocrx_word' id='word_1_320' title='bbox 1316 2327 1436 2371; x_wconf 88' lang='lat' dir='ltr'><strong>quibus</strong></span> <span class='ocrx_word' id='word_1_321' title='bbox 1455 2338 1558 2372; x_wconf 85' lang='lat' dir='ltr'><strong>prae-</strong></span> 
     </span>
     <span class='ocr_line' id='line_1_35' title="bbox 95 2372 1556 2420; baseline 0 -14"><span class='ocrx_word' id='word_1_322' title='bbox 95 2372 226 2407; x_wconf 77' lang='lat' dir='ltr'><strong>monitis</strong></span> <span class='ocrx_word' id='word_1_323' title='bbox 245 2374 420 2419; x_wconf 80' lang='lat' dir='ltr'><strong>cautisque</strong></span> <span class='ocrx_word' id='word_1_324' title='bbox 436 2374 516 2408; x_wconf 84' lang='lat' dir='ltr'><strong>nibil</strong></span> <span class='ocrx_word' id='word_1_325' title='bbox 529 2375 745 2420; x_wconf 81' lang='lat' dir='ltr'><strong>improvisum</strong></span> <span class='ocrx_word' id='word_1_326' title='bbox 761 2375 892 2410; x_wconf 80' lang='lat' dir='ltr'><strong>accidit.</strong></span> <span class='ocrx_word' id='word_1_327' title='bbox 961 2374 998 2408; x_wconf 88' lang='lat' dir='ltr'><strong>ld</strong></span> <span class='ocrx_word' id='word_1_328' title='bbox 1014 2375 1120 2419; x_wconf 89' lang='lat' dir='ltr'><strong>ipsum</strong></span> <span class='ocrx_word' id='word_1_329' title='bbox 1137 2373 1202 2407; x_wconf 84' lang='lat' dir='ltr'><strong>iam</strong></span> <span class='ocrx_word' id='word_1_330' title='bbox 1219 2373 1295 2407; x_wconf 87' lang='lat' dir='ltr'><strong>olim</strong></span> <span class='ocrx_word' id='word_1_331' title='bbox 1313 2373 1439 2407; x_wconf 84' lang='lat' dir='ltr'><strong>Persae</strong></span> <span class='ocrx_word' id='word_1_332' title='bbox 1453 2384 1556 2407; x_wconf 87' lang='lat' dir='ltr'><strong>usur-</strong></span> 
     </span>
     <span class='ocr_line' id='line_1_36' title="bbox 96 2419 1556 2466; baseline 0 -14"><span class='ocrx_word' id='word_1_333' title='bbox 96 2428 240 2462; x_wconf 69' lang='lat' dir='ltr'><strong>pavet-03</strong></span> <span class='ocrx_word' id='word_1_334' title='bbox 263 2419 343 2464; x_wconf 89' lang='lat' dir='ltr'><strong>quin</strong></span> <span class='ocrx_word' id='word_1_335' title='bbox 363 2420 532 2455; x_wconf 88' lang='lat' dir='ltr'><strong>Chosroes</strong></span> <span class='ocrx_word' id='word_1_336' title='bbox 548 2421 728 2455; x_wconf 88' lang='lat' dir='ltr'><strong>maioribus</strong></span> <span class='ocrx_word' id='word_1_337' title='bbox 746 2420 920 2466; x_wconf 84' lang='lat' dir='ltr'><strong>praemiis,</strong></span> <span class='ocrx_word' id='word_1_338' title='bbox 942 2425 980 2454; x_wconf 89' lang='lat' dir='ltr'><strong>ut</strong></span> <span class='ocrx_word' id='word_1_339' title='bbox 996 2422 1120 2462; x_wconf 79' lang='lat' dir='ltr'><strong>ferunt,</strong></span> <span class='ocrx_word' id='word_1_340' title='bbox 1145 2419 1418 2465; x_wconf 84' lang='lat' dir='ltr'><strong>exploratoribus</strong></span> <span class='ocrx_word' id='word_1_341' title='bbox 1433 2419 1556 2453; x_wconf 90' lang='lat' dir='ltr'><strong>decre-</strong></span> 
     </span>
     <span class='ocr_line' id='line_1_37' title="bbox 95 2462 1556 2510; baseline 0 -13"><span class='ocrx_word' id='word_1_342' title='bbox 95 2462 151 2504; x_wconf 74' lang='lat' dir='ltr'><strong>tis,</strong></span> <span class='ocrx_word' id='word_1_343' title='bbox 177 2475 314 2510; x_wconf 85' lang='lat' dir='ltr'><strong>quorum</strong></span> <span class='ocrx_word' id='word_1_344' title='bbox 329 2466 491 2501; x_wconf 88' lang='lat' dir='ltr'><strong>neminem</strong></span> <span class='ocrx_word' id='word_1_345' title='bbox 507 2477 528 2499; x_wconf 80' lang='lat' dir='ltr'><strong>a</strong></span> <span class='ocrx_word' id='word_1_346' title='bbox 545 2468 767 2501; x_wconf 88' lang='lat' dir='ltr'><strong>Romanorum</strong></span> <span class='ocrx_word' id='word_1_347' title='bbox 782 2466 909 2501; x_wconf 84' lang='lat' dir='ltr'><strong>ditione</strong></span> <span class='ocrx_word' id='word_1_348' title='bbox 924 2466 1089 2500; x_wconf 84' lang='lat' dir='ltr'><strong>sublatum</strong></span> <span class='ocrx_word' id='word_1_349' title='bbox 1103 2465 1214 2500; x_wconf 85' lang='lat' dir='ltr'><strong>voluit</strong></span> <span class='ocrx_word' id='word_1_350' title='bbox 1224 2491 1233 2506; x_wconf 98' lang='lat'>,</span> <span class='ocrx_word' id='word_1_351' title='bbox 1257 2477 1298 2499; x_wconf 87' lang='lat' dir='ltr'><strong>ea</strong></span> <span class='ocrx_word' id='word_1_352' title='bbox 1313 2464 1452 2498; x_wconf 84' lang='lat' dir='ltr'><strong>solertia</strong></span> <span class='ocrx_word' id='word_1_353' title='bbox 1466 2466 1556 2498; x_wconf 85' lang='lat' dir='ltr'><strong>bene</strong></span> 
     </span>
     <span class='ocr_line' id='line_1_38' title="bbox 97 2510 1555 2559; baseline -0.001 -15"><span class='ocrx_word' id='word_1_354' title='bbox 97 2519 167 2542; x_wconf 82' lang='lat' dir='ltr'><strong>rem</strong></span> <span class='ocrx_word' id='word_1_355' title='bbox 181 2510 295 2554; x_wconf 78' lang='lat' dir='ltr'><strong>gessit.</strong></span> <span class='ocrx_word' id='word_1_356' title='bbox 340 2512 469 2547; x_wconf 87' lang='lat' dir='ltr'><strong>Contra</strong></span> <span class='ocrx_word' id='word_1_357' title='bbox 490 2513 615 2548; x_wconf 85' lang='lat' dir='ltr'><strong>nostris</strong></span> <span class='ocrx_word' id='word_1_358' title='bbox 641 2524 715 2547; x_wconf 88' lang='lat' dir='ltr'><strong>cum</strong></span> <span class='ocrx_word' id='word_1_359' title='bbox 738 2513 805 2547; x_wconf 82' lang='lat' dir='ltr'><strong>alia</strong></span> <span class='ocrx_word' id='word_1_360' title='bbox 819 2516 961 2559; x_wconf 85' lang='lat' dir='ltr'><strong>peccata</strong></span> <span class='ocrx_word' id='word_1_361' title='bbox 976 2516 1066 2553; x_wconf 85' lang='lat' dir='ltr'><strong>sunt,</strong></span> <span class='ocrx_word' id='word_1_362' title='bbox 1089 2520 1160 2545; x_wconf 89' lang='lat' dir='ltr'><strong>tum</strong></span> <span class='ocrx_word' id='word_1_363' title='bbox 1179 2511 1303 2545; x_wconf 88' lang='lat' dir='ltr'><strong>Lazica</strong></span> <span class='ocrx_word' id='word_1_364' title='bbox 1318 2511 1414 2555; x_wconf 81' lang='lat' dir='ltr'><strong>regio</strong></span> <span class='ocrx_word' id='word_1_365' title='bbox 1430 2511 1473 2544; x_wconf 85' lang='lat' dir='ltr'><strong>ab</strong></span> <span class='ocrx_word' id='word_1_366' title='bbox 1490 2511 1555 2544; x_wconf 92' lang='lat' dir='ltr'><strong>ho-</strong></span> 
     </span>
     <span class='ocr_line' id='line_1_39' title="bbox 96 2553 1555 2605; baseline 0.001 -18"><span class='ocrx_word' id='word_1_367' title='bbox 96 2553 201 2588; x_wconf 80' lang='lat' dir='ltr'><strong>stibus</strong></span> <span class='ocrx_word' id='word_1_368' title='bbox 227 2562 400 2603; x_wconf 85' lang='lat' dir='ltr'><strong>occnpata‚</strong></span> <span class='ocrx_word' id='word_1_369' title='bbox 425 2558 585 2593; x_wconf 85' lang='lat' dir='ltr'><strong>Romanis</strong></span> <span class='ocrx_word' id='word_1_370' title='bbox 607 2570 741 2605; x_wconf 83' lang='lat' dir='ltr'><strong>semper</strong></span> <span class='ocrx_word' id='word_1_371' title='bbox 762 2558 899 2604; x_wconf 84' lang='lat' dir='ltr'><strong>ignaris,</strong></span> <span class='ocrx_word' id='word_1_372' title='bbox 928 2568 995 2603; x_wconf 91' lang='lat' dir='ltr'><strong>quo</strong></span> <span class='ocrx_word' id='word_1_373' title='bbox 1019 2558 1154 2592; x_wconf 88' lang='lat' dir='ltr'><strong>tandem</strong></span> <span class='ocrx_word' id='word_1_374' title='bbox 1181 2568 1242 2591; x_wconf 85' lang='lat' dir='ltr'><strong>rex</strong></span> <span class='ocrx_word' id='word_1_375' title='bbox 1257 2557 1438 2592; x_wconf 85' lang='lat' dir='ltr'><strong>Persarum</strong></span> <span class='ocrx_word' id='word_1_376' title='bbox 1463 2559 1555 2590; x_wconf 86' lang='lat' dir='ltr'><strong>esset</strong></span> 
     </span>
     <span class='ocr_line' id='line_1_40' title="bbox 95 2599 1556 2650; baseline 0.001 -17"><span class='ocrx_word' id='word_1_377' title='bbox 95 2599 212 2644; x_wconf 82' lang='lat' dir='ltr'><strong>copias</strong></span> <span class='ocrx_word' id='word_1_378' title='bbox 237 2603 461 2647; x_wconf 84' lang='lat' dir='ltr'><strong>expositurus.</strong></span> <span class='ocrx_word' id='word_1_379' title='bbox 508 2606 629 2650; x_wconf 84' lang='lat' dir='ltr'><strong>Ingens</strong></span> <span class='ocrx_word' id='word_1_380' title='bbox 657 2605 758 2639; x_wconf 86' lang='lat' dir='ltr'><strong>etiam</strong></span> <span class='ocrx_word' id='word_1_381' title='bbox 780 2615 937 2639; x_wconf 88' lang='lat' dir='ltr'><strong>numerus</strong></span> <span class='ocrx_word' id='word_1_382' title='bbox 961 2604 1164 2638; x_wconf 86' lang='lat' dir='ltr'><strong>camelorum</strong></span> <span class='ocrx_word' id='word_1_383' title='bbox 1188 2603 1232 2636; x_wconf 88' lang='lat' dir='ltr'><strong>ab</strong></span> <span class='ocrx_word' id='word_1_384' title='bbox 1254 2602 1392 2647; x_wconf 86' lang='lat' dir='ltr'><strong>antiquo</strong></span> <span class='ocrx_word' id='word_1_385' title='bbox 1418 2601 1556 2648; x_wconf 88' lang='lat' dir='ltr'><strong>publice</strong></span> 
     </span>
     <span class='ocr_line' id='line_1_41' title="bbox 93 2644 1555 2697; baseline 0.001 -19"><span class='ocrx_word' id='word_1_386' title='bbox 93 2644 259 2687; x_wconf 83' lang='lat' dir='ltr'><strong>alebatur,</strong></span> <span class='ocrx_word' id='word_1_387' title='bbox 279 2647 335 2693; x_wconf 84' lang='lat' dir='ltr'><strong>qni</strong></span> <span class='ocrx_word' id='word_1_388' title='bbox 349 2649 486 2684; x_wconf 78' lang='lat' dir='ltr'><strong>militem</strong></span> <span class='ocrx_word' id='word_1_389' title='bbox 501 2651 535 2685; x_wconf 84' lang='lat' dir='ltr'><strong>in</strong></span> <span class='ocrx_word' id='word_1_390' title='bbox 551 2651 798 2697; x_wconf 84' lang='lat' dir='ltr'><strong>expeditionem</strong></span> <span class='ocrx_word' id='word_1_391' title='bbox 814 2651 923 2686; x_wconf 85' lang='lat' dir='ltr'><strong>secuti</strong></span> <span class='ocrx_word' id='word_1_392' title='bbox 937 2650 1172 2695; x_wconf 80' lang='lat' dir='ltr'><strong>impedimenta</strong></span> <span class='ocrx_word' id='word_1_393' title='bbox 1187 2649 1427 2689; x_wconf 86' lang='lat' dir='ltr'><strong>conveherent,</strong></span> <span class='ocrx_word' id='word_1_394' title='bbox 1451 2658 1493 2680; x_wconf 90' lang='lat' dir='ltr'><strong>ne</strong></span> <span class='ocrx_word' id='word_1_395' title='bbox 1511 2645 1555 2680; x_wconf 82' lang='lat' dir='ltr'><strong>ad</strong></span> 
     </span>
     <span class='ocr_line' id='line_1_42' title="bbox 96 2689 1556 2742; baseline 0 -18"><span class='ocrx_word' id='word_1_396' title='bbox 96 2689 129 2724; x_wconf 82' lang='lat' dir='ltr'><strong>id</strong></span> <span class='ocrx_word' id='word_1_397' title='bbox 157 2698 357 2735; x_wconf 81' lang='lat' dir='ltr'><strong>cogerentur</strong></span> <span class='ocrx_word' id='word_1_398' title='bbox 381 2696 510 2738; x_wconf 88' lang='lat' dir='ltr'><strong>coloni,</strong></span> <span class='ocrx_word' id='word_1_399' title='bbox 532 2697 590 2731; x_wconf 87' lang='lat' dir='ltr'><strong>vel</strong></span> <span class='ocrx_word' id='word_1_400' title='bbox 611 2697 880 2733; x_wconf 78' lang='lat' dir='ltr'><strong>necessariorum</strong></span> <span class='ocrx_word' id='word_1_401' title='bbox 904 2697 1074 2742; x_wconf 85' lang='lat' dir='ltr'><strong>quidpiam</strong></span> <span class='ocrx_word' id='word_1_402' title='bbox 1097 2696 1234 2729; x_wconf 86' lang='lat' dir='ltr'><strong>militem</strong></span> <span class='ocrx_word' id='word_1_403' title='bbox 1255 2695 1430 2728; x_wconf 87' lang='lat' dir='ltr'><strong>deficeret.</strong></span> <span class='ocrx_word' id='word_1_404' title='bbox 1477 2692 1556 2725; x_wconf 89' lang='lat' dir='ltr'><strong>Hos</strong></span> 
     </span>
     <span class='ocr_line' id='line_1_43' title="bbox 96 2736 1556 2785; baseline 0 -15"><span class='ocrx_word' id='word_1_405' title='bbox 96 2736 196 2770; x_wconf 84' lang='lat' dir='ltr'><strong>etiam</strong></span> <span class='ocrx_word' id='word_1_406' title='bbox 214 2737 412 2775; x_wconf 79' lang='lat' dir='ltr'><strong>Iustinianus</strong></span> <span class='ocrx_word' id='word_1_407' title='bbox 427 2741 550 2777; x_wconf 82' lang='lat' dir='ltr'><strong>ademit</strong></span> <span class='ocrx_word' id='word_1_408' title='bbox 563 2744 636 2778; x_wconf 82' lang='lat' dir='ltr'><strong>fere</strong></span> <span class='ocrx_word' id='word_1_409' title='bbox 650 2755 776 2778; x_wconf 80' lang='lat' dir='ltr'><strong>omnes.</strong></span> <span class='ocrx_word' id='word_1_410' title='bbox 822 2744 942 2785; x_wconf 80' lang='lat' dir='ltr'><strong>Quare</strong></span> <span class='ocrx_word' id='word_1_411' title='bbox 960 2742 1058 2777; x_wconf 89' lang='lat' dir='ltr'><strong>modo</strong></span> <span class='ocrx_word' id='word_1_412' title='bbox 1074 2753 1149 2776; x_wconf 92' lang='lat' dir='ltr'><strong>cum</strong></span> <span class='ocrx_word' id='word_1_413' title='bbox 1164 2745 1276 2775; x_wconf 87' lang='lat' dir='ltr'><strong>castra</strong></span> <span class='ocrx_word' id='word_1_414' title='bbox 1291 2740 1326 2774; x_wconf 89' lang='lat' dir='ltr'><strong>in</strong></span> <span class='ocrx_word' id='word_1_415' title='bbox 1341 2740 1455 2773; x_wconf 87' lang='lat' dir='ltr'><strong>hostes</strong></span> <span class='ocrx_word' id='word_1_416' title='bbox 1470 2748 1556 2782; x_wconf 86' lang='lat' dir='ltr'><strong>pro·</strong></span> 
     </span>
     <span class='ocr_line' id='line_1_44' title="bbox 96 2784 985 2835; baseline 0.002 -17"><span class='ocrx_word' id='word_1_417' title='bbox 96 2788 283 2826; x_wconf 83' lang='lat' dir='ltr'><strong>moventur,</strong></span> <span class='ocrx_word' id='word_1_418' title='bbox 304 2784 384 2819; x_wconf 87' lang='lat' dir='ltr'><strong>nibil</strong></span> <span class='ocrx_word' id='word_1_419' title='bbox 399 2788 487 2832; x_wconf 84' lang='lat' dir='ltr'><strong>quod</strong></span> <span class='ocrx_word' id='word_1_420' title='bbox 504 2800 524 2822; x_wconf 88' lang='lat' dir='ltr'><strong>e</strong></span> <span class='ocrx_word' id='word_1_421' title='bbox 539 2800 578 2823; x_wconf 92' lang='lat' dir='ltr'><strong>re</strong></span> <span class='ocrx_word' id='word_1_422' title='bbox 593 2788 654 2830; x_wconf 83' lang='lat' dir='ltr'><strong>sit,</strong></span> <span class='ocrx_word' id='word_1_423' title='bbox 678 2794 732 2824; x_wconf 84' lang='lat' dir='ltr'><strong>est</strong></span> <span class='ocrx_word' id='word_1_424' title='bbox 746 2792 985 2835; x_wconf 81' lang='lat' dir='ltr'><strong>opportunum.</strong></span> 
     </span>
    </p>

    <p class='ocr_par' dir='ltr' id='par_1_5' title="bbox 187 2828 1551 2882">
     <span class='ocr_line' id='line_1_45' title="bbox 187 2828 1551 2882; baseline 0 -19"><span class='ocrx_word' id='word_1_425' title='bbox 187 2828 287 2872; x_wconf 75' lang='lat' dir='ltr'><strong>Quae</strong></span> <span class='ocrx_word' id='word_1_426' title='bbox 313 2841 395 2875; x_wconf 84' lang='lat' dir='ltr'><strong>ergo</strong></span> <span class='ocrx_word' id='word_1_427' title='bbox 417 2843 545 2868; x_wconf 85' lang='lat' dir='ltr'><strong>summo</strong></span> <span class='ocrx_word' id='word_1_428' title='bbox 569 2834 691 2871; x_wconf 88' lang='lat' dir='ltr'><strong>studio.</strong></span> <span class='ocrx_word' id='word_1_429' title='bbox 707 2835 742 2870; x_wconf 86' lang='lat' dir='ltr'><strong>in</strong></span> <span class='ocrx_word' id='word_1_430' title='bbox 768 2834 941 2882; x_wconf 81' lang='lat' dir='ltr'><strong>republica</strong></span> <span class='ocrx_word' id='word_1_431' title='bbox 964 2833 1125 2873; x_wconf 11' lang='lat' dir='ltr'><strong>curanda*</strong></span> <span class='ocrx_word' id='word_1_432' title='bbox 1138 2834 1257 2874; x_wconf 83' lang='lat' dir='ltr'><strong>erant,</strong></span> <span class='ocrx_word' id='word_1_433' title='bbox 1275 2830 1326 2864; x_wconf 87' lang='lat' dir='ltr'><strong>sic</strong></span> <span class='ocrx_word' id='word_1_434' title='bbox 1341 2829 1551 2865; x_wconf 80' lang='lat' dir='ltr'><strong>ferebantur.</strong></span> 
     </span>
    </p>
   </div>
  </div>
 </body>
</html>
