1800 3126
571 166 762 210 NOTAE
795 165 1087 211 ALEMANNI.
1471 169 1569 216 403

112 275 233 332 ταύτῃ
253 275 473 348 φαίνεσθαι
495 278 646 329 μᾶλλον
675 274 863 330 διαδοχον
890 274 992 319 εἶναι
1015 273 1334 348 τετελευτηκότος
1361 280 1417 332 τῷ
1444 277 1570 331 μηδὲν

110 330 354 377 ἐναλλάττειν
391 349 450 374 ων
489 333 641 382 ἐκεῖνος
677 333 839 400 ε’πραττε
875 350 1042 404 περιων,
1082 350 1186 375 ουτω
1224 331 1298 405 γοῖρ
1337 334 1405 375 καὶ
1448 335 1570 404 ἡμεῖς

109 393 184 444 τῆς
219 385 345 441 αὖτῆς
376 385 638 441 ἄνθεξόμεθα
666 405 848 460 γνωμιζς,
889 390 959 432 καὶ
990 388 1061 461 οὐχ
1089 386 1210 444 ἧττον
1241 389 1285 432 τὸ
1311 394 1383 443 τῆς
1414 406 1568 461 ευεργε-

110 443 250 494 πίστις’
225 461 355 498 ονομα
383 445 675 511 μεταθήσομεν,
707 447 744 488 εἰ
769 445 813 488 δὲ
840 446 907 488 καὶ
937 444 1024 500 μετ’
1053 447 1205 489 ἐκεῖνον
1233 445 1438 518 εὐεργέτην
1466 446 1567 489 α’πο-

107 501 322 555 καλέσομεν
359 499 461 556 πρός
489 519 539 572 γε
570 503 639 544 καὶ
678 501 1038 556 αἰσχυνθησόμεθα
1066 507 1124 561 τῷ
1151 504 1401 546 πεπονθέναι
1437 508 1568 553 καλως

107 575 164 630 μη
199 563 284 607 τοῖς
321 557 477 611 ὁμοίοις
515 554 753 613 ἀμείβεσθαι
792 557 860 601 τόν
900 546 1127 612 δεδρακότα.
1185 561 1268 602 Καὶ
1306 577 1380 615 γαρ
1418 561 1569 614 πατέρα

107 613 178 656 τὸν
213 612 281 656 σὺν
320 612 464 669 δώροις
499 615 607 669 ημᾶς
636 613 1011 686 φιλοφρονουμενον
1047 614 1382 688 οἷντεδωρουμεθα
1409 621 1468 673 τῷ
1499 617 1568 658 καὶ

108 667 330 724 δυνάμενοι
357 689 411 725 μη
441 672 690 742 κατατρέχειν
714 688 790 740 την
815 672 1058 727 Ῥωμαϊκήν,
1089 671 1188 714 ἄλλα
1218 674 1338 715 πλέον
1367 674 1568 715 ἐνδείκνυ-

106 728 209 769 σθαί
236 744 287 769 τι.
343 744 438 777 τους
474 745 564 798 γαρ
585 729 629 770 ἐκ
667 725 858 798 γειτόνων
895 729 994 796 ’ὑμῖν
1029 728 1256 800 βαρβάρους
1289 746 1364 783 την
1403 727 1569 798 Θρακιζν

106 781 172 826 ἀεὶ
201 781 510 838 περικόπτοντας
535 782 788 838 ἠφανίσαμεν
815 781 987 838 αθρόον,
1017 787 1085 827 καὶ
1116 783 1250 835 ουδεὶς
1275 786 1461 828 ὅστισονν
1492 804 1568 828 αυ-

106 856 186 882 των
213 841 497 910 περιλέλειπται
515 858 563 883 τα
585 845 754 909 Θρακων
772 841 966 896 ορίσματα
995 841 1383 897 καταδραμούμενος,
1414 845 1568 885 δεδίασι

106 914 182 952 γαρ
213 900 294 938 τῶν
321 893 499 965 Ἀβαρων
535 914 612 949 την
641 895 812 951 δυ’ναμιν
853 901 996 970 φιλίως
1033 899 1200 952 ἔχουσαν
1235 898 1333 965 πρὸς
1368 898 1443 952 τὴν
1479 900 1567 941 Ῥω-

106 955 237 1020 μαίων
272 950 410 1006 ἀρχήν.
467 955 718 1007 πεπείσμεθα
748 953 797 1007 δὴ
829 950 903 996 οὖν
933 972 986 1004 ως
1015 956 1058 997 ἐν
1087 971 1215 1011 τουτῳ
1245 952 1357 1010 μόνῳ
1386 972 1569 996 καινοτο-

105 1007 268 1082 μήσειςἶ
274 1009 402 1063 ἡμᾶς,
434 1014 500 1081 τῷ
527 1010 648 1052 πλέον
676 1011 859 1066 παρέχειν
887 1011 1008 1064 ἦμῖν,
1050 1009 1079 1064 ἢ
1109 1012 1132 1053 o‘
1162 1011 1228 1061 σὸς
1256 1012 1390 1053 ἐδίδου
1420 1010 1564 1065 πατήρ.

105 1063 210 1108 ἐνθ’
234 1083 292 1107 ων
320 1066 388 1108 καὶ
416 1066 532 1136 ᾗμεῖς
570 1066 671 1121 ἤπερ
706 1068 844 1124 ἐκείνῳ
873 1065 1125 1138 γενησόμεθα
1158 1081 1221 1110 σοι
1247 1084 1345 1110 κατα
1374 1067 1416 1109 τὸ
1444 1068 1566 1110 πλέον

102 1119 346 1173 υπενιθννοι,
368 1123 436 1164 καὶ
455 1126 636 1177 μείζονας
653 1110 936 1194 ἔποφλήσομέν
957 1138 1021 1166 σοι
1044 1123 1114 1173 τοὶς
1135 1141 1305 1178 χαριτας-
1351 1139 1565 1195 παρεσμεν

103 1195 180 1222 ουν
216 1175 443 1232 ληψόμενοι
478 1196 526 1221 τα
563 1197 662 1221 κατα
695 1179 738 1222 τὸ
766 1178 927 1230 εἰωθός.
985 1184 1116 1236 γνῶθι
1145 1179 1221 1235 γάρ
1253 1181 1306 1230 ὥς
1335 1179 1462 1231 αλλως
1490 1179 1567 1223 ουίι

102 1236 183 1278 ἔστι
211 1234 380 1278 δυνατὸν
408 1234 474 1277 τόν
502 1234 600 1278 καθ’
620 1237 728 1290 ’ἡμᾶς
754 1236 933 1291 ἡγεμόνα
954 1239 1019 1279 σοί
1036 1253 1078 1279 τε
1098 1238 1166 1278 καὶ
1193 1241 1245 1294 τῇ
1269 1238 1470 1291 Ῥωμαίων
1502 1254 1566 1278 ευ-

101 1289 322 1334 νούστατον
349 1292 512 1334 ἔσεσθαι
539 1295 729 1349 πολιτεία,
761 1294 839 1347 εἴγε
865 1311 918 1346 μη
945 1294 1204 1348 ἐγχειρισθείη
1232 1292 1428 1348 πρότερον
1457 1291 1567 1350 αὐτῷ

101 1366 150 1391 τα
179 1345 244 1399 ἐφ’
272 1345 334 1397 οἷς
360 1345 410 1389 ου’
437 1354 565 1390 κινεῖν
594 1347 697 1391 ὅπλα
723 1366 823 1390 κατα
849 1349 1049 1403 Ῥωμαίων
1079 1350 1192 1405 ἔγνω.
1248 1353 1422 1391 Huiusce
1451 1353 1565 1405 lega-
1589 1357 1619 1392 A
1664 1358 1687 1392 5

102 1407 222 1445 tionis
251 1407 490 1444 sententiam
518 1407 560 1443 iu
589 1407 670 1445 illis
699 1407 860 1459 Corippi
890 1408 1128 1446 carminibus
1158 1407 1295 1447 habes.

212 1461 386 1511 Adjua
414 1476 489 1499 noe
511 1465 702 1515 princeps·
729 1463 828 1501 lzaec
857 1463 1073 1514 splendida
1101 1466 1257 1503 moenia
1284 1466 1398 1502 misit

210 1518 370 1558 Annua
391 1519 576 1571 perlargi
597 1521 736 1570 patrie
762 1521 916 1558 solatia
945 1522 1069 1558 vestri

210 1575 371 1614 Sumere
397 1582 554 1627 tempus
582 1575 708 1614 adest.
767 1577 942 1614 Sanctus
976 1590 1081 1628 quae
1101 1575 1294 1627 praebuit
1322 1577 1405 1628 ille,

220 1631 267 1671 V
259 1645 304 1668 oo
330 1633 452 1678 etiam
471 1632 661 1684 praebere
689 1631 814 1683 decet,
845 1635 882 1670 sc·
904 1632 1073 1683 sbedera
1093 1634 1215 1684 pacis

211 1687 455 1727 Intemerata
481 1688 579 1738 tibi,
609 1691 647 1727 εἰ
675 1691 805 1727 mavis
824 1697 954 1741 pacta
983 1703 1154 1736 manere,

212 1744 366 1782 Debita
393 1747 601 1796 quaerenti
628 1747 891 1784 transmittite
920 1760 1087 1784 munera
1117 1746 1215 1796 regi.

213 1801 260 1838 P.
283 1803 350 1849 73,
380 1801 420 1840 9.
477 1801 526 1839 In
553 1804 778 1840 societatem
801 1804 1021 1854 pertractis·
1048 1799 1348 1848 Alamundaro‚
1377 1805 1412 1837 et
1435 1799 1563 1837 Hun-

101 1857 189 1908 nis]
227 1858 288 1894 De
315 1857 609 1907 Alamundaro,
649 1866 687 1896 et
715 1860 871 1896 Hunnis
900 1860 943 1895 in
979 1859 1206 1896 societatem
1235 1857 1406 1904 vocatISI,
1444 1863 1482 1893 et
1512 1855 1562 1893 de

99 1913 208 1951 bello
245 1913 294 1951 ob
327 1913 370 1950 id
405 1913 702 1952 recrudescente
739 1915 828 1966 lege
862 1916 891 1952 l.
921 1917 948 1954 2
976 1915 1072 1952 bell.
1101 1916 1210 1952 Pers.
1249 1913 1318 1950 ubi
1357 1914 1470 1964 quasi
1509 1925 1563 1949 ex

102 1970 272 2007 aliorum
310 1973 507 2008 sententia
544 1970 621 2009 hoc
662 1970 771 2008 idem
806 1972 1024 2009 lustiniano
1063 1972 1260 2021 flagitium
1305 1970 1562 2019 improperat.

100 2027 203 2064 Nam
235 2026 453 2064 secundum
483 2035 599 2078 caput
629 2027 899 2065 conditionum
936 2030 1044 2078 pacis
1075 2041 1166 2064 cum
1197 2022 1371 2064 chosroe
1404 2025 1561 2062 stabili-

100 2089 166 2120 tae
202 2083 259 2120 sic
299 2081 479 2122 habebat.
534 2083 602 2132 Ὡς
634 2081 684 2124 ἂν
713 2085 755 2124 οἷ
783 2081 978 2135 σύμμαχοι
1007 2082 1255 2147 Σαρακηνοὶ
1273 2080 1456 2149 ἑκατέρας
1485 2097 1561 2121 πο-

100 2139 244 2187 λιτείας
271 2138 477 2192 ἐμμένοιεν
504 2139 573 2180 καὶ
610 2142 650 2180 οἳ
677 2145 758 2188 τοῖς
787 2142 1067 2193 βεβαιωθεῑσι,
1100 2138 1168 2180 καὶ
1200 2135 1298 2191 μήτε
1327 2135 1420 2184 τούς
1453 2140 1561 2190 Περ-

101 2197 186 2236 σων
212 2211 312 2236 κατα
338 2195 551 2249 Ῥωμαίων,
580 2212 679 2248 μητε
707 2212 801 2244 τους
827 2196 1027 2248 Ῥωμαίων
1057 2195 1293 2243 ὁπλίζεσθαι
1322 2191 1421 2233 κατὰ
1453 2196 1561 2246 Περ-

101 2253 197 2292 σῶν.
252 2254 306 2290 Ut
334 2260 466 2290 narrat
493 2252 712 2291 Menander
739 2255 954 2292 Protector.
1013 2254 1210 2291 Saraceni
1239 2252 1451 2301 utriusque
1480 2252 1560 2287 rei-

95 2307 284 2359 publicae
312 2311 435 2359 socii,
473 2308 571 2347 llaec
601 2310 791 2347 είαῦἰίιΐα
820 2313 956 2361 capita
986 2309 1208 2357 observent,
1240 2316 1285 2345 ut
1309 2321 1432 2358 neque
1459 2309 1560 2344 Per-

101 2377 240 2402 carum
277 2368 380 2404 socii
418 2373 559 2403 contra
596 2367 824 2418 Romanos,
872 2381 996 2418 neque
1035 2367 1317 2404 Romanorum
1356 2361 1561 2413 foederati

101 2427 243 2459 contra
269 2424 418 2460 Persas
443 2437 562 2461 arma
590 2431 769 2464 sumant.

212 2478 361 2528 P·73,
391 2481 457 2521 16.
514 2481 607 2518 Hos
640 2493 771 2517 omne-5
802 2479 934 2530 priori
970 2478 1165 2515 sententia
1195 2474 1374 2514 decedere
1412 2473 1558 2524 iussit]

102 2533 191 2570 Non
219 2532 379 2572 damnat
406 2537 622 2588 Procopius
657 2537 867 2574 Iustiniani
903 2531 1055 2583 zelum,
1097 2533 1166 2572 sed
1199 2533 1366 2584 apostoli
1397 2542 1559 2567 censura

106 2589 251 2640 carpit,
296 2590 402 2643 quod
441 2594 476 2631 is
514 2606 595 2630 nou
624 2591 844 2630 secuudum
878 2593 1086 2629 scientiam
1121 2591 1253 2627 fuerit.
1311 2589 1467 2633 Primo,
1509 2585 1558 2622 ob

106 2653 264 2683 exactas
303 2647 351 2685 ab
379 2646 586 2688 haereticis
615 2663 764 2701 poenas
801 2661 882 2686 non
912 2656 995 2686 tam
1025 2649 1227 2698 religionis
1258 2656 1396 2690 causa,
1440 2654 1560 2693 quam

105 2703 294 2752 pecuniae
323 2704 547 2755 cupiditate.
605 2705 782 2754 Deinde,
813 2704 921 2757 quod
950 2705 1164 2743 Samarites
1196 2709 1234 2739 et
1262 2700 1460 2746 Gentiles,
1492 2711 1558 2749 qm

105 2757 217 2794 verbi
243 2758 530 2809 praedicatione
560 2763 607 2799 ab
638 2763 831 2800 erroribus
862 2768 973 2798 orant
1002 2757 1267 2805 abstrahendi,
1298 2757 1382 2806 ipse
1409 2756 1555 2805 legum,
1582 2761 1614 2795 V
1640 2761 1708 2796 360

105 2820 146 2851 et
183 2826 380 2852 armorum
414 2819 454 2854 vi
490 2817 541 2856 ad
578 2821 767 2869 pietatem
807 2831 946 2868 cogere
990 2817 1186 2854 maluerit.
1243 2814 1404 2859 Tertio,
1446 2784 1556 2864 qumi
