1800 3126
590 147 780 192 NOTAE
811 148 1107 194 ALEMANNI.
1320 133 1322 135 ’
1482 147 1583 194 467

119 258 318 298 Simeonis
355 256 523 325 stylitae
561 254 612 294 ad
647 258 914 295 lastinianum
958 257 1157 296 iuniorem
1194 258 1388 310 θηλυκῶς
1434 270 1585 296 nomen

118 314 302 363 affertur,
331 317 403 364 τῆς
431 309 558 365 αυτῆς
584 329 887 366 πορφυρεωνος.

229 372 275 408 Ρ.
308 369 399 417 164,
431 373 469 409 3.
527 371 846 421 Porplzyrionem
874 371 1130 408 maritimum
1155 370 1329 421 pagam}
1361 370 1474 407 Talis
1504 371 1582 408 fuit
1603 376 1634 412 Α
1660 377 1728 413 115

116 433 162 464 ut
177 428 423 478 Episcopum
441 425 616 465 haberet.
674 429 883 464 Iustiniani
902 434 1081 478 tempore
1098 426 1336 465 Theodorus
1367 439 1457 464 eam
1477 429 1583 465 rexit

116 485 345 531 ecclesiam,
390 485 458 535 qui
498 485 539 520 in
578 485 744 535 epistola
772 482 990 535 Epiphanii
1020 491 1107 522 tum
1136 485 1353 536 Tyriorum
1381 485 1580 521 Antistitis

115 540 358 592 subscriptus
386 538 568 577 habetur.
626 541 728 577 Huic
768 539 912 577 deinde
942 542 1130 578 successit
1165 541 1237 578 sub
1279 539 1419 578 eodem
1459 542 1580 578 Iusti-

114 598 233 634 niano
263 595 580 648 Christophorus,
615 598 684 648 qui
715 597 880 634 concilio
910 597 1252 648 Constantinopoli
1281 610 1303 634 a
1332 598 1479 634 Menna
1513 611 1580 635 ce·-

114 653 264 692 lebrato
304 654 507 701 interfuit,
547 660 592 690 ut
630 666 684 690 ex
718 651 793 690 hac
827 655 912 690 eius
948 666 1072 691 manu
1108 655 1257 706 liquet,
1300 651 1581 707 Χριστοφόρος

115 711 416 763 Πορφυρεῶνος
439 711 633 760 Φοινίκης
661 710 867 762 παραλίας,

223 767 271 804 Ρ.
305 765 382 806 164
397 795 408 814 ,
440 768 504 806 12.
567 766 670 804 Cum
697 767 742 803 in·
770 772 1021 816 conspectum
1049 763 1291 814 Iustiniani,
1334 765 1583 804 leeodorae-

113 835 191 874 que
225 824 400 861 venirent
424 829 511 860 tum
541 823 641 869 alii,
672 829 747 859 etc.
791 830 1009 873 utrumque
1042 823 1242 873 principis
1265 821 1407 872 pedem
1438 824 1577 862 osculo
1602 826 1632 861 P
1658 826 1724 862 173

105 877 471 930 prosequebantur]
507 879 620 916 Alios
649 879 846 917 inferioris
876 878 1026 917 ordinis
1056 877 1099 915 id
1128 878 1358 916 observasse
1388 879 1578 918 credibile

112 942 194 983 est,
225 934 383 987 quando
410 937 666 986 patriciorum
695 934 760 972 hic
789 949 885 974 usus
914 943 1010 985 erat,
1040 942 1084 973 ut
1112 933 1177 972 hic
1206 933 1352 983 habes,
1386 944 1424 973 et
1453 951 1501 988 p„
1523 940 1578 978 68

112 998 152 1029 et
180 992 248 1033 69.
306 992 500 1044 corippus
530 992 600 1029 lib.
632 993 775 1043 primo,

278 1076 655 1083 ——-——-
694 1056 731 1086 et
751 1048 908 1100 poplite
923 1048 1035 1099 flexo

274 1105 466 1142 Plurima
495 1103 648 1142 divinis
676 1106 844 1156 supplex
867 1103 994 1142 dabat
1021 1103 1159 1141 oscula
1182 1103 1352 1154 plantis.

107 1161 168 1198 De
185 1161 398 1198 Persarum
424 1162 566 1212 legatis
588 1161 696 1198 idem
723 1169 856 1198 narrat
874 1159 1095 1198 Menander
1113 1161 1316 1198 Protector
1334 1160 1404 1198 lib.
1427 1162 1573 1212 primo.

106 1218 168 1255 Ab
198 1218 472 1256 ecclesiasticis
501 1218 610 1256 idem
639 1226 839 1256 servatum
861 1217 1067 1256 ostendere
1089 1215 1273 1254 videntur
1294 1219 1573 1269 episcoporum

105 1281 146 1311 et
181 1273 468 1312 monachorum
508 1275 661 1313 litterae
692 1275 741 1312 ad
771 1276 1054 1321 Iustinianuln,
1097 1289 1115 1314 ο
1155 1269 1462 1341 οἷρχιεπίσκοπος
1499 1278 1573 1326 τῆς

102 1330 369 1383 πρεσβυτέρας
393 1328 541 1383 Ῥώμης
570 1329 792 1384 Ἀγαπητός
830 1329 852 1372 ὁ
889 1328 1080 1379 ἀξιωθεὶς
1116 1345 1196 1370 των
1235 1326 1414 1382 εὐσεβῶν
1451 1346 1570 1381 υμων

103 1387 238 1439 ἰχνῶν.
295 1387 638 1439 Arclziepiseopus
661 1385 802 1426 veteris
823 1389 978 1426 Romae
995 1387 1209 1438 Agapetas
1230 1389 1305 1437 qui
1332 1387 1390 1428 ad
1402 1389 1572 1438 piorum

101 1451 324 1482 vestrorum
351 1446 525 1495 vestigia
547 1444 700 1495 pedum
729 1443 938 1482 admissus
967 1452 1037 1482 est.
1094 1445 1145 1482 Et
1166 1442 1366 1492 monachi,
1396 1440 1572 1496 ἐδεήθη-

103 1514 176 1552 μεν
204 1502 284 1540 τῶν
313 1497 491 1552 εὐσεβῶν
503 1501 634 1568 θυμῶν
665 1502 800 1553 ἰχνων,
825 1503 911 1552 piis
939 1501 1081 1538 vestris
1109 1502 1295 1551 vestigiis
1314 1473 1570 1552 stipplicavi-

102 1570 204 1596 mus.
261 1558 312 1594 Et
342 1558 457 1606 alibi,
497 1553 580 1609 α’μα
609 1561 733 1598 πᾶσιν
761 1556 860 1609 ημῖν
887 1562 970 1605 τοῖς
998 1557 1279 1610 πρεσβυτέροις
1309 1557 1366 1604 εἰς
1400 1554 1448 1596 τοὶ
1477 1557 1569 1610 ι’χνη

99 1615 174 1653 τοῦ
203 1608 486 1666 εὕσεβεστατου
514 1614 707 1679 βασιλέως
736 1616 913 1666 δραμεῖν,
946 1613 1076 1651 simul
1103 1627 1194 1650 cum
1223 1613 1341 1650 nobis
1361 1614 1568 1665 presbyte-

99 1670 160 1706 ris
187 1667 246 1707 ad
270 1672 444 1721 vestigia
470 1673 650 1721 piissimi
678 1673 935 1722 imperatoris
963 1671 1093 1708 nostri
1120 1683 1338 1707 accurrere.
1395 1671 1458 1707 Ab
1499 1684 1566 1708 ec-

101 1726 330 1764 clesiasticis
360 1725 436 1764 hoc
464 1740 588 1777 genus
618 1728 797 1778 obsequii
826 1729 991 1764 minime
1021 1728 1276 1779 requisivisse
1297 1727 1564 1768 Iustiniauum

98 1783 234 1833 palam
266 1791 347 1830 est3
391 1785 472 1821 imo
512 1796 534 1820 a
563 1782 784 1834 patriarcha
812 1785 855 1820 iu
883 1786 1065 1834 ingressu
1094 1782 1349 1835 discessuque
1381 1783 1565 1821 benedici

100 1841 350 1878 consuevisse
378 1841 630 1877 Innocentius
659 1841 912 1878 Maronianus
947 1842 1031 1877 eius
1069 1841 1258 1891 temporis
1295 1841 1462 1892 scriptor
1499 1847 1564 1878 te-

99 1902 223 1937 statur
259 1898 302 1933 in
340 1898 453 1947 epist.
493 1895 543 1933 ad
581 1895 834 1934 Thematem.
892 1898 1117 1934 Piissimus
1150 1903 1273 1947 atque
1306 1904 1468 1934 amator
1496 1896 1564 1934 dei

97 1954 316 2003 imperator
352 1960 486 1990 noster
525 1955 714 1990 accersito
754 1954 1010 1990 sanctissimo
1042 1952 1302 2003 patriarcha.
1324 1952 1561 2003 Epzplzanio

91 2010 297 2060 praecepit
338 2023 411 2046 nos
446 2008 606 2060 ingredi
642 2024 733 2046 cam
771 2012 880 2060 ipso,
916 2017 953 2046 et
985 2017 1206 2060 postquam
1239 2009 1402 2046 locutus
1436 2017 1494 2046 est
1523 2011 1561 2047 ei

98 2079 200 2116 quae
239 2064 336 2102 deus
371 2066 439 2102 illi
474 2067 715 2116 inspiravit,
753 2068 890 2116 ipsum
919 2065 1077 2117 quidem
1118 2064 1296 2114 dimisit,
1338 2064 1560 2103 secundum

95 2135 243 2159 morem
272 2123 452 2159 oratione
467 2122 595 2173 saeta
621 2137 699 2174 pro
736 2125 823 2159 eius
842 2124 1009 2174 pietate.
1071 2123 1115 2160 Si
1146 2121 1223 2160 hoc
1253 2129 1331 2169 est,
1370 2124 1438 2175 qui
1470 2135 1559 2160 cre-

97 2177 190 2216 dere
219 2179 378 2216 Graecis
415 2192 627 2230 possumus
657 2181 883 2231 Agapetum
919 2181 1145 2217 Romanum
1183 2180 1347 2216 Iustinia
1387 2181 1558 2230 vestigia

94 2242 327 2273 veneratum
353 2235 499 2284 fuisse,
532 2249 622 2273 cum
654 2236 706 2273 ad
736 2250 828 2274 eum
847 2238 979 2288 :patris
1009 2248 1104 2287 prae
1133 2249 1176 2274 se
1202 2236 1333 2273 ferens
1364 2238 1556 2273 autorita-

93 2298 176 2329 tem
205 2290 440 2330 accesserit?
470 2305 565 2328 nam
593 2295 636 2329 in
667 2294 832 2344 epistola
861 2292 912 2330 ad
940 2294 1103 2330 Petrum
1125 2293 1553 2344 Hierosolymitanum‚

95 2361 188 2386 cum
214 2350 352 2400 itaque
376 2350 718 2400 pervenissemus,
759 2351 908 2401 inquit,
945 2348 1006 2386 ad
1042 2351 1278 2386 comitatum
1308 2351 1556 2386 serenissimi

93 2406 346 2455 imperatoris
367 2405 455 2456 filii
481 2407 630 2452 nostri,
659 2412 731 2442 etc.
789 2406 856 2443 Sic
892 2408 1147 2457 imperatores
1180 2407 1378 2444 Romanos
1411 2407 1553 2457 appel-

92 2461 225 2498 lavere
255 2463 424 2500 Romani
457 2463 685 2513 pontifices3
726 2461 834 2514 quod
870 2461 1000 2499 dicere
1029 2475 1158 2514 neque
1186 2461 1435 2513 Epiphanius
1476 2477 1551 2513 pa-

92 2516 276 2566 triarcha,
305 2531 435 2570 neque
465 2519 567 2556 alius
596 2520 838 2556 Graecorum
867 2521 1140 2557 severissimus
1171 2533 1320 2567 censor,
1352 2526 1390 2556 et
1420 2520 1551 2555 eccle-

92 2576 272 2611 siasticae
302 2573 504 2625 dignitatis
536 2575 685 2612 vindex
721 2589 899 2628 unquam
929 2583 1075 2627 posset.
1133 2576 1206 2613 Illa
1235 2589 1329 2614 vero
1357 2575 1550 2626 loquendi

94 2630 335 2672 consuetudo
365 2639 435 2678 est,
466 2639 504 2669 et
528 2633 676 2669 Graeca
705 2632 903 2684 quaedam
932 2632 1121 2670 adulatio.
1180 2633 1348 2670 Orientis
1373 2633 1548 2681 episcopi

91 2689 174 2724 suis
207 2688 507 2737 imperatoribus
543 2691 598 2726 ita
634 2702 793 2747 semper
826 2687 993 2726 blanditi
1031 2696 1136 2727 sunt.
1200 2687 1366 2726 Photius
1397 2689 1546 2738 Tyrius

91 2744 290 2782 Marciano
320 2745 519 2795 Augusto,
550 2745 688 2796 δέομαι
717 2747 792 2785 οὐν
819 2742 1208 2797 προκαλινδούμενος
1235 2760 1315 2783 των
1344 2742 1546 2796 ὑμετέρων

91 2799 223 2852 ἰχνῶν.
286 2801 366 2839 Oro
405 2802 537 2853 igitur
570 2801 630 2841 ad
656 2809 880 2842 vestrorum
911 2801 1066 2854 pedum
1094 2803 1265 2853 vestigia
1285 2801 1546 2852 provolutus.
