1754 3132
545 165 810 209 HISTORIA
844 165 1058 208 ARCANA
1093 165 1140 209 2.
1512 164 1572 209 19

115 280 342 339 Βελισαρίῳ
363 278 568 334 ἑπομένων
597 279 712 329 τινὰς
736 280 953 335 ε’ρεσχελεΐν
971 295 1013 320 τε
1034 276 1160 320 αὐτὸν
1178 275 1219 326 ἔς
1238 276 1297 319 ἀεὶ
1319 278 1386 319 καὶ
1409 295 1574 333 προπη-

114 350 310 402 λακίζειν,
348 348 496 391 οὐδένα
530 346 712 397 ἀνιέντας
739 344 900 402 καιρόν·
942 343 1047 402 αὐτή
1077 364 1119 388 τε
1146 343 1366 402 γράφουσα
1397 347 1439 395 ἐς
1471 344 1569 400 ἡμέ-
1594 352 1623 385 Β

115 434 194 473 ραν
213 413 356 472 σχεδόν
374 434 412 460 τι
432 414 606 471 ἑκάστην
624 415 814 470 διέβαλλέ
831 432 874 457 τε
895 415 1071 469 διηνεκὲς
1086 417 1151 456 καὶ
1174 415 1237 455 ε’πὶ
1256 419 1312 472 τῷ
1332 416 1446 456 παιδὶ
1468 412 1573 456 πάν-

114 502 168 528 τα
197 486 326 528 ἐκίνει.
396 482 457 534 οἷς
477 484 529 540 δὴ
548 482 568 527 ὅ
588 485 748 533 νεανίας
768 483 1043 538 ἀναγκασθεὶς
1063 481 1266 536 διαβόλως
1291 482 1389 538 ἕγνω
1419 487 1469 539 τῇ
1489 500 1572 536 μη-

81 559 104 595 5
117 555 180 609 τρὶ
196 557 397 609 χρῆσθαι,
426 550 579 608 ἥκοντά
599 552 647 595 τὲ
659 570 747 594 τινα
766 552 810 594 ἔκ
830 552 1073 603 Βυζαντίου,
1105 550 1150 601 ὃς
1168 550 1219 606 δὴ
1242 549 1438 606 ἇπήγγελε
1466 553 1571 593 Θεο-

115 619 254 664 δόσιον
281 619 424 678 λάθρα
455 621 524 671 ξὺν
548 620 762 677 Ἀντωνίνῃ
790 619 1005 676 διατριβὴν
1034 619 1159 673 ἔχειν,
1197 618 1310 674 παρὰ
1328 616 1570 674 Βελισάριον

116 689 244 739 εὖθῦς
267 686 413 745 εἰσάγει
422 722 436 742 ,
473 687 637 746 φράζειν
658 689 884 737 ἐπιστείλας
904 687 975 730 τὸν
995 686 1130 729 πάντα
1149 685 1280 742 λόγον.
1353 686 1454 741 ἅπερ
1488 687 1571 728 ἐπεὶ

115 755 136 800 ὅ
166 755 408 814 Βελισοῖριος
441 755 563 813 ἴγνω,
602 755 674 807 ὀξὺ
696 758 912 811 θυμωθεὶς
932 754 1152 812 ὑπερφυῶς
1173 755 1286 811 παρὰ
1305 759 1380 797 τοῦ
1406 756 1571 798 Φωτίου

112 823 244 875 πόδας
266 827 329 868 ἐπὶ
353 823 487 880 στόμα
511 826 668 878 πίπτει,
706 826 772 867 καὶ
810 823 938 867 αὐτοῦ
969 825 1096 866 ἐδεῖτο
1125 830 1315 878 τιμωρεῖν
1347 822 1460 881 αὐτῷ
1491 819 1574 864 πά-

58 904 104 939 10
114 910 252 948 σχοντι
272 892 351 951 ὕφ’
375 888 432 936 ὧν
457 891 601 947 ἥκιστα
617 897 723 949 χρῆν
746 890 890 935 ἀνόσια
911 891 1008 948 ἔργα
1042 887 1121 944 ,ῘΩ
1145 897 1259 934 παῖ“
1289 890 1415 946 λε’γων
1437 895 1573 947 ,,γλυ-

111 961 283 1015 κύτατε,
315 961 473 1017 πατέρα
500 962 576 1016 μὲν
603 961 674 1004 τὸν
701 962 774 1003 σὸν
793 959 905 1010 ὅστις
924 961 1022 1003 ποτὲ
1039 956 1089 1015 ἦν
1114 959 1276 1014 οὐδαμῆ
1299 959 1449 1011 οἶσθα,
1486 959 1575 1002 ἐπεί
1596 970 1628 1004 V
1651 971 1720 1006 283

111 1047 156 1074 σε
173 1029 254 1073 ὖπὸ
273 1034 420 1073 τιτθοῧ
438 1027 686 1086 τρεφόμενον
706 1028 764 1072 ἔτι
783 1029 1018 1072 καταλιπών
1041 1026 1365 1085 ξυνεμετρήσατο
1385 1027 1455 1071 τὸν
1475 1026 1572 1070 ἕαυ-
1595 1039 1626 1073 c

64 1107 69 1111 ’
109 1102 186 1142 τοῦ
220 1100 334 1153 βίον,
378 1097 424 1141 οὐ
443 1097 539 1152 ’μὴν
562 1097 661 1140 οὐδέ
677 1115 750 1140 του
769 1103 851 1140 τῶν
872 1097 1001 1140 αὐτοῦ
1024 1098 1192 1151 ὤνησαι.
1263 1091 1313 1150 ἦν
1346 1096 1424 1151 γὰρ
1455 1096 1506 1138 τὰ
1534 1095 1575 1146 ἔς

109 1166 186 1223 τὴν
207 1167 351 1210 οὐσίαν
372 1165 420 1209 οὗ
442 1167 534 1209 λίαν
552 1166 770 1220 εὐδαίμων.
841 1164 918 1207 ὑπ’
945 1167 1032 1220 ἐμοὶ
1055 1167 1099 1208 δὲ
1122 1168 1266 1218 καίπερ
1291 1163 1375 1207 ὄντι
1396 1168 1577 1223 πατρωῷ

58 1243 100 1280 15
112 1237 301 1293 τραφεὶς,
333 1232 410 1289 τήν
429 1251 472 1277 τε
495 1233 652 1288 ἡλικίαν
669 1232 880 1290 τηλικόσδε
900 1229 972 1288 ἧς,
1007 1232 1062 1283 ὥς
1084 1233 1157 1276 σὺν
1176 1231 1276 1275 εἶναι
1299 1230 1463 1286 ἀμύνειν
1483 1233 1577 1275 ἀδι-

112 1304 296 1363 κουμένῳ
325 1321 396 1358 μοι
426 1301 467 1352 ἔς
495 1302 546 1344 τὰ
573 1300 776 1356 μάλιστα,
823 1301 863 1351 ἴς
900 1319 943 1344 τε
979 1300 1148 1344 ὑπάτων
1185 1301 1346 1355 ἀξίωμα
1370 1299 1478 1356 ἥκεις
1510 1302 1577 1344 καὶ

110 1370 291 1415 πλούτου
310 1371 599 1427 περιβέβλησαι
617 1368 786 1413 τοσόνδε
801 1374 946 1426 χρῆμα
957 1402 971 1421 ,
1010 1369 1114 1412 ὥστε
1137 1367 1274 1424 πατήρ
1292 1386 1334 1411 τε
1355 1371 1420 1411 καὶ
1438 1366 1576 1426 μήτηρ

111 1442 180 1483 καὶ
210 1441 256 1483 τὸ
290 1440 469 1496 ξυγγενὲς
505 1437 615 1480 ἅπαν
647 1437 767 1494 ἔγωγε
796 1439 996 1492 καλοίμην
1023 1437 1073 1479 ἂν
1087 1470 1100 1490 ,
1140 1433 1173 1480 ὦ
1191 1444 1366 1492 γενναῖε,
1404 1439 1470 1479 καὶ
1491 1437 1576 1493 εἴην

111 1510 290 1559 δικαίως.
361 1507 435 1563 οὐχ
454 1508 595 1561 &Zaa-ct
610 1507 703 1563 γὰρ,
737 1506 843 1548 ἀλλὰ
864 1513 948 1556 τοΐς
969 1505 1098 1562 ἔργοις
1119 1503 1292 1548 εἰώθασι
1313 1507 1419 1560 δῆτα
1439 1511 1577 1548 σταθ-

54 1582 272 1633 mucio-9021
295 1576 369 1632 τὴν
389 1577 429 1626 ἐς
445 1573 649 1630 ἀλλήλους
673 1574 850 1630 στοργῆν
874 1574 1105 1631 ἄνθρωποι.
1168 1572 1256 1631 ὥρα
1277 1591 1341 1616 σοι
1364 1575 1501 1616 τοίνυν
1518 1573 1577 1628 μὴ

202 1699 237 1733 2.
268 1693 367 1741 αυτή
397 1708 435 1732 τε
466 1695 587 1731 Reisk.
636 1696 746 1751 Vulgo
779 1692 874 1738 αὐτή
905 1707 944 1730 τε
966 1693 1050 1740 γὰρ.
1188 1696 1222 1731 3.
1255 1691 1402 1738 πάντα]
1434 1691 1578 1735 πάντας

203 1744 310 1778 Alem.
354 1743 458 1777 Male.
596 1743 630 1777 5.
655 1738 835 1785 α’πήγγελε
855 1742 882 1775 Ρ
908 1745 944 1775 et
968 1743 1046 1776 MS.
1071 1741 1175 1775 Alem.
1224 1737 1514 1784 ἀπαγγέλλεσθαι
1537 1742 1577 1774 A.

204 1793 240 1825 6.
262 1789 386 1845 λάθρα
409 1788 527 1823 addidi
552 1799 593 1822 ex
618 1788 693 1822 MS.
719 1789 824 1821 Alem.
962 1789 996 1823 7.
1021 1786 1243 1842 ἐπιστείλας]
1270 1784 1452 1827 ἐπιτείλας
1472 1788 1578 1821 Alem.

201 1837 235 1871 8.
258 1833 371 1892 *παρὰ
402 1835 507 1869 Alem.
540 1835 579 1867 P.
627 1832 676 1872 ὡς
706 1831 806 1876 παρὰ
843 1834 882 1866 A·
1023 1836 1076 1869 13.
1112 1830 1201 1868 ουδέ
1230 1845 1298 1868 του
1330 1833 1437 1867 Alem.
1489 1831 1579 1867 οὐδὲ

204 1883 274 1916 τοῦ
298 1882 338 1916 Ρ.
470 1882 524 1916 15.
547 1879 762 1924 τηλικόσδε]
785 1879 983 1934 Legebatur
1005 1876 1282 1931 τηλικοῦτόσδε.
1400 1879 1485 1913 ibid.
1511 1873 1576 1923 ἧς]

203 1924 229 1972 ἦ
258 1925 681 1970 Α.18.ξυγγενες
705 1929 744 1959 Α.
791 1936 957 1968 συγγενες
982 1925 1021 1959 Ρ.
1161 1927 1215 1959 19.
1240 1923 1308 1968 οὐχ
1332 1924 1462 1966 αιματι
1475 1924 1578 1981 γὰρ]

203 1973 251 2011 ου’
255 1971 443 2054 ᾱρήμασιν
478 1972 606 2007 Suidas
638 1983 667 2007 s.
698 1983 733 2007 v.
766 1971 1022 2016 σταθμᾶσθαι,
1159 1972 1217 2006 20.
1253 1970 1430 2016 στοργήν]
1463 1968 1578 2017 ὀργὴν

202 2020 265 2055 Sui
291 2031 329 2054 as

139 2123 314 2165 autoribus,
348 2134 392 2157 ne
415 2133 515 2167 quem
539 2122 627 2158 diem
650 2123 898 2165 intermittant,
932 2123 1013 2168 quin
1038 2132 1113 2157 eum
1139 2126 1346 2167 provocent,
1371 2121 1579 2167 probrisque

113 2175 347 2210 insectentu13
381 2169 459 2222 ipsa
491 2181 575 2203 vero
603 2170 811 2215 quotidianis
834 2170 908 2204 fere
933 2170 1057 2204 litteris
1080 2169 1173 2203 iilum
1205 2169 1295 2213 apud
1320 2179 1435 2202 omnes
1459 2170 1578 2203 tradu-

113 2217 236 2258 cebat,
267 2215 411 2250 omnium
433 2214 468 2248 in
493 2215 596 2249 filium
620 2217 855 2250 commovebat
877 2215 1017 2249 animos.
1067 2215 1188 2255 Quare
1224 2213 1455 2248 adolescens
1446 2225 1481 2247 ιιι
1505 2226 1578 2248 ma-

112 2269 201 2297 trem
235 2272 360 2306 parare
392 2260 597 2295 delationem
629 2261 778 2306 denique
807 2262 953 2315 cogitur.
1002 2261 1098 2305 Ergo
1136 2260 1250 2294 nescio
1281 2272 1381 2304 quem
1409 2260 1578 2304 Byzantio

113 2307 350 2343 advenientem
373 2306 417 2340 ad
441 2306 642 2341 Belisarium
665 2306 872 2348 introducit,
897 2306 955 2351 qui
972 2306 1189 2347 Theodosii,
1213 2306 1472 2350 Antoninaeque
1497 2318 1578 2339 con-

112 2353 327 2389 suetudinem
350 2353 499 2393 reserat,
524 2356 559 2386 et
582 2353 859 2397 quemadmodum
885 2364 954 2386 rem
978 2356 1083 2386 totam
1107 2358 1358 2406 prosequatur,
1383 2351 1458 2396 ipse
1474 2363 1578 2396 prae-

113 2399 248 2434 scribit.
296 2399 398 2439 Quae
421 2409 494 2432 cum
518 2397 706 2432 Belisarius
740 2398 951 2443 accepisset,
982 2397 1177 2432 vehementi
1209 2397 1387 2431 admodum
1420 2397 1578 2431 incensus

114 2445 191 2487 ira,
222 2443 267 2478 ad
301 2443 419 2478 Photii
453 2444 557 2488 pedes
579 2444 794 2498 procumbit,
825 2444 1075 2488 imploratque,
1107 2447 1146 2478 ut
1170 2454 1208 2476 se
1231 2443 1317 2476 velit
1339 2443 1454 2476 ulcisci
1480 2449 1578 2476 tanta

113 2491 308 2525 lacessitum
332 2501 353 2524 a
384 2489 508 2533 quibus
539 2489 672 2524 minime
702 2491 846 2524 deberet
878 2489 1083 2532 flagitiorum
1117 2489 1307 2533 impietate.
1364 2488 1428 2530 Et,
1463 2501 1483 2522 ο
1502 2488 1575 2531 fili,

113 2535 249 2579 inquit,
270 2535 488 2576 suavissime,
509 2541 649 2580 patrem
674 2540 713 2569 tu
740 2535 878 2580 quidem
903 2539 1001 2568 tuum
1028 2535 1104 2589 quis
1117 2535 1235 2579 suerit
1256 2534 1425 2578 ignoras,·
1447 2546 1529 2566 nam
1543 2537 1579 2566 te

116 2581 230 2615 adhuc
248 2581 366 2614 nutrix
389 2581 523 2623 alebat,
546 2593 622 2614 cum
639 2582 700 2615 ille
717 2582 866 2615 cessisset
883 2593 901 2614 e
916 2581 1018 2620 vita‚·
1042 2581 1114 2614 eius
1128 2585 1162 2614 te
1178 2579 1267 2613 ηἰῘιιῑ
1283 2581 1446 2613 iuverunt
1454 2581 1577 2621 sortu-

116 2638 204 2668 mze,
229 2637 316 2670 quae
337 2627 550 2671 perexiguae
576 2628 681 2661 valde
696 2630 823 2671 suere5
846 2627 940 2671 apud
958 2638 1012 2660 me
1028 2638 1107 2660 vero
1125 2627 1204 2659 licet
1218 2626 1380 2658 vitricum
1402 2625 1576 2664 educatus,

118 2673 167 2706 ad
183 2672 252 2705 id
238 2683 310 2704 tam
329 2673 454 2706 aetatis
468 2673 676 2717 pervenisti,
699 2678 739 2706 ut
762 2678 904 2706 tuarum
924 2672 970 2705 sit
995 2673 1124 2705 virium
1141 2672 1229 2705 mihi
1240 2675 1378 2715 praesto
1395 2681 1464 2702 esse
1479 2680 1575 2701 sum-

118 2718 184 2752 mis
199 2717 338 2751 iniuriis
353 2719 487 2762 affecto.
531 2720 589 2753 Ad
605 2720 815 2752 consularem
829 2723 862 2752 te
880 2718 1092 2762 dignitatem
1110 2718 1223 2759 evasi,
1247 2721 1280 2749 et
1296 2716 1415 2759 opibus
1431 2715 1573 2768 amplis-

119 2763 215 2798 simis
244 2763 435 2805 cumulavi,
460 2768 501 2798 ut
521 2776 668 2808 parem,
691 2770 724 2798 et
750 2764 924 2809 genitrix,
955 2768 989 2796 et
1018 2763 1190 2815 quidquid
1218 2766 1268 2794 est
1297 2760 1576 2804 propinquitatis,

121 2820 186 2854 ego
204 2808 270 2843 sim
284 2808 368 2849 tibi,
391 2820 433 2842 ac
451 2809 527 2843 iure
542 2821 566 2844 a
582 2814 616 2844 te
637 2811 799 2855 appeller
849 2809 926 2843 Non
951 2809 1041 2842 enim
1060 2807 1244 2853 sauguinis
1271 2806 1422 2846 nomine,
1443 2806 1503 2839 sed
1517 2817 1573 2840 re-
