1800 3126
564 138 755 183 NOTAE
788 138 1082 184 ALEMANNT.
1459 139 1560 186 369

93 250 212 289 niani
237 248 315 287 tibi
342 246 440 287 deus
473 261 605 287 annos
640 263 732 287 cum
753 262 859 302 pace
886 246 1101 296 concedat,·
1139 261 1237 287 nam
1273 248 1392 286 illius
1431 263 1560 288 nona-

90 307 215 359 girata
243 311 280 343 et
308 306 490 358 amplius
519 307 623 344 anni
644 306 835 357 fuerunt,
871 304 1089 345 Theodosii
1115 319 1207 345 vero
1237 307 1557 373 quinquaginta.

91 365 171 402 Pro
207 369 301 399 nota
339 356 374 402 ’τ’
413 376 562 415 repono
591 376 674 401 non
705 361 968 412 dissimilem,
1009 361 1220 416 eidemque
1257 364 1488 414 proximam
1516 366 1561 400 in

91 417 230 457 ordine
258 431 518 457 numerorum
543 435 592 466 π,
629 426 675 458 ut
704 421 784 458 sint
813 421 908 458 anni
936 421 1162 471 octoginta3
1199 433 1340 458 vereor
1369 421 1478 457 enim
1508 433 1560 456 ne

91 476 153 513 in.
173 488 219 512 eo
260 474 414 514 scholio
451 475 645 514 mendum
682 477 755 525 sit,
808 477 875 514 vel
910 478 953 514 in
992 478 1235 516 Venetorum
1274 477 1560 514 acclamatione

91 530 283 570 adulatio.
340 534 444 571 Nam
481 541 527 571 ut
556 534 773 584 nonaginta
800 534 1010 571 Iustiniani
1046 535 1152 571 vitae
1191 547 1314 572 annos
1354 540 1561 585 compute-

91 601 196 638 mus,
226 587 400 626 addendi
429 598 522 628 sunt
541 589 592 627 ad
608 603 755 629 novem
784 596 903 642 atque
922 591 1085 641 triginta
1115 592 1200 629 eius
1229 592 1401 642 imperii,
1431 603 1560 628 unum

91 651 133 683 et
161 646 474 698 quinquaginta:
514 648 625 699 atqui
661 648 791 684 virum
826 647 945 684 unius
976 654 1015 684 et
1043 648 1334 700 quinquaginta
1364 660 1560 684 annorum

90 709 223 740 aetate
259 705 459 740 iuniorem
493 704 710 755 Procopius
747 704 916 740 minime
956 701 1139 741 dixisset.
1205 706 1478 755 Quamquam,
1514 709 1561 740 ut

89 759 211 810 plane
237 760 377 812 liquet,
408 773 489 798 non
518 767 606 797 tum
634 766 763 797 aetate
791 761 990 797 iuniorem
1016 760 1141 797 fuisse
1172 758 1266 797 dicit
1293 762 1561 797 Iustinianum

88 817 320 868 Procopius,
351 830 443 854 cum
474 817 619 854 Caesar
648 815 868 854 declaratus
900 823 983 863 est3
1010 815 1082 854 sed
1112 829 1203 852 cum
1232 817 1275 852 in
1299 818 1385 867 ipso
1417 817 1561 853 Iustiui

88 874 335 925 principatus
376 872 540 911 exordio
579 886 652 924 per
687 873 917 921 licentiam,
960 874 1026 910 vel
1067 873 1264 910 avunculo
1303 874 1558 924 permittente
1581 872 1613 907 A
1635 873 1682 908 22

89 929 168 967 sibi
196 929 580 968 administrationem
607 930 767 980 imperii
796 930 992 967 sumebat.
1050 928 1216 976 Quando
1248 932 1448 982 κραταιῶς
1481 925 1560 969 οἷν-

87 986 232 1038 τείχετο
260 988 333 1039 τῆς
360 987 581 1036 πολιτείας,
620 1000 713 1024 cum
736 993 936 1038 potestate
964 985 1255 1037 rempublicam
1289 985 1476 1037 gerebat,
1513 992 1559 1023 ut

88 1043 262 1093 cyrillus
300 1041 651 1095 Scythopolitanus
692 1043 881 1096 loquitur.
937 1043 1059 1081 Tunc
1095 1056 1188 1083 uero
1228 1050 1439 1094 quantum*
1460 1055 1559 1079 con-

86 1099 238 1136 iectura
270 1101 429 1152 assequi
463 1113 701 1152 possumus,
747 1101 910 1138 tertium
945 1106 985 1139 et
1020 1101 1274 1150 trigesimum
1314 1100 1453 1136 aetatis
1484 1112 1560 1134 an-

86 1167 187 1193 num
218 1157 460 1196 lastinianus
502 1157 658 1207 agebat.
723 1158 826 1193 Nam
866 1156 939 1194 sub
978 1155 1101 1195 finem
1138 1157 1338 1193 Anastasii
1374 1154 1559 1192 domina-

87 1218 152 1250 tus
182 1213 421 1264 Byzantium
449 1215 605 1251 venisse
639 1214 905 1250 Iustinianum
942 1214 1159 1262 trigenario
1194 1213 1388 1249 maiorem
1417 1210 1560 1248 Theo-

86 1267 224 1320 philus
254 1270 339 1307 eius
365 1276 599 1321 praeceptor
626 1269 812 1306 affirmat.
871 1270 919 1304 In
949 1269 1114 1305 obscuro
1134 1268 1301 1320 quidem
1330 1274 1389 1305 est
1417 1280 1557 1316 annus,

86 1332 128 1362 et
166 1325 415 1374 consulatus3
455 1324 540 1363 dies
577 1338 671 1362 vero
700 1325 909 1362 Iustiniani
944 1326 1149 1362 natalitius
1187 1325 1264 1362 fuit
1294 1326 1432 1376 quinto
1461 1322 1558 1360 Idus

85 1382 206 1430 Maii,
248 1380 447 1432 ludosque
476 1395 523 1419 ea
559 1379 624 1417 die
656 1381 896 1428 celebratos,
936 1380 1044 1431 apud
1072 1379 1369 1432 Theophanem
1398 1387 1557 1418 notatos

28 1447 30 1449 '
84 1437 211 1476 habes
241 1436 293 1475 ad
322 1437 742 1488 annum'vigesimum
767 1438 964 1488 primum,
1008 1444 1048 1474 et
1081 1439 1325 1488 vigesimum
1355 1444 1556 1474 octavum.

83 1493 315 1534 Ridiculum
352 1501 412 1532 est
441 1500 713 1531 commentum
751 1494 977 1544 interpretis
1008 1493 1059 1531 ad
1098 1507 1144 1530 ea
1173 1495 1293 1531 verba
1325 1493 1474 1531 Suidae
1513 1495 1555 1529 in

83 1564 181 1591 voce
206 1549 479 1621 Τυμβογέρων.
538 1547 628 1601 Πρὸ
657 1546 733 1593 κδ’.
764 1548 789 1590 ὅ
814 1548 858 1590 δὲ
879 1545 1156 1597 Ἰουστινιανός
1186 1549 1212 1590 ό
1242 1548 1429 1601 βασιλεύς
1457 1565 1557 1601 τυμ-

83 1606 262 1678 βογὲρων
290 1623 346 1660 ην
372 1606 468 1666 ἤδη.
527 1607 621 1644 Non
650 1613 824 1655 constat,
863 1607 1016 1657 inquit,
1057 1606 1163 1657 quid
1188 1607 1268 1644 sabi
1305 1608 1429 1643 1elint
1457 1605 1557 1642 haec

84 1680 164 1718 προ
191 1659 266 1704 κδ’.
296 1662 344 1701 td
370 1670 441 1712 est,
470 1670 564 1700 ante
589 1664 739 1715 viginti
767 1669 970 1714 quatuor:
999 1663 1166 1703 fortasse
1195 1661 1426 1714 legendum,
1459 1661 1482 1702 ὁ
1511 1659 1555 1702 δὲ

86 1717 273 1774 βασιλευς
307 1715 579 1767 Ἰουστινιανός
613 1735 690 1772 προ
727 1715 800 1760 κδ’.
830 1719 931 1759 ἐτων
967 1713 1022 1768 ἦν
1050 1693 1327 1773 τυμβογέρῠων,
1367 1719 1443 1756 lzoo
1483 1726 1552 1766 est,

32 1776 35 1778 ’
85 1777 345 1818 lastinianus
374 1783 507 1814 autem
540 1778 665 1828 imper
667 1782 758 1812 ator
787 1783 880 1813 ante
908 1777 1148 1826 vigesimum
1179 1784 1376 1827 quartum
1406 1777 1555 1813 aetatis

86 1848 240 1872 annum
279 1840 366 1870 erat
408 1834 492 1870 iam
536 1839 582 1869 ut
620 1846 733 1869 senex
774 1831 1009 1883 decrepitus.
1066 1835 1230 1882 Nugae3
1276 1831 1420 1870 Suidas
1462 1834 1556 1868 citat

86 1889 209 1928 huius
244 1888 433 1928 historiae
471 1888 592 1927 verba
633 1887 683 1925 ad
720 1902 760 1939 p.
790 1889 859 1928 29.
915 1886 1071 1925 Deinde
1102 1887 1150 1925 de
1179 1890 1331 1926 Iustino
1361 1889 1551 1939 loquitur,
1573 1890 1602 1924 P
1626 1890 1692 1926 105

85 1959 169 1985 non
209 1945 258 1984 de
293 1947 527 1984 Iustiniano.
584 1945 744 1993 Terfio,
789 1944 909 1982 dictio
950 1943 1264 1996 compendiaria,
1313 1957 1436 1996 quam
1478 1946 1554 1981 iste

86 2003 356 2041 numerariam
383 2009 520 2040 notam
547 2001 838 2053 interpretatur,
868 2003 1052 2053 Procopii
1079 2003 1252 2039 nominis
1283 2000 1413 2053 (cuius
1434 2001 1553 2038 verba

87 2058 272 2111 citantur)
304 2057 585 2110 compendium
612 2065 696 2106 est3
727 2059 782 2094 ita
812 2060 960 2106 Προκὸ.

196 2118 244 2154 P.
268 2113 337 2165 45,
369 2115 437 2156 10.
498 2115 580 2166 Qui
606 2127 808 2152 summam
837 2111 1124 2151 moderabatur
1153 2113 1337 2164 imperii]
1378 2111 1425 2149 Id
1455 2125 1552 2149 con-

87 2178 165 2212 stat
191 2186 244 2210 ex
270 2173 379 2221 loco,
418 2184 539 2224 quem
566 2172 687 2222 paulo
718 2177 808 2207 ante
837 2169 999 2207 laudavi
1027 2170 1057 2207 1.
1095 2172 1113 2209 1
1147 2168 1195 2206 de
1226 2170 1321 2206 bell.
1351 2169 1480 2207 Vaud.
1511 2175 1552 2206 et

87 2242 143 2268 ex
170 2230 248 2268 alio
285 2229 315 2267 l.
347 2231 368 2269 1
409 2226 459 2266 de
488 2227 608 2270 aedis.
638 2228 709 2265 ubi
738 2229 1066 2265 restaurationem
1102 2226 1243 2276 templi
1270 2224 1551 2263 Blacherniani

86 2299 113 2324 a
138 2287 289 2324 Iustino
316 2285 464 2322 factam
490 2285 708 2322 Iustiniano
736 2280 873 2334 nepoti
902 2284 1080 2321 tribuens
1107 2284 1346 2334 Procopius,
1384 2284 1441 2320 sic
1466 2295 1552 2318 rem

88 2349 276 2390 excusat,
316 2341 425 2394 quod
452 2342 496 2378 in
524 2341 727 2392 impressis
757 2351 837 2377 non
865 2337 1046 2377 habetur.
1106 2335 1217 2395 αυτῷ
1226 2337 1322 2407 γοῖρ
1351 2337 1555 2392 λογιστέον

86 2397 157 2439 καὶ
183 2395 233 2439 τοὶ
258 2395 457 2468 Ἰουστίνῳ
487 2394 723 2465 εἰργασμένα
749 2398 804 2450 τῷ
827 2396 941 2450 θείω,
972 2394 1056 2437 ἐπεὶ
1084 2395 1154 2436 καὶ
1184 2391 1311 2436 αυτοῦ
1337 2411 1412 2448 την
1435 2396 1553 2447 βασι-

87 2454 199 2495 λείαν
233 2450 322 2495 κατ’
352 2439 537 2503 ἐξουσίαν
571 2447 687 2500 αὐτος
725 2452 918 2507 διωκεῖτο.
976 2453 1086 2490 Nam
1112 2453 1368 2498 lastiniam,
1406 2452 1550 2502 inquit,

87 2508 355 2548 adscribenda
381 2516 476 2548 sunt
502 2509 655 2547 Iustina·
683 2508 879 2546 avunculi
902 2516 1033 2560 gesta,
1064 2523 1155 2546 cum
1182 2509 1309 2546 huius
1338 2510 1463 2558 imper
1465 2509 1553 2543 ium

89 2567 162 2604 ille
194 2581 355 2604 summa
383 2567 605 2604 autoritate
639 2563 956 2605 administraret
1013 2567 1066 2603 Et
1093 2567 1266 2617 Cyrillus
1296 2563 1552 2615 Scythopoli-

89 2629 207 2660 tanus
245 2624 300 2660 ait
330 2624 595 2660 IustInianum
631 2628 846 2674 antequam
887 2621 1031 2660 Caesar
1068 2624 1388 2669 renunciaretur,
1426 2620 1551 2655 fuisse

88 2676 364 2731 πατρίκιον,”
335 2693 504 2728 νπατον,
533 2675 758 2732 στρατηγὸν,
786 2693 854 2718 και
879 2680 960 2719 τῶν
988 2681 1060 2731 τῆς
1083 2679 1283 2725 πολιτείας
1306 2673 1553 2730 πραγμάτων

83 2737 288 2789 κραταιῶς
315 2730 593 2786 οἷντεχόμενον,
628 2736 877 2786 patricium,
918 2736 1140 2785 consulem,
1170 2734 1312 2773 ducem
1342 2733 1551 2779 exercitus,

89 2798 129 2830 et
157 2805 251 2829 cum
274 2798 470 2841 potestate
497 2791 781 2843 rempublicam
809 2793 966 2830 rexisse.

147 2853 334 2897 Procopius
366 2853 435 2886 111.
1225 2843 1278 2884 24-
