1754 3132
678 132 946 176 ARGUMEN
949 133 1070 176 TUM
1074 170 1083 180 .
1585 139 1616 184 5

148 243 284 298 μένω,
327 244 411 286 ἐπεὶ
443 249 535 293 ταΐς
564 244 608 286 ἔκ
644 243 781 299 νόμων
811 253 972 296 ποιναΐς
996 245 1226 303 ὑπέθηκεν,
1270 248 1615 308 ἀνεσκολοπίσθη,

146 310 292 365 ποινὴν
318 309 420 368 ὖπέρ
442 311 576 368 ὀρθῆς
598 315 797 363 συνέσεως
818 316 884 356 καὶ
906 319 988 357 τῶν
1014 313 1152 370 νόμων
1174 314 1331 372 ταύτην
1351 319 1612 372 καταλαβών.

146 379 337 422 ἐντεῦθεν
366 381 407 423 οἱ
431 380 616 437 θατέρου
646 382 797 438 μέρους
819 382 870 425 τὰ
890 384 996 426 οἰκία
1017 382 1281 441 πεφευγότες,
1317 389 1384 429 καὶ
1415 387 1518 443 πρὸς
1537 389 1611 431 οὐ-

146 447 259 497 δενὸς
289 445 527 506 ἀνθρώπων
554 448 828 505 δεξιούμενοι,
866 450 972 494 ἀλλὰ
992 454 1058 495 καὶ
1083 451 1138 503 ὡς
1156 452 1233 509 ἄγη
1252 451 1460 498 πάντοθεν
1486 457 1608 499 ἐλαυ-

109 521 132 556 5
145 513 305 570 νόμενοι
314 549 329 569 ,
367 524 454 567 τοῖς
473 515 761 575 ὁδοιποροῦσιν
783 517 1010 575 ἐφήδρευον
1021 554 1034 572 ,
1071 524 1330 572 λωποδυσιάς
1347 541 1390 566 τε
1410 526 1475 566 καὶ
1494 543 1608 579 μιαι-

142 585 290 640 φονίας
318 583 575 641 ἒργαζόμενοι
605 589 672 630 καὶ
703 585 839 630 πάντα
866 586 1001 645 πλήρη
1030 589 1228 634 θανάτων
1252 590 1421 648 ἀώρων,
1456 597 1605 648 λεηλα-

139 653 232 702 σίας
253 670 298 695 τε
318 656 385 696 καὶ
407 658 490 697 τῶν
507 659 660 698 λοιπῶν
680 654 956 711 ἇτοπημάτων
978 655 1092 702 εἶναι.
1164 658 1272 702 ἔστιν
1296 661 1340 702 δὲ
1363 655 1414 702 οὗ
1430 661 1534 712 πρὸς
1551 664 1604 704 τὰ

137 721 301 764 ἐναντία
319 721 618 779 μεταχωρήσας
640 726 707 766 καὶ
730 724 883 773 αὐτοὺς
901 725 1157 781 διεχρήσατο,
1178 736 1264 777 τοῖς
1284 727 1425 783 νόμοις
1443 730 1599 783 ἐκδοὺς,

136 787 210 839 οὓς
231 789 388 847 ἀφῆκεν
415 791 496 834 οἷνά
526 792 579 834 τὰ
608 791 714 846 ἄστη
746 793 1023 849 ἇνοσιουργεῖν
1047 793 1282 851 βαρβάροις
1308 797 1394 841 ἴσα.
1462 799 1601 842 καὶτὰ

80 863 124 898 10
133 858 209 912 μὲν
235 860 327 916 περὶ
353 857 510 902 τούτων
540 865 799 917 λεπτομερῶς
825 861 950 917 λέγειν
980 870 1162 919 κρεῖττον
1182 866 1249 906 καὶ
1270 863 1394 921 λόγου
1416 868 1482 909 καὶ
1499 865 1600 924 χρό-

131 943 219 970 νου.
291 925 452 985 ἀπόχρη
475 929 520 971 δὲ
540 933 674 972 ταῦτα
693 934 968 988 τεκμηριῶσαι
989 933 1057 974 καὶ
1078 932 1130 974 τὰ
1154 933 1356 977 ἐπίλοιπα.

380 1107 490 1155 EX
542 1108 897 1159 IOANNE
952 1111 1339 1162 ZONARA.

252 1189 477 1247 ’Άρξαντος
491 1192 782 1237 Ἰουστινιανοῦ
803 1195 876 1237 οὐκ
900 1197 956 1245 εἷς
973 1198 1202 1251 μοναρχίαν
1219 1195 1245 1251 ἦ
1266 1196 1454 1250 βασιλεία
1474 1195 1594 1238 κατέ-

124 1273 226 1313 στη,
263 1259 358 1301 ἀλλ’
389 1263 446 1310 εἷς
477 1263 648 1303 διπλοῦν
678 1262 723 1304 τὸ
754 1261 905 1319 κράτος
927 1264 1158 1319 μεμέριστο.
1231 1265 1350 1307 οὐδὲν
1368 1263 1446 1318 γὰρ
1467 1258 1591 1317 ἧττον

120 1330 197 1368 τοῦ
217 1333 480 1392 κρατοῦντος,
509 1332 544 1372 εἲ
559 1330 617 1383 μὴ
639 1332 896 1384 καὶμᾶλλον,
922 1330 945 1386 ἦ
966 1333 1158 1382 κοινωνὸς
1180 1333 1294 1391 αὐτῷ
1315 1336 1388 1374 τοῦ
1405 1334 1499 1385 βίου
1522 1334 1589 1374 δε-

64 1404 108 1439 15
121 1393 286 1450 δύνητο.
357 1392 408 1451 ἧν
441 1399 487 1439 δὲ
519 1392 642 1446 οὗτος
668 1397 689 1439 ὃ
717 1399 912 1452 βασιλεὺς
928 1401 1082 1458 ῥᾷστος
1098 1402 1174 1453 μὲν
1194 1402 1296 1456 πρὸς
1320 1401 1494 1450 ἔντευξιν
1519 1402 1587 1442 καὶ

116 1462 458 1519 ἀναπεπταμένας
500 1464 576 1520 εἶχε
608 1465 683 1516 τὰς
713 1466 839 1516 ἀκοὰς
875 1469 979 1523 πρὸς
1010 1469 1231 1522 διαβολὰς,
1279 1468 1374 1519 ὀξὺς
1410 1469 1455 1510 δὲ
1485 1468 1588 1523 πρὸς

114 1530 298 1586 ἄμυναν,
337 1532 508 1590 ἀφειδὴς
537 1534 640 1590 πρὸς
666 1533 892 1591 χρημάτων
921 1535 1181 1592 ἐξάντλησιν,
1220 1541 1287 1579 καὶ
1311 1537 1414 1591 πρὸς
1436 1540 1585 1578 συλλο-

112 1601 186 1656 γὴν
214 1600 352 1645 αἰτῶν
377 1602 675 1659 ἅφειδέστερος.
748 1604 799 1646 τὰ
817 1605 891 1658 μὲν
910 1605 988 1661 γὰρ
1011 1604 1202 1661 ἀνήλισκε
1221 1606 1323 1662 πρὸς
1345 1605 1581 1658 οἰκοδομὰς,

111 1670 164 1711 τὰ
183 1671 229 1712 δὲ
245 1670 306 1711 ιἵν’
328 1670 442 1730 αὐτῷ
463 1676 737 1728 κατορθοΐντο
759 1672 837 1716 ὅσα
858 1674 897 1715 οἱ
915 1672 1106 1730 ἐτύγχανε
1124 1675 1227 1731 πρὸς
1243 1677 1423 1729 βουλῆς,
1463 1673 1514 1715 τὰ
1537 1674 1582 1715 δὲ

201 1768 235 1802 3.
260 1768 383 1812 οἰκία]
409 1769 529 1804 οἰκεῖα
554 1770 594 1804 Ρ.

107 1847 185 1882 cida
207 1853 352 1893 uterque
372 1848 408 1883 in
433 1861 507 1882 eum
530 1848 691 1893 impetum
715 1849 890 1891 facerent,
924 1849 1152 1896 occidereque
1182 1850 1216 1884 in
1250 1849 1362 1884 animo
1395 1849 1575 1891 haberent,

106 1894 267 1938 quoniam
293 1906 404 1939 poena
428 1905 470 1928 ex
494 1895 629 1938 legibus
651 1895 836 1929 constituta
861 1907 919 1930 eos
943 1897 1140 1938 mulctavit,
1163 1895 1198 1929 in
1223 1907 1357 1930 cruceni
1382 1900 1481 1929 actus
1507 1901 1574 1937 est,

103 1939 238 1985 hocque
267 1940 438 1986 supplicio
473 1952 536 1985 pro
568 1946 667 1973 recta
701 1940 910 1975 conscientia
943 1947 979 1975 et
1009 1942 1123 1986 legum
1148 1942 1390 1976 observatione
1414 1941 1572 1975 affectus.

102 1984 189 2020 Inde
212 1987 340 2021 factum
364 1991 428 2028 est,
454 1993 493 2020 ut
517 1985 576 2030 qui
600 1985 742 2020 alterius
766 1991 866 2020 erant
889 1987 1050 2022 factionis
1076 2000 1151 2021 cum
1176 1999 1197 2021 a
1220 1986 1398 2021 domiciliis
1421 1986 1490 2020 suis
1515 1987 1571 2020 fu-

102 2032 257 2076 gissent,
294 2040 331 2066 et
363 2044 384 2067 a
414 2031 546 2066 nemine
578 2043 717 2076 usquam
751 2032 993 2077 exciperentur
1024 2034 1195 2078 hospitio,
1227 2033 1288 2066 sed
1323 2032 1416 2067 velut
1437 2032 1571 2067 scelera

101 2078 230 2123 ubique
254 2077 530 2123 exagitarentur,
563 2079 708 2111 tendere
732 2077 872 2112 insidias
898 2079 1109 2120 viatoribus,
1132 2079 1338 2124 compilare,
1364 2078 1490 2112 caedes
1514 2079 1568 2112 fa-

98 2136 178 2158 cere
209 2126 405 2169 coeperint,
439 2135 547 2168 usque
578 2135 619 2157 eo
652 2130 691 2157 ut
715 2124 823 2158 omnia
849 2124 924 2159 loca
949 2137 1032 2159 nece
1056 2125 1256 2166 immatura,
1290 2124 1507 2169 direptione,
1531 2129 1568 2158 et

55 2167 65 2185 “
98 2170 240 2215 reliquis
262 2171 297 2204 id
323 2182 430 2216 genus
455 2169 630 2204 maleficiis
654 2168 894 2204 redundarent.
943 2171 1118 2205 Interdum
1153 2170 1262 2204 animo
1296 2170 1330 2204 in
1359 2170 1564 2203 contrariam

97 2217 301 2251 sententiam
333 2222 484 2256 mutato,
518 2216 592 2249 eius
623 2215 760 2259 generis
796 2216 946 2249 homines
971 2217 1168 2259 interfecit,
1203 2217 1384 2261 legumque
1409 2215 1565 2261 permisit

96 2263 264 2308 potestati
298 2263 400 2296 etiam
431 2274 489 2296 eos
523 2272 608 2307 quos
643 2267 724 2294 ante
749 2273 871 2306 passus
899 2262 1024 2297 fuisset
1047 2276 1140 2297 more
1164 2263 1391 2296 Barbarorum
1417 2262 1453 2295 in
1477 2261 1563 2295 civi-

94 2308 227 2342 tatibus
259 2308 362 2354 impia
390 2309 522 2342 scelera
553 2308 776 2341 consciscere.
820 2308 890 2341 Sed
925 2309 968 2342 ad
1002 2309 1071 2342 ista
1103 2308 1297 2353 singillatim
1321 2307 1562 2353 persequenda

94 2354 176 2388 mihi
206 2366 270 2388 nec
298 2362 430 2398 tempus
461 2353 618 2399 suppetit
651 2365 715 2386 nec
752 2353 898 2387 facultas
927 2354 1075 2389 dicendi.
1122 2359 1235 2400 Atque
1265 2366 1326 2394 ea,
1361 2366 1449 2398 quae
1473 2353 1561 2386 dixi-

92 2411 190 2441 mus,
225 2401 311 2436 satis
338 2412 415 2436 esse
439 2404 601 2446 poterunt
623 2399 666 2434 ad
691 2398 919 2434 coniecturam
944 2400 988 2434 de
1011 2400 1154 2446 reliquis
1177 2401 1249 2435 eius
1273 2398 1484 2434 facinoribus
1507 2399 1559 2434 fa-

89 2446 255 2481 ciendam.

513 2538 591 2573 EX
624 2539 857 2574 IOANNE
883 2536 1137 2574 zoNARA.

180 2595 368 2630 Iustiniano
391 2595 616 2641 principatum
641 2595 781 2642 adepto,
815 2608 880 2630 non
905 2595 1021 2635 unius,
1043 2593 1105 2628 sed
1129 2592 1272 2627 duorum
1295 2597 1449 2638 potestas
1474 2591 1550 2633 fuit,

91 2652 164 2675 cum
187 2652 273 2675 uxor
295 2641 368 2675 eius
393 2653 459 2675 non
480 2641 588 2675 minus
610 2641 711 2686 ipso,
746 2654 788 2676 ac
821 2641 938 2688 potius
969 2641 1044 2685 plus
1075 2646 1204 2684 posset.
1251 2639 1336 2672 Fuit
1358 2639 1415 2672 hic
1437 2638 1551 2681 Impe-

86 2692 185 2720 rator
206 2686 304 2721 aditu
326 2688 452 2728 facilis,
475 2688 519 2720 ad
544 2699 687 2733 poenam
709 2688 926 2732 irrogandam
949 2698 1059 2731 aeque
1082 2692 1264 2730 promptus
1285 2690 1388 2728 atque
1412 2684 1456 2717 ad
1482 2683 1550 2716 cri-

86 2732 177 2766 mina
199 2732 388 2774 audienda3
424 2733 600 2777 pecuniam
626 2740 661 2768 et
684 2740 813 2768 temere
837 2734 1015 2778 profudit,
1047 2737 1082 2765 et
1111 2743 1171 2776 per
1196 2732 1249 2764 fas
1273 2742 1313 2763 ac
1336 2729 1433 2762 nefas
1456 2740 1549 2763 com·

85 2778 250 2824 paravit3
286 2778 386 2812 aliam
409 2779 445 2812 in
469 2779 646 2822 aedificia,
675 2780 775 2814 aliam
807 2781 850 2814 ad
881 2779 1084 2824 exequenda
1107 2776 1249 2811 consilia
1272 2787 1354 2816 sua,
1387 2773 1486 2809 aliam
1512 2774 1547 2808 in
