1800 3126
548 159 738 204 NOTAE
773 157 1070 202 ALEMANNI.
1332 151 1334 153 ¹
1437 158 1539 206 429

81 277 198 314 ciam
223 274 335 311 risus
358 278 428 311 est.
485 271 589 308 Hinc
619 271 740 308 etiam
767 269 907 322 liquet,
937 268 1159 320 complures
1187 268 1437 307 novellarum
1469 271 1539 307 Iu·-

80 331 260 379 sfiniani,
290 341 398 381 quas
425 326 641 374 habemus,
684 327 733 364 ab
764 340 811 364 eo
842 327 1079 377 conscriptas
1110 338 1209 363 esse.
1268 326 1382 362 Certe
1411 326 1537 373 illam,

79 399 220 442 quam,
256 387 429 423 instante
471 385 575 423 Saba
613 384 931 421 Palaestinorum
966 383 1119 433 legato,
1159 389 1293 420 contra
1323 382 1539 420 Samaritas

77 444 191 491 tulis,
221 444 332 481 cuius
361 443 404 478 in
436 443 514 482 129
542 442 691 478 mentio
718 446 804 488 est,
848 453 940 477 cum
967 439 1211 477 Triboniano
1241 441 1283 476 in
1313 440 1403 476 aula
1432 453 1540 476 nuu-

77 505 219 552 cupata
246 511 465 549 magnaura
493 499 734 535 Iustinianus
762 496 835 534 sub
866 494 1007 533 horam
1036 495 1116 534 diei
1143 497 1303 533 tertiam
1332 494 1538 543 condebat,

76 563 120 594 ut
155 556 328 607 Cyrillus
367 552 716 606 Scythopolitanus
755 551 901 605 prodit.
966 554 1026 590 De
1069 567 1236 590 numero
1284 559 1323 590 et
1364 551 1538 590 editione

74 613 284 652 Iustiniani
321 612 570 648 novellarum
607 609 684 648 hoc
718 610 987 647 iurisconsulti
1016 608 1215 647 scholium
1252 611 1293 646 in
1324 610 1428 648 calce
1466 611 1539 661 τῆς

76 664 271 738 ἑξήκοντα
299 669 440 736 βίβλου
471 683 554 708 των
583 668 800 719 βασιλικων
830 667 927 717 legi.
987 664 1076 719 Xon
1106 665 1150 707 δὲ
1179 665 1327 707 εἰδέναι
1356 681 1416 707 οτι
1445 665 1539 706 ἕκα-

74 722 143 766 τὸν
172 722 363 776 ἑξήκοντα
394 720 499 765 ὄκτω
528 723 668 788 νεαραὶ
701 721 971 774 συνετέθησαν
1003 720 1112 775 παρὰ
1145 726 1219 764 τοῦ
1244 719 1538 763 Ἰουστινιανοῦ.

75 780 119 831 ἕξ
156 777 288 822 αυταῖν
327 777 463 822 ἑκατὸν
500 775 790 832 τεσσαράκοντα
819 781 890 831 μία
919 778 1115 829 ἐτέθησαν
1145 780 1201 827 εἰς
1227 795 1322 827 τους
1351 775 1540 832 προσφό-

77 853 174 890 ρους
211 838 365 884 τίτλους
401 839 482 877 τῶν
518 833 708 888 ἑξήκοντα
745 837 961 888 βασιλικων
999 837 1180 888 βιβλίων.
1245 837 1291 876 αἱ
1321 834 1364 876 δὲ
1402 835 1538 876 λοιπαὶ

76 892 175 935 ἑπτα
212 893 281 934 καὶ
316 893 441 934 εἴκοσι
476 889 866 945 παρεσιωπήθησαν,
907 889 1035 945 ἤγουν
1075 909 1110 932 α.
1141 894 1180 944 β.
1213 908 1245 938 ς.
1278 894 1307 940 ζ.
1338 897 1382 933 θ.
1415 909 1468 933 ια.
1499 909 1538 945 μ.

75 966 140 1004 μς.
169 966 206 992 ν.
236 951 299 990 νδ.
328 965 384 990 νε.
413 964 473 995 νς.
502 965 565 999 νη.
597 951 655 1001 ξη.
687 950 744 989 οδ
775 964 829 990 οε.
860 964 917 995 ος.
951 953 1016 988 οθ.
1048 964 1114 1002 ny.
1147 949 1214 988 πδ.
1259 964 1320 1001 ςη.
1358 964 1417 1000 ρς.
1458 952 1539 1002 ρκζ.

74 1011 167 1059 ρκθ.
193 1008 268 1061 ρλζ.
300 1022 364 1058 ρμ.
395 1022 461 1057 μα.
518 1008 634 1043 Hunc
663 1019 876 1043 numerum
909 1007 943 1043 si
974 1019 1065 1042 culn
1095 1005 1210 1043 editis
1240 1007 1410 1044 novellis
1442 1020 1539 1043 cou—

73 1063 191 1112 feras,
220 1063 348 1100 multo
371 1063 505 1114 plures
524 1064 788 1100 Iustinianum
814 1064 1017 1114 scripsisse
1039 1065 1231 1100 invenies.
1291 1065 1538 1114 Argumento

74 1121 154 1158 sint
183 1133 266 1168 eae,
298 1132 395 1172 quas
427 1118 569 1156 eruditi
597 1120 868 1157 iurisconsulti
897 1132 1024 1169 nuper
1053 1118 1323 1169 offenderunt,
1359 1133 1538 1172 quasque

73 1189 154 1214 nos
185 1177 331 1228 partim
368 1171 459 1216 κατ’
488 1173 698 1228 ἐπιτομήν,
740 1179 887 1227 partim
915 1177 1090 1226 integras
1129 1177 1301 1227 legimus
1331 1178 1373 1213 in
1403 1176 1539 1214 codice

72 1234 262 1272 Vaticano
292 1234 581 1284 manuscripto,
613 1245 666 1269 ex
696 1245 774 1284 quo
804 1234 1039 1284 rescriptum
1068 1205 1194 1269 illud0
1202 1233 1252 1270 ad
1283 1247 1421 1272 omnes
1451 1236 1540 1284 epi-

74 1302 213 1341 scopos
255 1288 305 1326 de
340 1290 586 1327 scenicarum
623 1291 772 1340 nuptiis
812 1288 1102 1341 decerpsimus,
1146 1289 1254 1341 quod
1287 1303 1406 1342 supra
1448 1303 1540 1328 cum

72 1347 216 1386 Iustiui
255 1347 533 1384 constitutione
573 1346 763 1383 collatum
799 1348 920 1397 primi
956 1346 1221 1397 vulgavimus.
1291 1347 1407 1393 Quod
1444 1361 1540 1385 vero

72 1416 155 1441 non
185 1404 346 1440 omnino
377 1410 535 1454 compta
563 1403 773 1440 Iustiniani
803 1410 907 1440 esset
936 1405 1083 1453 oratio,
1123 1402 1196 1441 sed
1224 1402 1388 1442 barbare
1419 1417 1542 1442 sona-

73 1466 147 1508 ret,
176 1458 221 1496 id
244 1458 459 1511 aliquando
484 1457 781 1511 deprehendere
811 1467 870 1497 est
894 1462 937 1497 in
965 1461 1147 1508 novellis,
1179 1473 1424 1513 quamquam
1448 1474 1541 1498 eru·—

74 1514 178 1554 ditae
209 1516 359 1568 alioqui
387 1518 490 1565 sint,
531 1514 714 1568 nihilque
746 1518 875 1567 magis
912 1524 953 1554 te
990 1518 1033 1553 in
1066 1518 1146 1554 illis
1180 1516 1375 1567 offendat,
1418 1531 1541 1570 quam

72 1573 238 1612 verbosa
267 1574 484 1621 sententia,
515 1579 555 1610 et
583 1585 678 1610 sane
708 1575 929 1611 Asiaticum
955 1571 1114 1611 dicendi
1143 1587 1283 1624 genus.

183 1631 230 1666 P.
261 1631 337 1677 88,
368 1632 408 1671 8.
472 1629 611 1667 Turba
627 1630 827 1681 frequens
854 1630 1066 1681 complevit
1096 1630 1300 1682 tribunal]
1341 1633 1444 1668 Nam
1472 1633 1544 1668 Iu-

73 1687 266 1724 stinianus
296 1686 374 1723 sibi
401 1686 638 1738 plerumque
668 1688 851 1724 sumebat
875 1700 1020 1724 munus
1045 1700 1126 1724 non
1150 1688 1282 1724 solum
1307 1690 1542 1739 quaestoriS‚

73 1749 118 1779 ut
146 1740 274 1790 dixit,
304 1740 378 1780 sed
405 1744 525 1779 etiam
552 1741 752 1791 iudicum,
783 1751 901 1795 atque
930 1757 1002 1795 pro
1033 1744 1222 1781 tribunali
1252 1744 1436 1792 sedebat,
1468 1758 1543 1781 au-

73 1797 287 1850 diebatque
326 1799 550 1849 litigantes,
589 1805 627 1836 et
667 1802 882 1838 sententias
919 1800 1086 1837 ferebat.
1149 1802 1236 1838 Hoc
1273 1802 1359 1852 ipse
1396 1801 1542 1839 diserte

70 1861 204 1893 narrat
242 1855 401 1893 novella
431 1856 498 1896 88.
544 1857 678 1892 Litem
714 1870 840 1907 nuper
875 1855 1142 1894 audientibus
1179 1856 1295 1894 nobis
1332 1856 1403 1909 (id
1431 1856 1546 1910 quod

63 1911 228 1963 publice
254 1913 299 1949 in
326 1912 440 1963 regia
468 1925 562 1948 raro
591 1926 672 1949 non
689 1912 879 1962 facimus
879 1912 900 1965 )
927 1920 1024 1950 orta
1053 1920 1110 1950 est
1138 1916 1434 1966 controversia,
1465 1922 1539 1952 etc.
1563 1917 1592 1952 P
1621 1919 1686 1954 147

71 1966 172 2006 Vide
203 1970 323 2005 etiam
349 1968 509 2006 novella
539 1969 592 2008 91
622 1970 748 2017 initio,
781 1976 820 2006 et
847 1971 915 2010 73.

183 2026 231 2062 Ρ.
263 2027 339 2073 89,
369 2026 408 2064 2.
476 2026 564 2075 Ea,
595 2023 643 2061 de
672 2025 822 2076 quibus
852 2023 1139 2062 consulendum
1169 2033 1291 2077 esset,
1322 2027 1541 2077 imperator

72 2093 123 2119 ac
157 2081 365 2119 Theodora
393 2080 473 2118 sibi
499 2081 720 2132 sumerent]
760 2084 1007 2133 Argumento
1038 2084 1089 2119 sit
1129 2090 1267 2121 octava
1298 2085 1538 2131 constitutio,

73 2149 175 2189 quae
203 2138 297 2175 licet
327 2136 377 2175 de
406 2151 448 2175 re
477 2139 710 2189 gravissima
745 2140 820 2187 sit,
861 2151 942 2176 nou
972 2140 1212 2176 seutentiam
1243 2147 1426 2189 senatus,
1467 2140 1539 2178 sed

70 2195 190 2232 unius
219 2193 458 2232 Theodorae
488 2207 648 2245 rogasse
677 2208 719 2232 se
748 2197 990 2232 lastinianus
1022 2196 1205 2234 affirmat.
1263 2198 1380 2234 Haec
1402 2199 1540 2235 omnia

72 2249 190 2302 apud
213 2265 287 2288 nos
315 2253 550 2303 cogitantes,
581 2259 617 2288 et
643 2251 712 2288 lzic
740 2265 898 2303 qaoque
917 2254 1163 2304 participem
1192 2253 1356 2290 consilii
1382 2267 1539 2291 sumen-

72 2313 130 2344 tes
157 2321 258 2357 eam,
287 2322 394 2359 quae
415 2322 442 2345 a
461 2309 531 2345 deo
553 2307 655 2345 data
679 2315 737 2345 est
764 2309 882 2346 nobis
892 2310 1130 2360 piissimam
1150 2311 1374 2363 coniugem.
1431 2313 1540 2362 Lege
1564 2319 1594 2351 A
1619 2319 1665 2353 79

74 2375 176 2416 quae
203 2378 323 2416 supra
350 2367 576 2402 notavimus
608 2364 659 2402 ad
686 2379 726 2416 p.
751 2365 819 2407 47.

184 2422 231 2459 P.
252 2423 319 2469 89,
355 2422 420 2462 11.
479 2420 785 2471 Referendariis
814 2423 882 2458 vix
910 2429 996 2459 erat
1023 2422 1137 2460 Iocus
1165 2430 1416 2474 opportunus
1444 2437 1542 2475 sup-

67 2475 228 2527 plicum
247 2478 406 2516 libellos
429 2477 596 2516 Caesari
616 2477 896 2529 ministrandi]
925 2479 1049 2526 Quale
1079 2480 1155 2517 fuit
1185 2480 1542 2518 referendariorum

74 2545 222 2572 munus
252 2536 440 2586 explicat.
499 2537 561 2572 En
590 2536 664 2572 tibi
694 2549 821 2572 unum
850 2548 903 2572 ex
930 2537 1138 2574 Iustiniani
1172 2536 1450 2575 referendariis
1492 2537 1541 2574 ob

76 2590 209 2628 oculos
247 2594 434 2643 ponimus
470 2605 587 2630 suum
626 2605 771 2630 munus
816 2599 1083 2645 exequentem
1122 2595 1163 2630 in
1210 2593 1364 2645 synodo
1404 2595 1543 2645 quinta

77 2645 281 2685 Constant.
311 2655 387 2686 act.
419 2650 459 2688 1.
504 2648 734 2687 Theodorus
763 2650 1076 2700 circumspectus
1104 2649 1308 2700 tribanus,
1338 2652 1540 2700 notarius,

77 2709 114 2738 et
141 2703 437 2752 referendarius
461 2707 646 2756 piissimi
674 2707 730 2744 D
762 2706 814 2744 N.
838 2705 955 2746 dixit.
1011 2709 1248 2745 Praesente-s·
1275 2707 1540 2745 venerahilis-

76 2760 173 2796 simi
200 2761 388 2799 monachi
415 2763 729 2813 supplicationes
749 2771 1012 2815 porrexerunt
1040 2763 1326 2814 divinissimo,
1357 2777 1406 2801 ac
1433 2777 1540 2801 aere-

74 2817 264 2867 nissimo,
301 2824 338 2856 et
364 2819 696 2859 victoriosissimo
722 2821 957 2872 imperatori
985 2828 1145 2870 nostro,
1183 2828 1220 2859 et
1248 2822 1363 2872 ipsas
1389 2821 1540 2859 sanein·
