1858 3126
571 139 646 182 DE
678 136 967 183 AEDIFICIIS
999 136 1034 182 1.
1103 137 1149 183 3.
1488 135 1583 183 185

137 255 242 314 πηγὴ
258 253 442 312 ἰἲψοφητὶ
462 251 665 309 βλῦζουσα
685 254 859 310 γαληνὸν
878 253 924 298 τὸ
951 251 1062 311 ὕδωρ
1087 254 1154 296 καὶ
1184 249 1373 307 πότιμον,
1404 252 1586 311 ἱεροπρε-

136 327 388 380 πῆ-ἐπιεικῶς
406 322 550 366 πάντα.
616 328 744 366 ταῦτα
771 324 844 377 μὲν
872 322 893 365 ὅ
915 323 1020 380 ἀμφὶ
1041 323 1087 365 τὸ
1106 323 1268 376 τέμενος
1281 327 1436 379 χῶρος·
1465 322 1587 364 αὐτὸν
1613 330 1645 364 V
1667 328 1735 365 400

136 394 182 440 δὲ
205 393 276 436 τὸν
302 393 400 435 νεὼν
428 393 521 435 οὐδὲ
551 391 742 446 ὀνόμασιν
768 393 942 441 ἐπαξίως
961 395 1173 446 συλλαβεῖν
1192 390 1352 452 ῥᾴδιον,
1383 391 1478 434 οὗὸὲ
1496 393 1587 433 ὁια-

135 461 224 520 vota
250 466 572 518 σκιαγραφῆσαι,
614 462 706 503 οὐδὲ
737 461 1023 517 διαψιθυρίσαι
1051 465 1109 518 τῷ
1136 459 1254 519 λόγῳ.
1320 465 1513 503 τοσοῦτον
1544 460 1588 502 ὁὲ

103 527 258 584 εμόνον
277 532 399 572 εἰπεῖν
420 529 651 588 ἀποχρήσει,
674 528 728 580 ὥς
746 533 826 572 τῶν
851 529 966 585 ἱερῶν
983 527 1118 571 κάλλει
1134 547 1176 572 τε
1198 531 1264 572 καὶ
1281 529 1441 585 μεγέθει
1462 527 1588 585 ὕπερ-

134 598 238 656 αίρει
263 598 315 640 τὰ
339 602 518 641 πλεῖστα.
583 604 711 642 ταῦτα
740 598 783 639 δὲ
811 596 936 654 ἄμφω
962 598 1013 639 τὰ
1044 599 1131 654 ἱερὰ
1154 599 1231 656 πρὸ
1251 603 1323 642 τοῦ
1344 602 1416 653 τῆς
1433 596 1585 647 πόλεως
1606 601 1637 635 Β

134 666 343 722 πεποίηται
374 669 548 721 τείχους,
588 668 634 710 τὸ
672 667 745 722 μὲν
778 666 1001 723 ἀρχομένου
1031 667 1143 723 παρὰ
1177 668 1250 722 τὴν
1278 671 1351 722 τῆς
1373 665 1591 721 θαλάσσης

133 732 264 791 ἠϊόνα,
293 735 339 778 τὸ
370 737 413 779 δὲ
444 734 611 791 ἄγχιστά
641 753 695 790 πη
725 739 805 777 τῶν
826 739 991 792 χρυσῶν
1014 737 1269 788 καλουμένων
1294 740 1443 787 πυλῶν,
1472 734 1522 785 ἃς
1537 735 1589 789 δὴ

135 803 243 861 ἀμφὶ
269 803 314 846 τὸ
332 809 406 848 τοῦ
421 804 620 862 ἐρύματος
634 805 759 861 πέρας
781 805 992 858 συμβαίνει
1012 801 1122 854 εἶναι,
1143 803 1250 854 ὅπως
1269 805 1320 859 δὴ
1341 804 1467 861 ἄμφω
1488 804 1590 846 ἀκα-

82 871 360 928 ίοταγῶνιστα
392 872 642 931 φυλακτήρια
667 878 725 931 τῷ
749 871 949 930 περιβόλῳ
966 877 1038 928 τῆς
1053 871 1207 923 πόλεως
1225 871 1312 915 εἷεν.
1381 872 1437 914 ἔτι
1456 873 1593 926 μέντοι

134 940 212 983 κᾶν
232 945 292 999 τῷ
317 940 498 1001 ίΗραίῳ,
530 942 625 999 ὅπερ
647 941 803 999 Ἱερεΐον
834 945 1002 984 καλοῦσι
1031 946 1174 995 τανῦν,
1204 946 1253 1000 τῇ
1277 940 1459 1001 θεοτόκῳ
1491 941 1592 984 νεῶν

123 1009 210 1065 ,οὔκ
229 1009 459 1066 εὗδιῆγητον
487 1009 772 1065 κατεστήσατο.

263 1077 332 1120 Ἐν
352 1081 490 1137 χωρίῳ
517 1081 560 1122 δὲ
586 1084 658 1133 τῆς
685 1078 850 1130 πόλεως,
878 1077 901 1120 ὃ
918 1075 1119 1135 Δεύτερον
1137 1078 1391 1129 ἐπικαλεῖται,
1411 1077 1593 1135 ἱεροπρε-

134 1145 206 1196 πές
226 1163 271 1190 τε
300 1149 368 1190 καὶ
393 1148 567 1203 ἀγαστὸν
595 1147 699 1199 ὅλως
727 1148 921 1202 ἀνέθηκεν
951 1148 1041 1197 ἕδος
1065 1147 1180 1204 ’Amy
1217 1146 1324 1206 ἁγία,
1349 1146 1398 1201 ἢν
1421 1150 1493 1198 τῆς
1520 1147 1593 1199 μὲν

81 1223 126 1260 15
137 1213 330 1258 θεοτόκου
357 1218 552 1272 γεγονέναι
579 1218 734 1273 μητέρα
748 1217 850 1266 τινὲς
878 1215 1048 1267 οἴονται,
1073 1221 1146 1258 τοῦ
1170 1217 1213 1257 δὲ
1231 1219 1415 1272 Χριστοῦ
1432 1213 1589 1268 τιτθήν.
1611 1218 1642 1253 C

136 1282 356 1340 ἅνθρωπος
381 1285 459 1341 γὰρ
485 1279 584 1341 ᾗπερ
611 1285 797 1341 ἐβούλετο
816 1285 984 1340 γεγονὼς
1004 1282 1024 1326 ὃ
1042 1285 1140 1334 θεὸς
1159 1286 1224 1326 καὶ
1237 1285 1436 1341 τριγονίας
1455 1283 1592 1337 ἀνέχε-

135 1368 204 1393 ται
231 1353 298 1393 καὶ
322 1356 605 1407 γενεαλογεΐται
630 1354 682 1395 τὰ
702 1354 744 1394 ἐκ
762 1353 916 1408 μητρὸς
934 1351 1139 1410 ἀνθρώπῳ
1162 1353 1242 1395 ἴσα.
1310 1351 1455 1394 τούτου
1479 1352 1522 1393 δὲ
1543 1352 1593 1406 δὴ

134 1423 209 1462 τοῦ
230 1420 305 1462 νεὼ
333 1420 381 1462 οὗ
410 1424 547 1477 πολλῷ
567 1420 723 1462 ἄποθεν
750 1421 854 1477 ἀμφὶ
877 1424 949 1474 τῆς
968 1419 1121 1471 πόλεως
1141 1421 1284 1477 ἀγυιὰν
1300 1419 1471 1476 ἐσχάτην
1493 1419 1591 1478 Ζώῃ
1614 1433 1651 1469 Η
1671 1434 1695 1470 7

135 1485 312 1546 μάρτυρι
332 1489 477 1542 σεμνὸν
495 1490 672 1539 ἐπιεικῶς
693 1490 784 1538 ἕδος
800 1490 1022 1543 πεποίηται.

81 1564 129 1600 m
272 1560 362 1599 Τοῦ
380 1558 423 1599 δὲ
442 1557 687 1613 ἀρχαγγέλου
710 1558 885 1611 Μιχαὴλ
908 1557 1013 1614 ἱερὸν
1038 1552 1149 1614 εὗρεν
1175 1557 1216 1599 ἓν
1232 1559 1439 1615 Βυζαντίῳ
1456 1555 1594 1613 βραχύ

137 1640 180 1667 τε
195 1626 262 1667 καὶ
277 1625 445 1682 ἀφεγγὲς
462 1625 564 1682 ἄγαν
580 1628 647 1668 καὶ
666 1624 722 1676 ὡς
740 1626 885 1680 ἥκιστα
905 1631 962 1683 τῷ
985 1626 1216 1684 ἄρχαγγέλῳ
1239 1626 1426 1668 ἀνεῖσθαι
1445 1628 1596 1684 πρέπον

137 1692 240 1749 πρὸς
264 1691 486 1751 Σενᾶτορός
508 1711 614 1745 τινος
638 1699 718 1738 τῶν
743 1696 962 1752 πατρικίων
996 1695 1036 1736 ἓν
1063 1693 1198 1753 χρόνῳ
1225 1696 1490 1751 γεγενημένων
1515 1699 1596 1738 τῶν

136 1759 381 1819 ἔμπροσθεν,
416 1765 656 1821 κοιτωνίσκῳ
685 1765 812 1814 οἰκίας
838 1764 1010 1817 ἀτεχνῶς
1036 1765 1204 1821 ἐμφερὲς
1229 1765 1323 1806 οὐδὲ
1350 1766 1440 1806 λίαν
1460 1763 1596 1806 εὐδαί-

137 1846 273 1884 μονος.
340 1830 402 1874 διὸ
430 1833 480 1887 δὴ
506 1836 670 1875 καθεῖλε
694 1833 767 1887 μὲν
794 1832 893 1875 αὐτὸ
923 1833 965 1882 ἐς
985 1831 1030 1874 τὸ
1050 1833 1201 1890 ἔδαφος
1225 1833 1267 1875 ἐκ
1285 1836 1364 1876 τῶν
1379 1834 1592 1888 θεμελίων,
1615 1841 1648 1876 D

139 1983 247 2029 pomis
273 1983 438 2019 exuberat
462 1983 675 2019 viridarium:
699 1986 775 2019 fons
792 1986 896 2020 tacita
918 1985 1123 2030 scaturigine
1145 1986 1254 2020 lenem
1275 1997 1316 2020 ac
1331 1986 1461 2020 dulcem
1475 1997 1596 2031 aquam

139 2029 298 2064 effundit:
323 2030 403 2064 nibil
425 2030 565 2075 denique
588 2031 704 2065 honori
728 2032 897 2076 religionis
923 2039 1183 2066 consentaneum
1206 2032 1313 2065 deest.
1359 2033 1455 2066 Haec
1472 2032 1597 2067 circum

137 2075 274 2109 aedem:
294 2075 397 2120 ipsam
419 2088 502 2110 vero
524 2088 586 2110 nec
602 2077 710 2121 dignis
725 2078 861 2122 signare
877 2078 1062 2122 vocabulis,
1086 2089 1149 2111 nec
1164 2078 1364 2112 adumbrare
1379 2078 1598 2122 cogitatione,

137 2131 203 2155 uec
217 2120 332 2155 verbis
348 2122 532 2167 exprimere
550 2129 740 2169 promptum
757 2128 821 2157 est.
869 2124 981 2157 Unum
1004 2124 1118 2158 dicere
1136 2124 1217 2158 satis
1234 2124 1360 2157 habeo:
1381 2124 1469 2158 illam
1485 2124 1598 2158 nitore

139 2172 177 2208 et
190 2167 412 2211 magnitudine
427 2168 596 2213 plerisque
611 2169 719 2203 sacris
739 2170 878 2204 aedibus
893 2169 1104 2204 antecellere.
1138 2169 1326 2214 Utrumque
1339 2171 1499 2224 templum
1518 2175 1598 2204 ante

138 2213 232 2247 urbis
252 2213 382 2247 moenia
404 2221 593 2249 extructum
616 2220 687 2249 este
711 2216 973 2250 Blachernaeum
997 2215 1131 2261 quidem
1156 2216 1200 2250 ad
1223 2216 1318 2250 littus
1334 2227 1447 2259 maris,
1470 2216 1527 2250 ubi
1542 2215 1597 2250 illa

138 2256 317 2304 incipiuut3
339 2259 481 2294 alterum
502 2273 583 2295 vero
606 2261 648 2294 ad
663 2267 794 2307 portam
809 2273 942 2296 auream
954 2289 965 2304 ‚
989 2273 1078 2307 quae
1095 2262 1128 2295 in
1144 2267 1295 2296 extremo
1312 2267 1365 2295 est
1379 2262 1596 2296 munimento:

140 2309 179 2341 ut
195 2305 306 2349 ambo,
320 2305 428 2339 veluti
441 2306 714 2352 inexpugnabilia
730 2309 998 2353 propugnacula,
1015 2307 1108 2342 urbis
1124 2314 1234 2342 muros
1249 2313 1442 2353 protegant.
1489 2309 1597 2342 Prae·-

140 2352 237 2384 terea
255 2350 290 2384 iu
310 2350 447 2386 Heraeo
471 2353 590 2398 (vulgo
613 2353 715 2387 hodie
729 2354 865 2399 Hierio)
891 2354 1051 2399 deiparae
1073 2354 1190 2388 aedem
1213 2354 1343 2397 statuit,
1367 2365 1466 2400 quam
1482 2353 1597 2388 verbis

141 2405 235 2430 nemo
250 2396 346 2430 facile
366 2397 535 2443 depingat.

230 2441 272 2475 In
286 2453 326 2476 eo
342 2443 432 2477 urbis
447 2444 534 2486 loco,
557 2455 655 2490 quem
672 2445 842 2479 Deuteron
859 2445 931 2479 sive
954 2445 1143 2480 Secundum
1166 2450 1308 2488 vocant,
1326 2446 1484 2491 templum
1499 2445 1597 2479 nobi-

142 2485 297 2521 lissimum
312 2499 352 2521 ac
367 2489 464 2534 plane
478 2491 627 2525 mirabile
642 2490 812 2525 dedicavit
825 2492 862 2524 S.
880 2493 1016 2532 Annae3
1037 2503 1137 2536 quam
1157 2492 1259 2537 aliqui
1279 2491 1440 2536 deiparae
1460 2497 1598 2525 matrem

143 2530 336 2578 Christique
349 2534 458 2569 aviam
474 2537 576 2570 fuisse
596 2537 747 2571 credunt.
796 2537 929 2571 Etenim
946 2538 1028 2571 deus
1045 2550 1085 2572 ea
1100 2539 1240 2580 ratione,
1259 2549 1326 2583 qua
1342 2538 1459 2579 voluit,
1486 2538 1598 2571 factus

144 2575 253 2620 homo,
274 2579 407 2614 tertium
431 2582 556 2616 habere
579 2582 713 2627 generis
736 2583 874 2628 gradum
899 2583 1030 2617 minime
1048 2584 1187 2629 refugit„
1210 2591 1245 2618 et
1263 2596 1356 2618 more
1371 2585 1512 2617 humano
1528 2593 1599 2615 ma-

146 2627 244 2655 terna
265 2624 336 2658 eius
356 2628 513 2672 prosapia
536 2628 747 2662 describitur.
793 2629 874 2663 Non
899 2630 1016 2674 procul
1034 2629 1122 2673 inde,
1147 2630 1189 2663 ad
1205 2630 1355 2664 ultimum
1371 2628 1462 2662 urbis
1476 2628 1599 2670 vicum,

145 2666 239 2701 Zoae
251 2671 392 2714 martyri
405 2674 561 2719 templum
578 2674 842 2718 augustissimum
858 2675 1062 2709 aedificavit.

237 2713 412 2758 Byzantii,
437 2719 554 2754 aedem
581 2721 772 2764 archangeli
796 2721 971 2755 MichaElis
993 2721 1170 2755 invenerat
1194 2721 1419 2765 angustiorem
1442 2731 1482 2752 ac
1502 2717 1597 2751 nimis

145 2758 338 2813 ⁰b⁸⁰f¹f⁸¹¹¹a
357 2772 419 2796 ¹¹0⁰
436 2764 569 2808 dignam
584 2776 671 2810 quae
685 2767 856 2801 diceretur
869 2767 1072 2811 archangelo
1089 2767 1200 2812 posita
1223 2778 1244 2800 a
1259 2768 1425 2800 Senatore
1443 2764 1598 2809 quodam,

147 2808 291 2850 patacio
313 2807 441 2844 veter-12
462 2821 537 2844 cum
559 2811 733 2856 persimilis
757 2817 850 2847 esset
872 2813 1027 2848 cubiculo
1047 2813 1164 2848 domus
1178 2824 1244 2847 non
1259 2811 1432 2847 admodum
1448 2809 1598 2855 locuple-
