1800 3126
271 142 367 188 422
717 147 775 189 IN
807 147 949 189 HIST.
982 148 1234 190 ARGANAM

269 249 454 288 historiae
482 259 632 303 partem
650 251 923 290 illustrandam
951 255 1259 304 operaepretium
1280 254 1478 294 duximus.
1539 255 1695 307 Cogno-

267 308 328 345 vit
355 309 590 344 Marcianus
620 308 766 357 quibus
807 309 850 344 in
891 310 1026 344 causis
1064 317 1234 346 uteretur
1257 313 1456 362 principis
1488 319 1694 362 potestate,

269 369 306 398 et
333 363 376 398 in
403 363 544 413 quibus
572 362 760 399 exlziberet
788 361 1049 400 obedientiam
1081 364 1259 415 Christo,
1297 373 1332 402 et
1357 367 1442 403 ideo
1471 381 1517 403 ne
1545 369 1695 431 impius

268 424 389 467 atque
416 418 635 467 sacrilegus
654 416 860 466 videretur,
887 425 977 467 post
1004 419 1250 456 sacerdotum
1270 423 1498 458 sententiam
1517 423 1694 471 opinioni

267 485 367 509 suae
395 473 499 510 nihil
523 472 696 522 reliquit.
754 475 805 510 Et
833 474 976 510 statim.
1038 474 1096 511 Ob
1119 474 1192 511 lzoc
1212 477 1350 526 itaque
1375 478 1437 513 vir
1464 483 1692 526 temperans,

267 535 304 564 et
331 541 403 564 suo
433 534 634 563 contentus
661 527 794 577 officio
823 529 1177 566 ecclesiasticorum
1205 543 1401 567 canonum
1419 537 1595 568 executor
1615 545 1694 568 esse

267 584 417 629 voluit,
454 595 534 618 non
570 581 769 630 conditor,
804 596 883 619 non
915 591 1084 622 exactor.
1140 584 1290 621 Deinde
1329 585 1467 622 adlatis
1502 588 1693 637 exemplis

267 639 371 687 regis
401 638 537 683 Oziae,
575 636 754 685 Dathan,
782 638 953 686 Abiron,
984 640 1107 686 Ozae‚
1148 647 1187 676 et
1215 641 1380 677 aliorum
1409 641 1476 692 qui
1507 653 1548 677 se
1577 643 1693 678 sacris

267 691 451 728 audacter
478 693 745 741 ingesserunt:
774 694 856 730 His
884 700 1028 742 autem,
1055 696 1130 741 ait,
1162 702 1282 745 atque
1307 693 1541 732 liuius-modi
1567 698 1695 733 ratio-

265 748 386 784 nibus
414 753 449 782 et
472 748 654 796 exemplis
670 747 883 798 Augustae
910 751 1118 786 memoriae
1137 751 1390 787 Marcianum
1419 752 1697 788 commonitum

265 809 303 838 et
333 800 512 838 edoctum
527 802 664 852 ficisse
692 802 876 840 credibile
903 811 982 853 est,
1022 818 1069 840 ne
1097 806 1254 854 imperii
1287 805 1363 842 sibi
1401 806 1601 842 commissi
1628 805 1698 843 de-

265 870 392 893 corem
421 857 542 892 alieni
570 858 698 907 officii
725 860 982 909 usurpatione
998 858 1197 910 foedaret.
1259 859 1379 917 Quod
1403 863 1441 898 si
1473 863 1592 897 etiam
1619 863 1700 898 mi-

264 925 343 948 nus
381 913 467 948 eius
505 914 638 949 animo
676 927 779 964 quae
817 916 1119 951 memoravimus
1155 923 1435 964 occurrerunt,
1481 915 1698 953 modestum

263 968 327 1005 νίν
330 981 397 1003 um
431 980 507 1003 sua
536 969 686 1017 procul
722 967 842 1006 dubio
874 971 979 1006 ratio
1018 972 1268 1019 temperavit,
1311 985 1394 1022 qua
1431 983 1544 1007 nosse
1566 971 1699 1022 facile

257 1028 417 1072 poterat
451 1021 602 1059 Christi
636 1023 760 1060 solius
796 1038 876 1060 esse
912 1038 1074 1075 regnum
1113 1039 1204 1061 cum
1231 1025 1448 1063 sacerdotio
1477 1027 1599 1063 simul
1621 1026 1701 1063 Iza-

263 1078 368 1122 bere,
406 1083 441 1112 et
470 1090 570 1126 quae
588 1080 760 1127 propria
787 1086 881 1115 sunt
909 1078 1121 1116 sacerdotii
1147 1081 1307 1130 regibus
1335 1080 1594 1119 interdixisse.
1649 1082 1700 1118 Et
1757 1125 1759 1128 .

262 1133 366 1168 infra
403 1132 550 1181 profert
591 1134 819 1183 exemplum
846 1135 989 1170 Leonis
1027 1135 1284 1185 imperatoris.
1342 1135 1518 1186 Idcirco,
1557 1137 1698 1187 inquit,

257 1188 356 1238 piae
394 1188 602 1223 memoriae
637 1189 718 1224 Leo
756 1191 920 1239 quietem
957 1203 1034 1225 non
1074 1190 1326 1227 conturbavit
1363 1192 1562 1239 ecclesiae,
1600 1193 1700 1242 quia

263 1256 345 1279 non
374 1255 446 1277 suo
477 1242 645 1279 arbitrio
674 1256 723 1279 ac
753 1250 950 1293 potestate
980 1247 1254 1295 praesumpsit
1281 1246 1482 1283 doetrinae
1508 1247 1701 1283 Domini-

264 1310 335 1333 cae
353 1295 507 1333 decreta
533 1304 717 1346 statuere,
748 1312 816 1335 nec
835 1297 1057 1349 quidquam
1084 1300 1184 1336 solis
1211 1299 1403 1338 creditum
1430 1300 1702 1338 sacerdotibus

265 1353 490 1402 usurpavit.
550 1353 609 1389 N
592 1366 683 1403 eque
712 1354 838 1390 solum
866 1368 946 1391 non
974 1361 1207 1405 extorquere,
1237 1355 1308 1392 sed
1338 1369 1407 1392 nec
1429 1357 1588 1405 praeire
1614 1363 1701 1393 ten-

263 1408 369 1444 tavit
395 1409 629 1444 sententiam
647 1407 910 1448 sacerdotum.
967 1411 1020 1446 Et
1047 1411 1165 1460 paulo
1189 1418 1278 1461 post
1304 1412 1358 1447 ita
1388 1410 1597 1448 concludit.
1655 1413 1702 1448 Si

265 1464 359 1513 quis
388 1475 478 1512 ergo
506 1462 651 1499 horum
671 1464 945 1514 periculorum
975 1467 1152 1514 nescius,
1181 1479 1270 1502 cum
1297 1465 1426 1503 videri
1453 1465 1593 1503 doctus
1624 1479 1701 1517 ap-

258 1519 361 1568 petit
390 1519 611 1567 importune
647 1532 697 1554 ac
732 1519 849 1556 nulla
887 1519 1065 1556 utilitate
1100 1520 1290 1558 suadente
1324 1523 1550 1571 spontaneis
1579 1535 1702 1572 quae-

263 1572 463 1609 stionibus
492 1574 693 1609 ecclesiam
723 1573 880 1621 turbat,
916 1574 983 1610 hic
1010 1588 1088 1612 non
1117 1574 1368 1625 dispensator
1385 1577 1582 1626 familiae
1610 1578 1703 1614 Do-

264 1630 448 1673 minicae,
476 1626 548 1664 sed
565 1627 783 1678 dissipator
802 1635 868 1678 est,
898 1636 933 1665 et
954 1632 1229 1679 mysteriorum
1249 1631 1312 1668 dei
1334 1630 1539 1681 dispersor.
1582 1630 1706 1682 Quod

264 1684 330 1719 illi
351 1684 553 1732 principes
583 1697 660 1720 esse
684 1685 909 1732 timuerunt,
939 1691 976 1720 et
1004 1684 1153 1722 idcirco
1182 1700 1260 1723 non
1289 1693 1447 1722 tantum
1473 1688 1573 1737 quia
1599 1689 1704 1726 vires

264 1751 401 1775 eorum
437 1738 653 1788 superabat
687 1740 792 1775 tanti
818 1741 967 1789 negotii
994 1739 1255 1790 magnitud03
1292 1754 1430 1778 verum
1458 1743 1576 1778 etiam
1605 1743 1703 1793 quia

264 1807 346 1830 non
385 1800 636 1844 acceperant,
677 1807 755 1831 non
793 1793 873 1831 sibi
912 1803 1210 1846 assumpserunt
1243 1796 1367 1834 huius
1394 1795 1703 1847 dispensationis

267 1849 458 1899 officium.

412 1907 527 1953 ·83‚
566 1906 604 1946 5.
675 1907 784 1944 Male
812 1915 939 1958 parta
976 1908 1148 1945 aliorum
1187 1908 1292 1946 bona
1327 1907 1484 1959 templis
1518 1905 1701 1958 addixit]

265 1961 408 2009 Evagr.
438 1961 466 1996 l.
492 1960 518 2000 4
556 1975 588 1998 c.
620 1965 672 2003 29
712 1964 875 2000 narratis
912 1965 1118 2000 Iustiniani
1152 1966 1297 2014 rapinis
1331 1963 1475 2001 subdit.
1534 1959 1703 2013 ἅφειδής

266 2013 311 2054 δὲ
339 2012 550 2067 χρημάτων
585 2013 762 2070 ὑπῆρχεν
799 2015 897 2058 ω’στε
932 2019 1078 2071 πρᾶξαί
1105 2033 1146 2058 τε
1182 2018 1279 2058 dita
1310 2019 1430 2069 μυρία
1467 2013 1608 2083 εὐσεβῆ
1635 2017 1704 2056 καὶ

265 2072 355 2123 θεῷ
387 2068 611 2139 ἀρέσκοντα,
641 2073 747 2126 εἴπερ
776 2073 816 2121 ἐξ
846 2073 1001 2113 οἰκείων
1030 2075 1157 2127 δρῷεν
1185 2074 1227 2113 οἵ
1251 2071 1402 2112 τούτων
1430 2069 1608 2125 ἐργαται,
1636 2071 1705 2111 καὶ

265 2124 450 2176 καθαρας
477 2141 547 2173 τας
575 2130 688 2177 σφῶν
713 2124 873 2180 πραξεις
900 2132 1184 2180 καρποφορεῖν.
1240 2129 1342 2166 Erat
1361 2135 1396 2164 et
1411 2126 1610 2178 prodigus
1629 2129 1704 2176 ita,

267 2186 312 2216 ut
340 2180 427 2216 alia
455 2182 617 2230 infinita
645 2189 893 2232 exequeretur
920 2197 1058 2232 opera,
1098 2197 1194 2220 sane
1213 2186 1314 2234 pia,
1355 2182 1503 2247 deoque
1529 2189 1705 2233 accepta,

266 2235 306 2270 si
333 2234 448 2271 modo
470 2236 532 2272 vel
558 2237 637 2286 ille,
666 2238 730 2274 vel
755 2238 833 2274 alii
850 2239 920 2288 qui
946 2239 1051 2275 talia
1079 2239 1311 2287 moliuntur,
1340 2237 1389 2275 de
1414 2240 1503 2275 suis
1527 2239 1706 2288 ipsorum

267 2289 381 2326 bonis
418 2291 629 2340 efficienda
658 2300 863 2341 curarent,
902 2306 1077 2344 suasque
1105 2295 1281 2331 actiones
1307 2307 1462 2332 vacuas
1488 2306 1515 2330 a
1551 2293 1706 2331 sceleris

267 2344 376 2393 labe,
407 2352 604 2395 tanquam
631 2347 788 2384 hostias
818 2347 888 2384 deo
917 2349 1109 2400 offerrent.

377 2402 422 2437 P.
448 2400 514 2448 84,
543 2401 583 2440 3.
641 2402 755 2440 Illud
781 2405 900 2440 etiam
917 2405 1134 2454 pugnavit,
1163 2411 1208 2441 ut
1236 2405 1280 2440 in
1306 2417 1430 2440 unam
1454 2416 1584 2440 omnes
1611 2415 1706 2439 con-

267 2456 442 2492 venirent
469 2455 517 2492 de
549 2456 706 2494 Christo
738 2460 982 2509 sententiam]
1022 2461 1154 2496 Etiam
1182 2461 1223 2495 in
1251 2458 1344 2496 hist.
1375 2458 1423 2495 de
1450 2458 1544 2494 bell.
1570 2456 1704 2495 Gotth.

150 2517 180 2549 A
202 2516 248 2551 72
272 2523 386 2560 aegre
425 2512 525 2548 ferre
562 2511 717 2549 videtur
751 2516 963 2564 Procopius
1002 2527 1090 2551 eam
1125 2515 1363 2564 legationem
1401 2526 1477 2565 qua
1513 2514 1703 2565 Hypatius

129 2572 156 2602 V
180 2573 247 2607 366
269 2565 506 2616 Ephesinus,
539 2574 578 2603 et
605 2569 827 2606 Demetrius
854 2568 1236 2620 Philippopolitanus
1265 2568 1340 2605 hac
1369 2581 1486 2619 super
1513 2581 1554 2606 re
1581 2569 1706 2606 functi

268 2628 361 2658 sunt
391 2621 496 2672 apud
523 2624 742 2660 Romanum
766 2624 1003 2674 pontificem.
1061 2627 1139 2661 Has
1171 2623 1219 2660 de
1246 2623 1321 2660 fide
1351 2625 1598 2675 quaestiones
1625 2635 1705 2660 non

267 2678 397 2714 solum
438 2678 596 2716 inutiles
627 2691 733 2725 esse,
773 2692 911 2716 verum
946 2681 1063 2717 etiam
1102 2679 1280 2730 publicae
1311 2681 1434 2730 quieti
1461 2692 1538 2716 non
1566 2690 1704 2729 parum

267 2733 422 2770 officere
452 2735 663 2785 Procopius
703 2735 956 2772 existimavit.
1014 2737 1071 2772 De
1106 2734 1178 2772 hac
1207 2737 1289 2772 eius
1320 2733 1486 2772 absurda
1514 2734 1704 2773 sententia
