1754 3132
163 158 228 203 60
530 181 535 187 ·
762 159 1025 202 PROCOPII

162 268 188 325 ἡ
208 269 252 312 δὲ
268 274 351 318 τοῖς
370 270 728 323 κακοδαιμονοῦσιν
747 269 943 325 ἀνδρείοις
960 267 1050 311 τινὰ
1065 268 1253 323 μισητίαν
1270 267 1511 326 ἀνεμίσγετο,
1533 271 1600 313 καὶ

161 341 292 379 ταῦτα
310 334 481 388 δούλοις,
506 335 593 379 ὅσοι
612 344 696 384 τοῖς
719 337 969 391 κεκτημένοις
993 334 1176 389 ἑπόμενοι
1197 337 1236 384 ἒς
1254 337 1300 378 τὸ
1319 338 1498 393 θέατρον
1516 336 1599 380 πά-

161 421 298 460 ρεργον
318 408 392 458 τῆς
410 403 533 457 οἰῖσης
551 403 688 452 αὐτοῖς
707 404 909 459 εὐκαιρίας
923 404 990 445 τὸν
1010 402 1179 456 ’ὀλεθρον
1196 408 1339 446 τοῦτον
1355 404 1594 460 εἰργάζοντο,

160 471 201 514 ἴν
228 488 270 514 τε
298 472 556 528 μαστροπείῳ
583 469 709 511 πολύν
739 488 827 513 τινα
850 469 998 524 χρόνον
1018 471 1080 511 ἐπὶ
1101 467 1229 526 ταύτῃ
1249 471 1297 524 δὴ
1319 475 1369 527 τῇ
1386 472 1495 527 παρὰ
1516 470 1598 528 φύ-

108 548 138 582 Β
164 555 226 581 σιν
247 539 412 597 ἐργασίᾳ
430 542 504 580 τοῦ
522 535 711 590 σώματος
739 538 947 592 διατριβὴν
968 536 1079 591 εἶχεν.
1146 537 1279 590 ἐπειδὴ
1302 539 1346 580 δὲ
1365 537 1535 592 τάχιστα
1557 538 1630 588 ἔς5

159 623 201 648 τε
225 605 298 658 τὴν
318 604 424 659 ἥβην
454 605 619 660 ἀφίκετο
646 606 710 646 καὶ
734 603 862 659 ὡραία
883 601 931 658 ἦν
951 604 1029 658 ἤδη
1041 637 1053 656 ,
1092 605 1146 652 εἷς
1177 603 1250 652 τὰς
1274 605 1334 645 ἐπὶ
1355 610 1503 659 σκηνῆς
1524 623 1600 647 κα-

21 681 49 713 V
75 682 140 716 298
166 678 291 726 θῆκεν
327 671 479 724 αὐτὴν,
516 670 656 727 ἑταίρα
687 689 730 714 τε
761 672 885 721 εὗθύς
916 669 1098 726 ἐγεγόνει,
1135 672 1297 724 οἳάνπερ
1317 671 1356 712 οἳ
1377 671 1501 713 πάλαι
1525 671 1599 714 ι’ίν-

160 745 322 794 θρωποι
351 737 516 780 ἐκάλουν
546 737 676 791 πεζήν.
749 739 796 780 οὗ
815 740 890 794 γὰρ
912 737 1106 793 αὖλῆτρια
1126 738 1219 780 οὐδὲ
1239 736 1422 793 ψάλτρια
1442 734 1513 791 ἦν,
1551 739 1598 780 οὐ

161 807 243 860 μὴν
262 806 356 848 οὐδὲ
378 806 429 847 τὰ
449 807 488 854 ἐς
506 806 580 859 τὴν
600 804 826 861 ὀρχήστραν
846 806 949 862 αὐτῇ
968 806 1134 859 ἤσκητο,
1166 804 1270 846 ἀλλὰ
1290 805 1364 858 τὴν
1387 804 1495 860 ὥραν
1515 813 1600 855 τοῖς

163 874 224 916 ἀεὶ
243 874 543 930 περιπίπτουσιν
564 873 775 915 ἀπεδίδοτο
795 871 919 926 μόνον
938 874 979 914 ἐκ
998 872 1147 921 παντὸς
1166 872 1404 926 ἐργαζομένη
1423 876 1496 914 τοῦ
1517 870 1598 914 oui-
1612 883 1655 916 10

164 957 308 994 ματος.
364 939 449 983 εἶτα
474 947 558 989 τοῖς
575 942 712 993 μίμοις
730 940 782 982 τὰ
804 942 843 989 ἒς
862 941 908 982 τὸ
932 940 1110 994 θέατρον
1127 938 1259 980 πάντα
1279 938 1415 991 ὡμίλει
1435 941 1500 980 καὶ
1518 943 1600 982 τῶν

164 1007 346 1050 ἐνταῦθα
365 1006 690 1062 ἐπιτηδευμάτων
714 1015 887 1062 μετεῖχεν
909 1007 1068 1058 αὐτοῖς,
1106 1011 1385 1061 γελωτοποιοῖς
1410 1022 1489 1048 τισι
1512 1011 1601 1059 βω-

164 1077 372 1130 μολοχίαις
406 1073 677 1130 ὑπηρετοῦσα.
749 1071 798 1127 ἦν
828 1075 903 1129 γὰρ
931 1075 1069 1116 ἀστεία
1097 1071 1370 1129 διαφερόντως
1398 1075 1464 1115 καὶ
1493 1070 1601 1115 σκώ-

47 1150 76 1183 Α
99 1148 145 1183 42
166 1160 312 1198 πτρια,
350 1139 604 1194 ἀπόβλεπτός
625 1159 667 1183 τε
687 1142 729 1182 ἐκ
751 1146 824 1183 τοῦ
845 1142 960 1195 ἔργου
982 1141 1105 1189 εὐθὺς
1125 1139 1300 1195 ἐγεγόνει.
1371 1140 1418 1182 οὗ
1438 1139 1516 1195 γάρ
1538 1157 1602 1182 τι-

109 1215 139 1249 C
162 1227 230 1258 νος
250 1211 391 1257 αἲδοῦς
409 1213 459 1265 τῇ
481 1206 689 1264 ἀνθρώπῳ
707 1213 831 1261 μετῆν
853 1207 878 1262 ἢ
899 1206 1184 1262 διατραπεΐσάν
1204 1224 1265 1256 τις
1285 1205 1411 1260 αὐτὴν
1438 1206 1598 1250 πώποτε
1612 1217 1655 1252 15

161 1276 286 1328 εἶδεν,
318 1275 414 1317 ἀλλ’
449 1277 489 1324 ἔς
519 1273 809 1328 ἀναισχύντους
840 1274 1062 1329 ὑπουργίας
1085 1274 1252 1332 οὐδεμιᾷ
1275 1272 1430 1328 ὀκνήσει
1448 1272 1599 1328 ἐχώρει,

160 1346 228 1386 καὶ
256 1340 424 1397 τοιαύτη
455 1359 516 1391 τις
546 1338 596 1396 ἦν
626 1344 690 1383 οἵα
717 1342 959 1398 ῥαπιζομένη
980 1342 1053 1394 μέν
1076 1359 1118 1383 τε
1141 1343 1206 1383 καὶ
1224 1340 1328 1382 κατὰ
1349 1339 1497 1395 κόρρης
1520 1358 1669 1382 πα--ψ,μ

158 1410 388 1464 τασσομὲνη
413 1410 668 1464 χαριεντίζειν
694 1427 736 1452 τε
766 1411 832 1450 καὶ
861 1409 1027 1463 με’γιστα
1054 1407 1358 1463 ἀνακαγχάζων,
1392 1408 1604 1450 ἀποδυσα-

159 1479 260 1532 μὲνη
282 1495 323 1519 τε.
346 1475 397 1519 τά
421 1494 463 1518 τε
483 1474 624 1531 πρόσω
649 1476 783 1518 καὶτὰ
805 1476 933 1518 ὀπίσω
951 1482 1036 1524 τοῖς
1058 1475 1339 1529 ἐντυγχάνουσι
1365 1475 1494 1530 γυμνὰ
1516 1475 1603 1516 ἐπι-

160 1548 311 1596 δεῖξαι,
348 1543 374 1586 ἃ
402 1550 486 1592 τοῖς
509 1541 682 1599 ἀνδράσι
702 1543 821 1597 θέμις
847 1540 978 1596 ἄδηλά
1001 1560 1042 1584 τε
1063 1545 1128 1584 καὶ
1149 1542 1284 1597 ἀφανῆ
1307 1540 1416 1584 εἶναι.
1488 1542 1529 1590 ἔς
1558 1542 1659 1587 δέἓο

159 1612 256 1661 τοὺς
278 1611 453 1668 ἐραστὰς
472 1608 657 1664 ἐχλεύαζέ
679 1627 722 1653 τε
749 1608 1006 1664 βλακεύουσα
1041 1612 1107 1651 καὶ
1135 1610 1343 1666 νεωτέραις
1362 1609 1422 1651 ἀεὶ
1437 1613 1518 1652 τῶν
1534 1610 1605 1663 μί-

254 1721 287 1755 1.
321 1718 513 1763 μισητίαν]
545 1717 733 1762 μισητείαν
764 1716 856 1752 Med.
903 1714 1059 1760 μισητὴν
1095 1717 1172 1750 Vat.
1308 1715 1342 1751 4.
1374 1716 1604 1761 μαστροπείᾳ)

253 1764 359 1798 Alem.
395 1764 644 1809 apographum:
676 1763 808 1806 reliqua
838 1765 1072 1809 μαστροπείᾳ.
1209 1762 1241 1795 8.
1276 1758 1387 1805 οὐδὲ]
1420 1759 1503 1796 οὔτε
1535 1764 1605 1798 ΑΡ.

255 1810 310 1842 10.
332 1808 451 1852 μόνον
475 1808 534 1852 ἐκ]
558 1806 675 1852 μόνον
697 1807 764 1842 οὐκ
787 1806 826 1842 ἐκ
852 1809 967 1842 Reisk.
1092 1808 1146 1842 17-
1170 1805 1234 1847 μέν
1256 1809 1315 1850 τε]
1339 1803 1463 1847 ἱμάντι
1486 1807 1603 1840 Reisk.

255 1856 311 1888 18.
343 1853 602 1898 ἀποδυσαμένη
626 1873 671 1879 -
693 1852 760 1894 τοὶς
781 1854 894 1896 μίξεις
915 1853 1135 1895 ποιοῦνται]
1162 1852 1258 1885 Haec
1282 1863 1324 1884 ex
1350 1853 1429 1885 Vat.
1452 1856 1488 1885 et
1511 1852 1603 1886 Med.

255 1903 491 1933 accesserunt:
538 1911 600 1935 om.
641 1900 711 1932 AP.
869 1900 925 1932 21.
967 1896 1130 1944 ἐχλεύαζέ
1170 1897 1233 1941 τε]
1279 1893 1481 1941 ἐχλευάζετο
1521 1897 1603 1931 vat.

253 1945 339 1978 ibid.
365 1945 578 1989 νεωτέραις]
598 1943 788 1989 νεωτέροις
807 1944 910 1977 MSS.

140 2029 143 2033 ’
163 2033 291 2075 venire,
314 2033 449 2079 perdito
467 2034 685 2067 masculorum
709 2045 799 2067 more
823 2044 860 2066 se
882 2032 1052 2066 vilissimis
1075 2031 1183 2065 servis
1206 2030 1395 2076 prostituit,
1419 2030 1477 2074 qui
1494 2029 1604 2063 (lomi-

165 2091 225 2113 nos
247 2079 281 2112 in
305 2081 472 2113 theatrum
489 2080 594 2112 secuti
611 2079 812 2122 tempestive
828 2078 1003 2111 fortuitum
1019 2077 1102 2109 illud
1119 2078 1230 2110 scelus
1245 2076 1344 2109 otiosi
1361 2076 1604 2109 nanciscebar·-

165 2131 232 2165 tur,
255 2123 381 2168 diuque
403 2124 438 2157 in
462 2124 615 2168 lupanari
638 2125 724 2156 hanc
746 2129 890 2156 naturae
913 2122 1053 2155 invisam
1077 2122 1130 2154 sui
1154 2120 1306 2165 corporis
1329 2127 1434 2154 artem
1450 2120 1604 2153 obtrivit.

163 2170 212 2202 Ut
235 2169 374 2212 primum
398 2180 481 2202 vero
505 2170 549 2201 ad
573 2170 697 2202 aetatis
720 2168 836 2201 florem
861 2172 898 2201 et
914 2167 1139 2200 maturitatem
1158 2165 1324 2210 pervenit,
1359 2176 1480 2199 scenae
1495 2165 1604 2198 desti-

161 2217 263 2246 natur
280 2225 299 2246 a
322 2218 442 2254 matre,
469 2213 651 2257 statimque
670 2214 759 2246 inter
780 2213 984 2257 prostibulas
1001 2213 1156 2251 habetur,
1180 2221 1262 2254 quas
1284 2214 1418 2243 veteres
1439 2213 1604 2244 vocarunt

161 2258 369 2304 planipedes.
418 2259 541 2302 Neque
559 2260 644 2291 enim
659 2258 799 2291 tibicina
814 2258 880 2291 fuit
891 2282 901 2296 ,
925 2257 979 2289 vel
995 2256 1183 2296 cantatrix,
1206 2260 1265 2289 aut
1277 2257 1473 2288 orchestrae
1486 2255 1606 2287 habuit

160 2314 268 2343 usum,
292 2304 351 2336 sed
367 2303 417 2336 uti
433 2303 573 2348 quisque
591 2303 707 2336 obvius
724 2302 802 2343 fuit,
826 2302 954 2347 copiam
970 2302 1018 2334 illi
1034 2301 1117 2335 fecit
1133 2312 1212 2334 suae
1229 2299 1506 2344 pulchritudinis,
1529 2304 1603 2332 toto

163 2349 262 2393 plane
288 2359 444 2392 corpore.
491 2348 623 2382 Deinde
645 2348 750 2382 mimis
772 2347 806 2380 in
829 2349 964 2381 theatro
989 2346 1032 2380 ad
1055 2346 1165 2380 omnia
1178 2356 1215 2378 se
1234 2345 1389 2389 praebuit
1406 2344 1602 2385 ministram,

161 2393 352 2437 sociamque
391 2393 577 2426 studiorum
621 2398 658 2426 et
702 2392 919 2426 ridicularum
962 2391 1180 2436 quarumdam
1212 2390 1400 2424 fabularum
1432 2389 1604 2422 actricem.

163 2438 251 2472 Nam
275 2443 349 2471 erat
372 2438 525 2482 apprime
549 2450 623 2472 cum
647 2437 828 2471 dicacitate
851 2438 983 2476 faceta3
1020 2436 1231 2480 quamobrem
1263 2434 1376 2468 statim
1402 2433 1543 2467 omnium
1566 2433 1603 2467 in

161 2492 200 2516 se
227 2483 397 2516 convertit
430 2484 563 2523 oculos,
592 2482 793 2527 praesertim
824 2493 898 2516 cum
930 2481 1011 2514 nihil
1033 2481 1067 2514 in
1090 2492 1131 2515 ea
1154 2480 1396 2519 verecundum,
1434 2478 1516 2511 nihil
1540 2478 1606 2511 ali-

162 2528 296 2572 quando
320 2528 449 2572 pudens
471 2533 677 2572 appareret,
708 2527 770 2560 sed
794 2526 828 2560 in
851 2527 1002 2571 quemvis
1030 2524 1230 2569 impudicum
1254 2535 1374 2558 morem
1397 2523 1499 2556 facile
1521 2533 1606 2567 pro-

162 2573 346 2606 laberetur.
393 2573 452 2605 Sic
476 2579 586 2607 autem
611 2578 685 2606 erat
708 2578 922 2616 comparata,
945 2576 983 2604 ut
1005 2570 1152 2604 inflictas
1177 2569 1291 2613 alapas
1313 2569 1519 2602 tumentibus
1540 2579 1605 2611 ge-

163 2618 217 2651 nis
249 2617 424 2662 excipiens
457 2617 571 2662 lepide
611 2621 828 2662 quereretur,
870 2628 911 2649 ac
943 2620 1014 2649 tum
1049 2617 1124 2649 fuse
1154 2614 1333 2647 cachinnos
1369 2613 1527 2653 tolleret,
1567 2615 1605 2646 et

165 2662 255 2696 nuda
280 2673 551 2707 quoquoversum
574 2662 760 2707 spectanda
783 2662 974 2705 praeberet,
998 2671 1085 2704 quae
1107 2659 1254 2692 maribus
1276 2659 1420 2692 obscura
1441 2662 1604 2701 tectaque

166 2708 241 2741 vult
271 2719 348 2741 esse
381 2707 502 2752 pudor.
549 2707 737 2741 Amicorum
761 2707 888 2740 animos
910 2706 1106 2739 facetiarum
1140 2703 1307 2738 illecebris
1336 2707 1371 2736 et
1401 2702 1621 2746 excogitatis

166 2752 334 2787 lasciviae
353 2753 482 2788 artibus
502 2752 695 2787 demolliens
718 2756 884 2798 perpetuo
908 2750 1060 2785 irretitos
1085 2748 1210 2783 habuit.
1246 2748 1369 2793 Neque
1391 2748 1478 2782 enim
1501 2758 1603 2793 prae-
