1754 3132
569 173 839 217 ALEMANNI
869 174 1216 218 DISSERTATIO.
1546 193 1630 222 x1x

158 285 207 332 τὰ
245 285 432 343 μοχθηρὰ
466 283 750 343 ἀπεκρύψατο,
802 284 903 331 ἀλλὰ
939 287 990 332 τοὶ
1024 293 1126 333 πᾶσι
1161 288 1450 344 ξυνενεχθέντα
1490 291 1635 335 ἕκαστα

158 352 550 412 ἀκριβολογούμενος
587 355 869 414 ξυνεγράψατο
908 358 984 400 εἴτε
1030 354 1103 410 εὖ,
1149 359 1226 400 εἴτε
1264 357 1363 417 ἄλλῃ
1403 376 1461 417 πῃ
1496 357 1633 411 αὐτοῖς

157 424 372 478 εἴργασται.
428 426 551 465 Ratus
584 427 700 466 decere
734 427 903 466 Oratores
934 427 1072 479 quidem
1095 429 1349 481 eloquentiam,
1391 428 1520 468 Poetae
1545 443 1630 472 vero

148 492 324 545 fabulas,
351 498 386 532 et
419 493 621 534 Historicos
648 498 846 535 veritatem.
914 495 1144 539 Quamobrem
1165 510 1208 535 ne
1240 498 1528 536 amicissimorum
1549 501 1632 550 qui-

155 561 232 601 dem
267 566 415 611 peccata
453 563 667 613 occultavit,
709 563 770 602 sed
793 576 885 615 quae
918 566 1047 615 cuique
1083 565 1298 604 accidissent
1313 594 1326 612 ‚
1354 567 1427 604 sive
1465 567 1534 605 illa
1565 579 1632 616 pro

155 630 358 680 dignitate,
397 632 470 669 sive
493 644 592 670 secus
623 631 669 670 ab
691 633 740 670 iis
758 635 910 682 patrata
940 631 1105 682 suerint,
1154 645 1290 671 summa
1318 633 1510 683 diligentia
1548 647 1633 672 con-

153 700 310 749 scripsit.
366 696 460 737 Eam
479 695 664 737 licentiam
682 696 744 738 vel
762 696 935 752 Procopii
964 697 1147 740 autoritati
1176 698 1212 739 in
1232 699 1370 740 Senatu
1390 699 1630 748 clarissimae,

154 764 216 806 vel
237 763 390 820 ingenio
419 763 498 805 eius
530 764 640 819 plane
673 763 854 806 Censorio
884 779 1098 806 concessam
1126 764 1238 806 fuisse
1266 781 1347 807 cum
1377 781 1426 807 ex
1456 767 1564 808 editis
1584 767 1632 807 ab

153 845 203 873 eo
231 831 358 881 libris,
394 831 615 888 publicoque
644 839 728 873 tune
757 832 920 888 receptis
947 832 1126 888 applausu
1152 832 1284 888 liquet;
1318 840 1391 873 tum
1419 834 1503 889 quia
1530 835 1631 875 Iusti-

151 900 253 941 niani
286 914 408 942 rerum
438 899 649 954 Scriptores
675 900 862 956 Agathias
895 897 1177 956 MyrrhInaens,
1215 907 1252 940 et
1284 899 1441 941 Ioannes
1466 901 1632 956 Epipha-

151 967 290 1009 niensis
332 981 419 1008 suos
453 966 745 1007 Commentarios
780 967 829 1007 ad
870 967 1082 1008 Mauritium
1117 981 1231 1023 usque
1267 967 1530 1023 Imperatorem
1546 1001 1556 1017 ,
1596 975 1633 1008 ut

150 1035 336 1094 Evagrius
356 1043 412 1076 est
438 1041 562 1082 autor,
598 1034 844 1075 occuluerunt.
905 1034 1133 1091 Quamquam
1154 1034 1207 1075 illi
1236 1033 1268 1075 si
1293 1035 1380 1091 quid
1408 1034 1446 1075 in
1465 1034 1630 1076 Iustinia-

81 1130 85 1133 -
149 1117 235 1146 num
254 1102 496 1159 scripserunt,
533 1101 571 1142 id
590 1116 700 1157 quam
718 1100 1016 1151 modestissime,
1049 1102 1331 1158 cautissimeque
1362 1102 1552 1151 fecerunt,
1585 1117 1631 1143 ac

149 1170 189 1213 in
206 1171 369 1227 reliquos
387 1169 537 1226 Imperii
564 1169 719 1211 Romani
750 1183 948 1225 proceres,
981 1185 1088 1225 quam
1117 1185 1185 1225 pro
1219 1170 1364 1214 illorum
1394 1169 1631 1225 improbitate

149 1253 290 1281 morum
331 1237 449 1279 levius
486 1245 655 1294 egerunt.
715 1237 766 1279 At
803 1236 1007 1292 Procopius
1042 1237 1232 1279 liberrime
1266 1238 1414 1279 Ioannis
1445 1238 1631 1279 Praefecti

149 1306 342 1348 Praetorio
372 1305 597 1360 impietatem
624 1304 821 1360 obiurgat;
853 1304 1073 1346 Triboniani
1105 1305 1325 1355 Quaestoris
1353 1305 1545 1346 avaritiam
1573 1309 1629 1346 ar*

150 1374 249 1432 guin
283 1373 451 1415 Arethae
470 1373 572 1413 ducis
595 1371 785 1428 ingenim
803 1370 995 1412 subdolum
1015 1379 1052 1412 ct
1080 1370 1228 1411 infidum
1248 1371 1452 1427 vituperat;
1481 1373 1631 1414 militum

148 1442 343 1498 legiones,
378 1439 537 1494 oppida,
579 1447 617 1480 et
636 1439 746 1480 urbes
766 1446 952 1488 numerat,
995 1452 1092 1493 quae
1110 1438 1173 1479 vel
1194 1438 1342 1479 omnino
1362 1440 1538 1489 abolitae,
1569 1440 1630 1482 vel

148 1508 314 1551 homibus
333 1507 500 1564 praedae
534 1506 695 1555 suerunt,
732 1505 782 1546 ob
811 1504 1065 1547 foedissimam
1089 1507 1254 1556 Bessae,
1284 1507 1438 1556 Aeacii,
1478 1508 1625 1548 Ioannis
1648 1510 1679 1546 A
1704 1513 1750 1548 10

147 1576 255 1627 Zibi,
290 1583 330 1618 et
363 1573 514 1616 alterius
553 1573 771 1625 Quaestoris
801 1573 1007 1624 exercitus,
1054 1583 1163 1630 atque
1192 1573 1404 1616 Forficulae
1447 1576 1629 1630 pecuniae

147 1644 402 1700 cupiditatem
438 1642 532 1686 Veri
549 1641 800 1684 temulentiam
821 1650 988 1690 accusat;
1029 1641 1159 1698 Sergii
1190 1641 1320 1683 fastum
1348 1657 1393 1684 ae
1412 1642 1623 1694 mollitiem3
1650 1648 1684 1683 V
1703 1651 1754 1686 27:

146 1711 340 1754 Maximini
368 1710 576 1769 ignaviam,
615 1709 825 1765 nullamque
863 1708 922 1751 rei
954 1708 1120 1752 militaris
1159 1708 1340 1764 peritiam.
1399 1710 1627 1752 Artabanem

146 1779 425 1828 coniurationis,
463 1779 644 1821 Arsacem
664 1781 884 1836 proditionis
904 1780 1078 1829 crimine,
1109 1779 1179 1820 etsi
1203 1777 1418 1831 lastinianus
1439 1778 1488 1819 ob
1510 1793 1628 1835 gene-

145 1848 198 1892 ris
217 1846 421 1890 claritatem
449 1846 671 1897 absolverit;
708 1848 909 1904 Procopius
945 1857 1066 1890 tamen
1106 1846 1225 1889 neutri
1263 1846 1459 1887 etiamnum
1498 1861 1626 1902 super-

145 1915 221 1958 stiti
254 1924 432 1957 aeternae
462 1929 622 1970 poenam
652 1915 825 1958 infamiae
855 1916 1088 1958 condonavit.
1149 1915 1248 1966 Quid
1283 1914 1330 1955 de
1355 1913 1539 1955 Belisario
1571 1915 1625 1956 di-

146 2000 249 2035 cam,
280 1984 329 2025 ad
360 1983 460 2025 cuius
480 1982 583 2024 unius
612 1983 742 2025 laudes
770 1992 845 2026 tota
874 1983 1088 2040 respexisse
1114 1982 1270 2024 historia
1297 1981 1471 2023 videtur?
1510 1981 1626 2023 semel

145 2051 308 2095 inItalia
336 2049 521 2108 ignaviter
541 2051 604 2093 ille
624 2066 704 2093 rem
727 2053 867 2109 gessit,
898 2053 995 2094 haec
1024 2066 1094 2093 una
1124 2050 1309 2106 Procopio
1342 2050 1463 2090 libere
1483 2050 1530 2091 de
1559 2050 1625 2091 illo

144 2119 332 2164 scribendi
350 2118 475 2176 ampla
495 2118 559 2161 fuit
579 2119 740 2162 occasio.
768 2117 1029 2176 Βελισσᾶριος
1059 2119 1133 2174 μὲν
1151 2118 1228 2174 τὴν
1249 2119 1314 2162 ἐπὶ
1333 2117 1377 2160 τὸ
1404 2116 1628 2168 Βυζάντιον

146 2187 284 2234 οὐδενὶ
306 2188 445 2245 κόσμῳ
463 2187 543 2246 ᾔει,
569 2191 644 2243 γῆς
665 2187 739 2241 μὲν
762 2193 839 2244 τῆς
865 2186 1025 2230 Ἰταλῶν
1043 2185 1255 2237 πενταετες
1286 2184 1448 2241 οὐδαμῆ
1467 2185 1623 2240 ἐπιβάς,

146 2256 244 2302 οὖδὲ
270 2274 327 2315 πῃ
360 2257 446 2314 ὁδῷ
476 2257 581 2300 ἰέναι.
619 2258 802 2300 ἐνταῦθα
845 2254 1036 2311 ἰσχύσας,
1078 2253 1176 2298 ἄλλα
1220 2259 1334 2314 φυγῇ
1370 2255 1624 2312 κεκρυμμὲνῃ

144 2325 334 2381 ἐχόμενος
356 2322 489 2367 πάντα
510 2329 654 2367 τοῦτον
673 2324 744 2368 τόν
756 2322 907 2380 χρόνον
927 2325 970 2367 ἔκ
993 2340 1036 2367 τε
1052 2321 1305 2379 ὀχυρώματος
1331 2323 1625 2366 ἔπιθαλασσίου

144 2393 255 2444 τινός
274 2394 314 2444 ἐς
345 2392 442 2436 ἄλλο
461 2394 528 2436 ἐπὶ
554 2397 628 2446 τῆς
647 2396 846 2447 παραλίας
876 2391 1067 2448 ὀχύρωμα
1091 2392 1270 2447 διηνεκὲς
1295 2390 1615 2447 ναυτιλλόμενος,
1646 2399 1675 2434 Ρ
1700 2398 1754 2435 XI

144 2462 215 2506 καὶ
233 2459 304 2505 ἀπ’
332 2459 460 2504 αὐτοῦ
487 2459 719 2518 ἀδεέστερον
747 2461 843 2513 τούς
868 2465 1074 2516 πολεμίοις
1100 2460 1289 2515 τετύχηκε
1318 2460 1462 2515 ῥώμην
1485 2476 1524 2502 τε
1554 2458 1625 2502 αὕ-

145 2529 222 2585 miv
255 2527 571 2586 ἀνδραποδίσαι,
620 2531 688 2573 καὶ
724 2529 773 2572 τὰ
819 2531 918 2574 ἅλλα
954 2531 1009 2581 ὥς
1048 2531 1177 2574 εἰπεῖν
1215 2527 1387 2572 ἅπαντα.
1451 2527 1546 2571 Τότε
1579 2527 1624 2570 δὲ

144 2599 216 2641 καὶ
236 2601 440 2655 Περνσίαν
458 2596 591 2650 πόλιν,
619 2597 649 2653 ἢ
675 2596 812 2654 πρώτη
835 2600 879 2642 ἐν
903 2598 1101 2649 Τούσκοις
1125 2595 1228 2642 οὖσα
1250 2597 1454 2653 ἐτύγχανε,
1484 2595 1624 2651 πικρό·

147 2683 246 2709 τατα
274 2667 624 2724 πολιορκουμένην
653 2667 882 2719 κατέλιπεν,
927 2665 1032 2723 ἥπερ
1075 2665 1202 2710 αὐτοῦ
1234 2667 1313 2723 ὁδῷ
1344 2664 1476 2714 ἰόντος
1504 2663 1625 2705 κατά-

147 2750 246 2790 κρας
267 2734 386 2778 ἑάλω.
443 2737 647 2776 Belisarius
680 2738 777 2776 nullo
797 2738 920 2776 decoro
949 2737 1173 2790 Byzantium
1200 2737 1383 2785 discessit,
1417 2747 1494 2772 cum
1516 2736 1624 2785 quin-

148 2817 215 2857 que
233 2808 321 2844 totos
339 2818 448 2846 annos
466 2819 647 2860 nunquam
665 2809 703 2847 in
717 2807 834 2847 Italia
845 2806 968 2859 pedem
983 2808 1101 2859 figere
1117 2806 1288 2860 potuerit,
1310 2815 1419 2855 neque
1440 2804 1542 2841 certis
1561 2803 1625 2841 iti-
