1754 3132
409 691 743 743 NICOLAI
810 690 1220 740 ALEMANNI

82 807 150 878 D
241 807 296 876 E
423 807 479 874 P
566 806 630 874 R
722 804 785 875 O
879 803 930 875 C
1024 803 1087 874 Ο
1178 803 1232 870 Ρ
1324 803 1353 871 Ι
1446 802 1543 888 Ο,

377 943 452 986 ΕΤ
491 942 741 986 ARCANA
779 942 917 984 EIUS
959 941 1250 984 HISTORIA

530 1046 557 1095 Ι
591 1045 639 1096 U
672 1047 717 1094 D
753 1044 779 1093 Ι
815 1045 855 1094 C
890 1044 916 1093 I
951 1044 998 1094 U
1032 1046 1100 1093 M.

82 1269 174 1340 De
196 1293 390 1336 Iustiniano
418 1294 667 1350 Imperatore,
694 1293 812 1350 deque
841 1293 954 1335 rebus
976 1291 1023 1333 ab
1054 1291 1118 1333 illo
1147 1291 1264 1348 gestis
1294 1306 1339 1334 ea
1363 1292 1474 1351 vulgo
1495 1301 1550 1336 est

84 1363 269 1405 hominum
291 1362 435 1417 opinio,
470 1371 506 1404 ut
528 1361 698 1418 quidquid
727 1375 832 1402 secus
867 1360 1046 1407 affirmem,
1079 1375 1185 1415 quam
1207 1361 1253 1400 de
1276 1375 1322 1402 eo
1344 1361 1439 1402 fama
1464 1378 1548 1417 per-

84 1429 245 1478 crebuit,
276 1428 483 1484 suspicione
513 1429 548 1470 id
570 1443 698 1470 carere
717 1428 865 1469 minime
893 1427 1071 1468 videatur.
1130 1428 1255 1478 Quare
1283 1443 1355 1469 non
1385 1430 1548 1485 ambigo,

83 1496 233 1546 multos,
264 1496 325 1552 qui
346 1496 441 1538 hanc
459 1497 653 1538 Historiam
677 1495 805 1537 lecturi
830 1503 921 1543 sunt,
946 1493 1064 1535 statim
1090 1494 1331 1545 dubitaturos,
1359 1511 1442 1537 num
1462 1484 1552 1537 vera

85 1563 148 1605 illa
189 1563 255 1612 sit,
301 1571 362 1606 aut
398 1564 529 1607 saltem
569 1564 616 1606 ab
649 1564 736 1606 odio
775 1562 940 1611 sincera,
986 1570 1024 1603 et
1059 1577 1082 1602 a
1117 1562 1375 1605 malevolentia
1409 1564 1552 1620 penitus

85 1639 245 1688 integra.

198 1711 422 1766 Quamquam
457 1709 553 1752 enim
580 1709 617 1751 in
642 1708 812 1750 confesso
849 1708 894 1749 sit
926 1709 1021 1764 apud
1048 1723 1195 1758 omnes,
1232 1724 1351 1766 neque
1379 1709 1454 1750 ulla
1487 1710 1549 1751 de-

86 1777 187 1819 fendi
209 1778 442 1820 excusatione
461 1786 570 1834 queat
587 1777 772 1819 Iustiniani
796 1776 842 1817 de
863 1776 1010 1817 Christo
1031 1777 1210 1818 sententia
1230 1778 1341 1833 plane
1361 1792 1551 1833 perversa,

87 1854 125 1888 et
158 1846 205 1888 ad
243 1845 437 1903 religionis
476 1846 651 1902 dogmata
685 1845 912 1893 definienda,
956 1844 1307 1900 Ecclesiasticasque
1337 1846 1555 1886 sanciendas

87 1914 198 1971 leges
227 1913 344 1955 effusa
379 1913 543 1962 licentia,
585 1922 621 1954 et
655 1913 693 1953 in
722 1913 908 1954 Romanos
937 1911 1158 1960 Pontifices,
1195 1912 1406 1968 Agapetum
1443 1921 1553 1968 atque

87 1980 287 2039 vigilium,
328 1980 493 2036 aliosque
521 1980 718 2021 Praesules
753 1978 925 2020 saevitia:
964 1979 1035 2019 duo
1063 1987 1184 2019 tamen
1216 1979 1278 2022 illa
1307 1979 1412 2020 huius
1431 1979 1551 2020 Histo-

88 2048 169 2090 riae
189 2063 326 2090 summa
357 2047 477 2104 capita
508 2049 624 2090 nullus
653 2056 793 2089 temere
825 2046 972 2094 credat;
1011 2046 1061 2087 ita
1089 2046 1248 2088 moribus
1278 2047 1552 2102 incompositum

88 2131 172 2159 eum
191 2116 396 2172 Principem
409 2148 419 2164 ‚
461 2115 522 2172 qui
545 2124 722 2157 terrarum
738 2114 868 2156 orbem
887 2113 1122 2154 sanctissimis
1141 2114 1287 2171 legibus
1314 2114 1552 2170 temperavit;

89 2184 211 2240 itaque
240 2182 479 2239 Reipublicae
511 2182 775 2238 perniciosum,
813 2181 873 2237 qui
902 2189 954 2222 tot
984 2181 1116 2231 urbes,
1146 2197 1286 2239 regna,
1331 2181 1550 2237 provincias,

90 2260 198 2308 atque
216 2250 392 2307 regiones
413 2250 573 2306 Imperio
605 2252 769 2294 Romano
791 2249 964 2297 restituit;
999 2258 1148 2291 exteras
1181 2265 1225 2290 ac
1254 2249 1432 2290 barbaras
1459 2264 1551 2306 gen-

89 2328 146 2361 tes
169 2327 228 2360 aut
246 2317 393 2359 omnino
412 2317 568 2368 delevit,
605 2327 665 2360 aut
686 2317 884 2374 repressit,
926 2325 985 2358 aut
1007 2317 1164 2373 denique
1185 2316 1221 2358 in
1252 2318 1467 2358 societatem
1488 2332 1552 2372 po-

90 2386 167 2443 puli
183 2385 338 2430 Romani
361 2385 533 2428 adiunxit.
592 2387 694 2428 Sane
718 2394 801 2443 post
830 2384 1054 2426 Constantini
1074 2394 1238 2440 tempora
1268 2385 1462 2441 Imperium
1482 2385 1555 2426 Ro-

91 2470 233 2496 manum
251 2467 347 2509 pene
365 2467 538 2494 corruens
557 2453 607 2494 ita
626 2454 789 2495 sustinuit
812 2452 1040 2503 lastinianus,
1066 2462 1102 2495 ut
1122 2468 1202 2494 cum
1225 2453 1379 2509 antiquis
1396 2454 1554 2509 Impera-

42 2556 43 2559 η
90 2522 228 2565 toribus
249 2520 379 2564 merito
398 2521 604 2576 comparari
623 2520 750 2578 possit.

202 2599 400 2643 Enimvero
420 2599 548 2641 harum
571 2614 694 2641 rerum
713 2601 863 2642 duarum
882 2599 1056 2656 splendor
1077 2598 1112 2640 in
1131 2598 1326 2641 Iustiniano
1347 2598 1401 2639 sic
1420 2596 1542 2639 enituit

94 2676 132 2710 ut
149 2667 320 2725 quidquid
343 2665 494 2722 culpae,
531 2668 594 2709 vel
616 2667 775 2709 criminis
798 2667 835 2709 in
856 2668 921 2710 illo
956 2667 1042 2716 suit,
1072 2682 1118 2708 ea
1141 2667 1186 2708 sit
1220 2667 1433 2708 occultatum
1453 2664 1558 2705 clari·

1568 692 1601 727 V
1625 693 1691 729 275

1544 2611 1656 2646 ,ΑΞ

94 2744 180 2777 tate.
235 2737 295 2777 De
333 2733 448 2792 partis
480 2734 626 2790 quidem
666 2735 850 2785 victoriis,
879 2735 1112 2791 Imperioque
1145 2736 1310 2777 Romano
1347 2740 1554 2789 propagato
1577 2746 1666 2782 PII

94 2802 185 2845 nihil
209 2801 272 2843 hio
290 2803 416 2845 attinet
436 2802 574 2853 dicere,
613 2817 695 2845 cum
719 2803 801 2846 sola
820 2804 932 2846 modo
960 2803 1100 2858 reliqua
1130 2802 1272 2844 illorum
1299 2800 1474 2842 memoria
1494 2800 1549 2842 sit.
