1800 3126
305 132 401 176 352
754 133 812 176 ΙΝ
843 132 984 178 ΙΠ8Τ.
1015 133 1263 178 ARCANAM

210 242 239 275 A
263 244 285 277 6
520 241 643 280 Curia
664 255 722 279 me
736 240 899 292 duplex,
927 246 965 278 et
984 247 1144 291 uterque
1163 249 1320 281 senatus
1337 242 1503 284 habebat

569 299 747 335 Muneris·
769 302 953 344 exortem,
982 298 1135 333 nomine
1148 300 1394 348 participem.

303 352 536 389 Iustinianus
558 353 701 389 novell.
718 352 784 392 70.
807 352 1002 389 Novimus
1020 353 1120 388 enim
1138 354 1234 402 quia
1252 355 1476 404 antiquitus
1491 361 1574 392 erat
1590 367 1712 406 quae-

303 406 396 443 dam
411 407 684 458 praefecturae
689 407 856 457 figura,
880 420 1000 457 quam
1014 406 1494 455 honorariamvocabant,
1518 409 1712 447 codicillis

189 461 219 495 P
240 463 284 497 93
303 462 352 499 ab
371 464 532 512 imperio
550 476 667 512 super
686 475 731 498 ea
759 475 800 498 re
820 463 993 511 collati⁸3
1023 461 1129 499 hanc
1144 469 1276 499 autem
1293 465 1352 500 sic
1369 464 1636 515 appellabant,
1665 471 1712 501 ut

296 517 403 554 nillil
416 516 536 553 aliud
549 519 788 567 nisipuram
804 517 987 554 honorem
1002 518 1053 553 iia
1071 517 1216 568 quibus
1223 517 1495 568 praebebatur,
1511 521 1711 569 conferret.

295 574 347 609 Hi
367 573 601 610 vocabantur
624 570 788 619 ὕπατοι,
817 572 886 610 sed
910 573 1148 623 frequentius
1170 569 1246 612 ἀπὸ
1265 569 1446 620 ὑπάτων,
1475 574 1711 611 exconsuli-

296 627 381 674 bus,
405 629 516 678 quasi
536 640 586 664 ex
608 627 754 675 ordine,
780 635 817 664 et
837 641 997 665 numero
1017 629 1233 665 consulum.
1289 629 1353 664 Ex
1372 626 1432 665 his
1451 637 1530 665 erat
1547 631 1710 666 Ioannes

295 682 532 732 Cappadox,
563 685 631 734 qui
654 683 722 720 ubi
747 681 904 727 demum
933 685 1132 720 consulem
1157 682 1396 720 ordinarium
1419 685 1556 732 gessit,
1585 686 1640 722 sic
1669 686 1712 720 iu

296 736 507 788 epigrapha
536 745 692 775 notatur
721 739 864 775 nov'ell.
895 741 945 778 71
978 745 1014 775 et
1043 741 1108 779 72.
1153 739 1297 776 Ioanni
1326 739 1612 789 gloriosissimo
1638 752 1712 789 per

295 795 479 830 orientem
508 794 648 830 iterum
677 793 895 843 praefecto,
926 794 1144 841 exconauli,
1175 794 1327 830 consuli
1355 791 1558 830 ordinario
1578 800 1612 830 et
1628 806 1713 843 pa-

295 849 420 886 tricio.
476 850 666 898 Evagrius
697 850 764 898 qui
792 849 1091 886 ecclesiasticam
1120 850 1346 899 conscripsit
1374 847 1596 896 historiam,
1633 853 1713 884 erat

297 899 378 942 ἆπδ
395 900 592 954 ὑπάρχων,
620 911 663 940 ut
681 906 763 941 eius
788 905 914 954 operis
931 905 1066 940 titulus
1088 902 1224 951 habet,
1255 902 1359 954 quod
1377 916 1581 954 perperam
1599 904 1714 939 vertit

297 957 687 1008 Christophorsonus,
718 973 760 996 ex
772 961 986 1010 praefecti-s·
1008 958 1219 1008 oriundus‚·
1247 972 1339 995 nam
1355 960 1438 1009 ipse
1459 957 1508 995 de
1526 971 1568 996 se
1588 956 1715 995 histo-

298 1015 356 1049 ria
389 1020 563 1050 extrema
599 1017 654 1050 sic
684 1015 758 1050 ait:
798 1015 1027 1063 Μαυρικίου
1055 1012 1098 1052 δὲ
1130 1015 1306 1066 Τιβερίου
1337 1013 1490 1061 δέλτους
1525 1010 1715 1063 ὑπάρχων

298 1068 527 1115 στείλαντος.
586 1069 815 1105 Mauricius
839 1068 1011 1118 Tzon-ius
1029 1068 1140 1105 nobis
1152 1070 1346 1119 praefecti
1367 1067 1572 1106 codicillos·
1592 1069 1714 1116 misit,
1771 1091 1774 1094 <

297 1122 341 1159 id
376 1130 452 1170 est,
490 1120 756 1160 codicillarem
785 1124 1029 1173 praefectum
1064 1124 1175 1170 fecit,
1214 1137 1331 1175 quem
1364 1125 1496 1162 locum
1525 1124 1714 1174 interpres

299 1179 457 1215 omuino
487 1180 685 1229 pervertit.
741 1177 845 1215 Illud
874 1176 1283 1226 animadvertendum3
1312 1177 1418 1216 hisce
1448 1177 1602 1216 dicendi
1632 1177 1714 1215 for-

298 1235 395 1282 mis,
425 1246 468 1270 ex
483 1235 718 1284 praefectis,
746 1247 789 1271 ex
813 1234 1059 1279 consulibus,
1086 1233 1204 1271 modo
1219 1236 1346 1271 notari
1360 1234 1592 1284 praefectos,
1619 1245 1715 1270 con·

297 1290 478 1340 salesque
501 1289 752 1337 codicillares,
781 1288 898 1326 modo
918 1288 1130 1326 ordinarios
1142 1318 1152 1337 ‚
1182 1292 1250 1340 qui
1269 1288 1501 1326 iamdudum
1517 1290 1566 1326 iis
1582 1287 1716 1338 digni·-

294 1345 439 1382 tatibus
464 1346 641 1382 abierint.
698 1344 744 1382 Id
765 1346 944 1396 colligere
973 1345 1064 1382 licet
1083 1357 1134 1382 ex
1152 1358 1230 1381 una
1256 1346 1324 1382 illa
1343 1346 1510 1382 Narsetis
1533 1341 1715 1381 Eunuchi

294 1400 544 1451 inscriptione
563 1400 613 1438 ad
628 1408 788 1452 pontem
803 1401 1010 1439 Sala-rium.
1066 1403 1245 1439 Ninsns.
1264 1412 1338 1438 vm
1358 1407 1716 1438 cnon1os1ssmus.

292 1467 347 1493 Ex
382 1467 653 1494 rnAm’osrro.
698 1469 816 1495 SACRI
851 1467 1029 1494 PALATII.
1068 1469 1122 1493 tx
1157 1468 1269 1494 cons.
1308 1467 1447 1504 Aerm
1482 1463 1714 1492 rAfrmch.

290 1512 391 1548 Nam
408 1513 543 1562 palatii
565 1511 724 1564 quidem
741 1511 939 1549 Eunuchis
962 1512 1140 1562 praefuit,
1171 1525 1295 1563 eoque
1310 1511 1465 1548 functus
1483 1512 1565 1558 ipse
1585 1507 1712 1544 officio

291 1574 371 1613 est3
413 1569 548 1604 consul
581 1581 672 1605 vero
700 1569 856 1605 nonnisi
885 1566 1116 1604 codicillaris
1140 1567 1236 1614 fuit,
1267 1576 1355 1603 cum
1383 1563 1600 1600 ordinarius
1629 1575 1713 1600 esse

287 1621 375 1670 lege
398 1622 688 1672 prohiberetur3
719 1630 756 1660 et
783 1625 958 1660 omnium
976 1621 1248 1659 eunuchorum>
1263 1620 1435 1668 primum
1450 1625 1713 1668 postremum-

149 1680 179 1713 V
197 1680 265 1714 343
290 1688 365 1726 que
389 1678 590 1713 consulem
612 1679 731 1712 fuisse
754 1680 985 1725 Eutropium
1009 1675 1257 1711 Marcellinus
1277 1675 1437 1711 scribat:
1468 1674 1537 1724 qui
1562 1679 1648 1710 tum
1671 1671 1713 1709 id

287 1732 460 1781 scripsit,
492 1744 580 1767 cum
600 1732 773 1781 primum
792 1731 969 1766 consules
989 1743 1071 1766 esse
1096 1728 1307 1766 desierunt.

396 1788 441 1822 P.
465 1790 529 1833 21,
554 1785 593 1825 4.
650 1787 714 1823 De
741 1786 886 1822 Ioanne
905 1783 1136 1835 Cappadoce
1165 1792 1333 1821 narrata
1361 1782 1480 1835 eunt]
1517 1784 1712 1832 Integram

289 1842 358 1878 bes
380 1840 583 1878 historiam
605 1840 655 1877 ad
681 1842 826 1877 calcem
858 1840 946 1876 libri
971 1842 1086 1890 primi
1119 1839 1166 1876 de
1199 1840 1290 1876 bell.
1314 1841 1422 1876 Pers.
1479 1839 1604 1875 Homo
1636 1838 1713 1874 fuit

290 1898 630 1943 sceleratissimus,
660 1898 872 1933 Iustiniano
895 1896 1008 1931 unice
1035 1908 1163 1942 carus,
1194 1902 1232 1931 et
1253 1896 1427 1932 omnium
1451 1894 1543 1930 licet
1562 1893 1713 1929 littera-

290 1965 378 1988 rum
404 1965 555 2002 expers,
585 1958 717 2001 utpote
735 1954 802 2002 qui
821 1949 925 2002 apud
947 1949 1259 1999 ludimagistrum
1279 1949 1378 1986 nihil
1397 1948 1504 1988 aliud
1523 1946 1711 1995 didicerit,

289 2009 366 2043 nisi
398 2006 602 2059 γράμματα
629 2006 696 2046 καὶ
721 2010 843 2045 ταῦτα
871 2008 1000 2052 κακῶς
1027 2004 1198 2056 γράψαι,
1228 2005 1462 2054 inelegantee
1491 2004 1714 2039 litterarum

292 2064 425 2111 apices·
451 2064 589 2100 vitiose
616 2062 800 2108 scribere,
830 2068 961 2098 tamen
992 2073 1167 2097 summus
1193 2059 1426 2096 iudiciorum
1449 2059 1591 2094 arbiter
1614 2058 1711 2104 fuit3

289 2116 340 2152 ad
361 2130 478 2167 quem
501 2124 636 2154 extant
655 2118 858 2153 Iustiniani
878 2122 1031 2152 centum
1052 2123 1090 2151 et
1107 2116 1272 2165 amplius
1297 2115 1609 2160 constitutiones,
1637 2111 1714 2150 hoc

290 2173 403 2208 titulo
417 2201 426 2219 ,
453 2168 612 2225 Ἰωάννῃ
637 2174 695 2224 τῷ
718 2167 955 2224 ἐνδοξοτάτῳ
979 2166 1128 2223 ἐπάρχῳ
1148 2173 1227 2209 τῶν
1250 2170 1365 2222 ἱερῶν
1385 2171 1454 2219 τῆς
1477 2167 1526 2208 ἕω
1544 2182 1714 2220 πραιτω-

290 2228 406 2278 ρίων,
435 2224 479 2265 τό
509 2225 691 2278 δεύτερον
711 2223 787 2265 ἀπὸ
810 2223 973 2264 ὑπάτων
993 2224 1060 2264 καὶ
1084 2225 1287 2279 πατρικίῳ.
1347 2223 1487 2262 Ioanni
1504 2224 1714 2274 gloriosis..

287 2284 387 2318 aimo
415 2295 621 2318 sacrorum
640 2295 712 2331 per
734 2283 915 2318 orientem
934 2282 1220 2330 praetoriorum
1237 2281 1459 2330 praefecto,
1486 2281 1624 2316 iterum
1647 2291 1714 2315 ex-

287 2337 464 2384 consuli,
506 2344 541 2374 et
566 2338 754 2386 patricio.
812 2335 941 2372 Editio
968 2335 1279 2385 Schrimgeriana
1304 2337 1359 2373 sic
1391 2332 1711 2384 interpungenda,

287 2400 326 2429 et
354 2394 542 2442 interpres
573 2390 839 2428 emendandus
867 2398 943 2438 est3
971 2405 1043 2441 per
1062 2393 1244 2428 orientem
1256 2392 1548 2441 praetoriorum
1570 2390 1712 2425 iterum

278 2449 493 2498 praefecto,
518 2448 730 2493 exconsuli,
755 2455 789 2482 et
804 2448 997 2496 palrici03
1027 2459 1119 2482 nam
1138 2445 1333 2496 quomodo
1355 2447 1495 2482 iterum
1512 2443 1709 2490 exconsul,

287 2504 355 2553 qui
383 2502 504 2539 semel
534 2509 684 2538 tantum
716 2503 851 2538 consul
876 2499 980 2538 fuit?
1012 2508 1142 2538 contra
1171 2514 1262 2538 vero
1290 2501 1571 2551 praefecturam
1594 2511 1710 2549 prae-

284 2559 375 2594 torii
397 2558 456 2594 bis
481 2559 619 2606 gessit3
653 2558 775 2593 semel
799 2563 886 2592 ante
913 2558 1201 2592 victoriatorum
1228 2558 1436 2593 excitatam
1464 2553 1708 2601 seditionem,

286 2620 403 2663 atque
431 2614 569 2649 iterum
595 2612 640 2647 ab
667 2625 766 2647 anno
794 2613 997 2648 Iustiniani
1022 2612 1211 2660 septimo,
1243 2618 1281 2647 et
1310 2610 1511 2659 deinceps,
1541 2615 1583 2646 ut
1606 2609 1707 2645 infra

287 2667 337 2704 ad
374 2680 464 2718 pag.
493 2669 546 2708 92
587 2669 627 2703 in
668 2667 809 2703 tabella
851 2667 1134 2716 praefectortun
1170 2667 1361 2715 praetorio
1398 2664 1706 2715 repraesentabo.

286 2723 437 2760 Deinde
465 2721 703 2760 codicillares
736 2723 932 2770 consules,
972 2721 1096 2772 qualis
1122 2727 1208 2758 tum
1247 2728 1328 2759 erat
1356 2723 1544 2768 Ioannes,
1578 2730 1706 2770 neque
