1754 3132
224 204 323 233 xxx
659 189 905 231 ALEMANN
906 189 922 231 1
958 188 1246 233 PRAEFATIO.

225 298 401 341 divisione
423 298 610 347 Gotthica;
644 314 737 355 quae
756 300 910 355 scripta,
939 298 1038 340 bella
1057 299 1104 339 ab
1124 298 1205 352 ipso
1221 298 1414 340 Iustiniano
1435 307 1472 340 et
1490 297 1673 340 Belisario

224 367 261 407 in
279 367 369 408 orbe
389 367 550 408 Romano
572 366 727 407 feliciter
748 373 855 422 gesta
877 365 1169 420 complectuntur.
1226 365 1391 407 Tertium
1418 365 1598 406 Aedificia
1619 365 1673 405 in·

223 433 386 487 scripsit,
427 431 619 487 magnifice
647 432 838 472 admodum
856 445 1158 478 commemoranS,
1192 445 1286 485 quae
1314 445 1430 486 opera
1454 430 1665 471 lastinianus

223 497 479 539 construxerit:
508 499 643 553 templa
673 498 830 545 scilicet,
865 497 1003 552 regias,
1038 497 1173 551 oppida
1199 504 1236 536 et
1265 497 1392 546 urbes,
1425 503 1580 550 pontes,
1613 503 1663 536 at-

223 578 293 620 que
311 563 384 603 alia
402 563 449 602 ad
468 563 645 617 publicum
665 578 764 604 usum
791 561 1001 617 spectantia.
1060 561 1233 611 Quartum
1263 576 1352 615 opus
1379 562 1586 602 retractatio
1611 569 1667 601 est

223 629 443 678 orationum,
479 644 565 683 quas
585 630 680 684 apud
702 628 929 669 lastinianum
950 627 1113 668 laudibus
1135 642 1214 668 eum
1233 628 1371 668 vehens
1389 627 1530 668 hahuit:
1565 625 1667 682 quasi

224 695 401 750 quaedam
418 695 622 750 palinodia,
655 709 721 736 seu
739 693 936 735 recantatio
956 693 1071 734 minus
1099 701 1200 734 recte
1218 693 1264 733 ab
1287 707 1332 734 eo
1355 692 1538 734 dictorum.

355 817 508 856 Petrus
539 817 701 870 Gyllius
730 817 798 856 lib.
822 814 859 856 1.
889 815 942 855 de
967 814 1155 868 Bosporo
1186 814 1361 866 Thracio
1388 827 1476 868 cap.
1503 813 1542 854 1.

337 902 534 958 Procopius
566 903 762 944 restrictius
795 903 994 956 Bosporum
1025 901 1219 954 praefinire
1254 902 1395 942 videtur
1424 900 1461 940 in
1494 899 1589 940 libro
1616 899 1668 939 in·

227 967 359 1022 scripto
381 970 471 1023 περὶ
490 974 568 1011 τῶν
589 967 835 1019 &vendex-mv,-
870 980 975 1022 quem
1001 966 1142 1020 scripsit
1171 975 1294 1008 contra
1314 965 1553 1014 lastinianum,
1585 979 1669 1006 oon-

228 1041 353 1088 traque
373 1035 449 1076 eius
468 1050 618 1078 uxorem
637 1035 883 1077 Theodoram.
912 1030 999 1074 vide
1019 1039 1055 1072 et
1079 1031 1142 1073 lib.
1164 1039 1202 1078 3.
1223 1048 1302 1088 cap.
1326 1033 1364 1075 4.
