<?xml version="1.0" encoding="UTF-8"?>
<!DOCTYPE html PUBLIC "-//W3C//DTD XHTML 1.0 Transitional//EN"
    "http://www.w3.org/TR/xhtml1/DTD/xhtml1-transitional.dtd">
<html xmlns="http://www.w3.org/1999/xhtml" xml:lang="en" lang="en">
 <head>
  <title>
</title>
<meta http-equiv="Content-Type" content="text/html;charset=utf-8" />
  <meta name='ocr-system' content='tesseract 3.04.00' />
  <meta name='ocr-capabilities' content='ocr_page ocr_carea ocr_par ocr_line ocrx_word'/>
</head>
<body>
  <div class='ocr_page' id='page_1' title='image "./corpusscriptorum45niebuoft_0210.png"; bbox 0 0 1858 3126; ppageno 0'>
   <div class='ocr_carea' id='block_1_1' title="bbox 261 156 1108 202">
    <p class='ocr_par' dir='ltr' id='par_1_1' title="bbox 261 156 1108 202">
     <span class='ocr_line' id='line_1_1' title="bbox 261 156 1108 202; baseline -0.001 0"><span class='ocrx_word' id='word_1_1' title='bbox 261 157 285 202; x_wconf 88' lang='lat'>1</span> <span class='ocrx_word' id='word_1_2' title='bbox 293 156 355 202; x_wconf 90' lang='grc'><strong>70</strong></span> <span class='ocrx_word' id='word_1_3' title='bbox 847 157 1108 202; x_wconf 90' lang='lat' dir='ltr'>PROCOPII</span> 
     </span>
    </p>
   </div>
   <div class='ocr_carea' id='block_1_2' title="bbox 113 467 1796 1866">
    <p class='ocr_par' dir='ltr' id='par_1_2' title="bbox 113 467 1796 1866">
     <span class='ocr_line' id='line_1_2' title="bbox 113 467 1679 526; baseline 0.002 -17"><span class='ocrx_word' id='word_1_4' title='bbox 113 475 147 509; x_wconf 80' lang='lat' dir='ltr'>V</span> <span class='ocrx_word' id='word_1_5' title='bbox 170 477 237 512; x_wconf 87' lang='grc'><strong>393</strong></span> <span class='ocrx_word' id='word_1_6' title='bbox 328 469 376 511; x_wconf 82' lang='grc' dir='ltr'><strong>ὐκ</strong></span> <span class='ocrx_word' id='word_1_7' title='bbox 417 468 559 526; x_wconf 78' lang='grc' dir='ltr'><strong><em>ἀρετῆς</em></strong></span> <span class='ocrx_word' id='word_1_8' title='bbox 598 469 778 519; x_wconf 79' lang='grc' dir='ltr'><strong><em>ἐπίδειξιν</em></strong></span> <span class='ocrx_word' id='word_1_9' title='bbox 806 472 1007 513; x_wconf 72' lang='grc' dir='ltr'><strong><em>ποιεῖσθαι</em></strong></span> <span class='ocrx_word' id='word_1_10' title='bbox 1035 470 1205 520; x_wconf 74' lang='grc' dir='ltr'><strong><em>ε’θέλων,</em></strong></span> <span class='ocrx_word' id='word_1_11' title='bbox 1250 469 1342 511; x_wconf 80' lang='grc' dir='ltr'><strong>οῧὸἒ</strong></span> <span class='ocrx_word' id='word_1_12' title='bbox 1368 467 1485 524; x_wconf 85' lang='grc' dir='ltr'><strong><em>λόγου</em></strong></span> <span class='ocrx_word' id='word_1_13' title='bbox 1515 469 1679 523; x_wconf 77' lang='grc' dir='ltr'>δυνάμει</span> 
     </span>
     <span class='ocr_line' id='line_1_3' title="bbox 169 532 1679 596; baseline 0 -17"><span class='ocrx_word' id='word_1_14' title='bbox 169 545 197 579; x_wconf 85' lang='grc' dir='ltr'><strong>Ρ</strong></span> <span class='ocrx_word' id='word_1_15' title='bbox 215 545 239 579; x_wconf 80' lang='grc'><strong>2</strong></span> <span class='ocrx_word' id='word_1_16' title='bbox 260 532 449 592; x_wconf 66' lang='grc' dir='ltr'><strong><em>θαρρῶν,</em></strong></span> <span class='ocrx_word' id='word_1_17' title='bbox 484 538 575 579; x_wconf 76' lang='grc' dir='ltr'><strong>οὐδὲ</strong></span> <span class='ocrx_word' id='word_1_18' title='bbox 591 538 749 592; x_wconf 78' lang='grc' dir='ltr'><strong><em>χωρίων</em></strong></span> <span class='ocrx_word' id='word_1_19' title='bbox 772 538 834 579; x_wconf 78' lang='grc' dir='ltr'><strong><em>ε’πὶ</em></strong></span> <span class='ocrx_word' id='word_1_20' title='bbox 855 543 903 594; x_wconf 84' lang='grc' dir='ltr'><strong><em>τῇ</em></strong></span> <span class='ocrx_word' id='word_1_21' title='bbox 922 539 1100 596; x_wconf 70' lang='grc' dir='ltr'><strong><em>ἐμπειρίᾳ,</em></strong></span> <span class='ocrx_word' id='word_1_22' title='bbox 1122 536 1470 593; x_wconf 79' lang='grc' dir='ltr'><strong><em>φιλοτιμούμενος,</em></strong></span> <span class='ocrx_word' id='word_1_23' title='bbox 1504 538 1544 586; x_wconf 70' lang='grc' dir='ltr'><strong>ἐς</strong></span> <span class='ocrx_word' id='word_1_24' title='bbox 1559 539 1679 591; x_wconf 79' lang='grc' dir='ltr'><strong><em>τῆσδε</em></strong></span> 
     </span>
     <span class='ocr_line' id='line_1_4' title="bbox 256 598 1678 660; baseline 0.001 -16"><span class='ocrx_word' id='word_1_25' title='bbox 256 606 328 656; x_wconf 82' lang='grc' dir='ltr'><strong><em>τῆς</em></strong></span> <span class='ocrx_word' id='word_1_26' title='bbox 361 604 534 659; x_wconf 77' lang='grc' dir='ltr'><strong><em>ἴστοριάς</em></strong></span> <span class='ocrx_word' id='word_1_27' title='bbox 559 604 631 657; x_wconf 83' lang='grc' dir='ltr'><strong>τὴν</strong></span> <span class='ocrx_word' id='word_1_28' title='bbox 659 605 818 660; x_wconf 79' lang='grc' dir='ltr'><strong><em>γραφὴν</em></strong></span> <span class='ocrx_word' id='word_1_29' title='bbox 843 603 1030 660; x_wconf 79' lang='grc' dir='ltr'><strong><em>ὥρμηκα·</em></strong></span> <span class='ocrx_word' id='word_1_30' title='bbox 1061 606 1141 646; x_wconf 73' lang='grc' dir='ltr'><strong><em>ἐπεὶ</em></strong></span> <span class='ocrx_word' id='word_1_31' title='bbox 1173 604 1243 646; x_wconf 81' lang='grc' dir='ltr'><strong>οὖκ</strong></span> <span class='ocrx_word' id='word_1_32' title='bbox 1269 601 1369 657; x_wconf 65' lang='grc' dir='ltr'><strong><em>εἶχον</em></strong></span> <span class='ocrx_word' id='word_1_33' title='bbox 1395 603 1506 644; x_wconf 73' lang='grc' dir='ltr'><strong><em>οὐδὲν</em></strong></span> <span class='ocrx_word' id='word_1_34' title='bbox 1524 601 1602 659; x_wconf 74' lang='grc' dir='ltr'><strong>ὕφ’</strong></span> <span class='ocrx_word' id='word_1_35' title='bbox 1631 598 1678 646; x_wconf 73' lang='grc' dir='ltr'><strong>οὗ</strong></span> 
     </span>
     <span class='ocr_line' id='line_1_5' title="bbox 255 669 1677 728; baseline 0 -17"><span class='ocrx_word' id='word_1_36' title='bbox 255 669 306 711; x_wconf 77' lang='grc' dir='ltr'><strong>ἂν</strong></span> <span class='ocrx_word' id='word_1_37' title='bbox 325 673 549 726; x_wconf 80' lang='grc' dir='ltr'><em>παρρησίας</em></span> <span class='ocrx_word' id='word_1_38' title='bbox 570 672 611 720; x_wconf 75' lang='grc' dir='ltr'><strong>ἐς</strong></span> <span class='ocrx_word' id='word_1_39' title='bbox 631 670 720 713; x_wconf 70' lang='grc' dir='ltr'><strong><em>τόδε</em></strong></span> <span class='ocrx_word' id='word_1_40' title='bbox 740 673 918 728; x_wconf 81' lang='grc' dir='ltr'><strong><em>ἀγοίμην.</em></strong></span> <span class='ocrx_word' id='word_1_41' title='bbox 985 670 1088 713; x_wconf 77' lang='grc' dir='ltr'><strong><em>ἀλλά</em></strong></span> <span class='ocrx_word' id='word_1_42' title='bbox 1117 688 1184 724; x_wconf 89' lang='grc' dir='ltr'><strong>μοι</strong></span> <span class='ocrx_word' id='word_1_43' title='bbox 1206 669 1398 719; x_wconf 83' lang='grc' dir='ltr'><strong><em>πολλάκις</em></strong></span> <span class='ocrx_word' id='word_1_44' title='bbox 1415 669 1542 712; x_wconf 68' lang='grc' dir='ltr'><strong><em>ἔννοια</em></strong></span> <span class='ocrx_word' id='word_1_45' title='bbox 1566 671 1677 726; x_wconf 70' lang='grc' dir='ltr'><strong><em>γε’γο-</em></strong></span> 
     </span>
     <span class='ocr_line' id='line_1_6' title="bbox 255 735 1713 794; baseline 0.002 -16"><span class='ocrx_word' id='word_1_46' title='bbox 255 753 320 779; x_wconf 84' lang='grc' dir='ltr'><strong>νεν</strong></span> <span class='ocrx_word' id='word_1_47' title='bbox 348 736 503 780; x_wconf 78' lang='grc' dir='ltr'><strong><em>ὁπόσων</em></strong></span> <span class='ocrx_word' id='word_1_48' title='bbox 535 755 577 780; x_wconf 86' lang='grc' dir='ltr'><strong><em>τε</em></strong></span> <span class='ocrx_word' id='word_1_49' title='bbox 604 740 670 780; x_wconf 85' lang='grc' dir='ltr'><strong><em>καὶ</em></strong></span> <span class='ocrx_word' id='word_1_50' title='bbox 696 741 869 793; x_wconf 83' lang='grc' dir='ltr'><strong><em>πηλίκων</em></strong></span> <span class='ocrx_word' id='word_1_51' title='bbox 901 739 1066 794; x_wconf 73' lang='grc' dir='ltr'><strong><em>ἀγαθῶν</em></strong></span> <span class='ocrx_word' id='word_1_52' title='bbox 1098 739 1222 780; x_wconf 73' lang='grc' dir='ltr'><strong><em>αἴτιον</em></strong></span> <span class='ocrx_word' id='word_1_53' title='bbox 1251 737 1405 794; x_wconf 82' lang='grc' dir='ltr'><strong>ἱστορία</strong></span> <span class='ocrx_word' id='word_1_54' title='bbox 1431 743 1519 786; x_wconf 79' lang='grc' dir='ltr'><strong><em>ταῖς</em></strong></span> <span class='ocrx_word' id='word_1_55' title='bbox 1543 735 1713 781; x_wconf 87' lang='grc' dir='ltr'><strong><em>πόλεσι5</em></strong></span> 
     </span>
     <span class='ocr_line' id='line_1_7' title="bbox 255 803 1683 863; baseline 0.001 -18"><span class='ocrx_word' id='word_1_56' title='bbox 255 805 437 858; x_wconf 72' lang='grc' dir='ltr'><strong><em>γίνεσθαι</em></strong></span> <span class='ocrx_word' id='word_1_57' title='bbox 465 806 583 847; x_wconf 71' lang='grc' dir='ltr'><strong><em>εἴωθε</em></strong></span> <span class='ocrx_word' id='word_1_58' title='bbox 593 837 606 856; x_wconf 90' lang='grc'><strong><em>,</em></strong></span> <span class='ocrx_word' id='word_1_59' title='bbox 640 805 957 863; x_wconf 78' lang='grc' dir='ltr'><strong><em>παραπέμπουσά</em></strong></span> <span class='ocrx_word' id='word_1_60' title='bbox 982 823 1023 848; x_wconf 87' lang='grc' dir='ltr'><strong><em>τε</em></strong></span> <span class='ocrx_word' id='word_1_61' title='bbox 1046 809 1099 855; x_wconf 77' lang='grc' dir='ltr'><strong>εἷς</strong></span> <span class='ocrx_word' id='word_1_62' title='bbox 1116 806 1209 855; x_wconf 78' lang='grc' dir='ltr'><strong><em>τοὺς</em></strong></span> <span class='ocrx_word' id='word_1_63' title='bbox 1227 803 1427 859; x_wconf 75' lang='grc' dir='ltr'><strong><em>ἐπιγόνους</em></strong></span> <span class='ocrx_word' id='word_1_64' title='bbox 1441 808 1520 846; x_wconf 85' lang='grc' dir='ltr'><strong>τῶν</strong></span> <span class='ocrx_word' id='word_1_65' title='bbox 1538 820 1683 860; x_wconf 80' lang='grc' dir='ltr'><strong><em>προγε-</em></strong></span> 
     </span>
     <span class='ocr_line' id='line_1_8' title="bbox 255 869 1684 929; baseline 0.001 -17"><span class='ocrx_word' id='word_1_66' title='bbox 255 873 475 926; x_wconf 78' lang='grc' dir='ltr'><strong><em>γενημένων</em></strong></span> <span class='ocrx_word' id='word_1_67' title='bbox 499 873 571 926; x_wconf 84' lang='grc' dir='ltr'><strong>τὴν</strong></span> <span class='ocrx_word' id='word_1_68' title='bbox 596 871 768 928; x_wconf 82' lang='grc' dir='ltr'><strong><em>μνήμην,</em></strong></span> <span class='ocrx_word' id='word_1_69' title='bbox 802 876 867 916; x_wconf 88' lang='grc' dir='ltr'><strong><em>καὶ</em></strong></span> <span class='ocrx_word' id='word_1_70' title='bbox 897 874 1229 927; x_wconf 81' lang='grc' dir='ltr'><strong><em>ἇνταγωνιζομένη</em></strong></span> <span class='ocrx_word' id='word_1_71' title='bbox 1263 876 1320 929; x_wconf 77' lang='grc' dir='ltr'><strong><em>τῷ</em></strong></span> <span class='ocrx_word' id='word_1_72' title='bbox 1347 869 1480 928; x_wconf 77' lang='grc' dir='ltr'><strong><em>χρόνῳ</em></strong></span> <span class='ocrx_word' id='word_1_73' title='bbox 1507 879 1684 928; x_wconf 76' lang='grc' dir='ltr'><strong><em>κρυφαῖα</em></strong></span> 
     </span>
     <span class='ocr_line' id='line_1_9' title="bbox 207 938 1684 998; baseline 0.001 -20"><span class='ocrx_word' id='word_1_74' title='bbox 207 944 236 978; x_wconf 86' lang='grc' dir='ltr'><em>Β</em></span> <span class='ocrx_word' id='word_1_75' title='bbox 259 943 461 981; x_wconf 75' lang='grc' dir='ltr'><strong><em>ποιεῖσθαι</em></strong></span> <span class='ocrx_word' id='word_1_76' title='bbox 489 941 762 998; x_wconf 75' lang='grc' dir='ltr'><strong><em>διατεινομένῳ</em></strong></span> <span class='ocrx_word' id='word_1_77' title='bbox 792 942 844 982; x_wconf 80' lang='grc' dir='ltr'><strong><em>τὰ</em></strong></span> <span class='ocrx_word' id='word_1_78' title='bbox 866 939 1101 997; x_wconf 79' lang='grc' dir='ltr'><strong><em>πράγματα,</em></strong></span> <span class='ocrx_word' id='word_1_79' title='bbox 1135 942 1200 982; x_wconf 81' lang='grc' dir='ltr'><strong><em>καὶ</em></strong></span> <span class='ocrx_word' id='word_1_80' title='bbox 1216 940 1288 993; x_wconf 85' lang='grc' dir='ltr'><strong>τὴν</strong></span> <span class='ocrx_word' id='word_1_81' title='bbox 1303 940 1376 993; x_wconf 77' lang='grc' dir='ltr'><strong>μὲν</strong></span> <span class='ocrx_word' id='word_1_82' title='bbox 1395 938 1537 995; x_wconf 72' lang='grc' dir='ltr'><strong><em>ἀρετὴν</em></strong></span> <span class='ocrx_word' id='word_1_83' title='bbox 1559 938 1684 994; x_wconf 66' lang='grc' dir='ltr'><strong><em>εὔφη-</em></strong></span> 
     </span>
     <span class='ocr_line' id='line_1_10' title="bbox 256 1006 1684 1064; baseline -0.001 -17"><span class='ocrx_word' id='word_1_84' title='bbox 256 1008 367 1060; x_wconf 86' lang='grc' dir='ltr'><strong><em>μιάις</em></strong></span> <span class='ocrx_word' id='word_1_85' title='bbox 386 1006 445 1047; x_wconf 84' lang='grc' dir='ltr'><strong>ἀεὶ</strong></span> <span class='ocrx_word' id='word_1_86' title='bbox 466 1011 545 1048; x_wconf 86' lang='grc' dir='ltr'><strong>τῶν</strong></span> <span class='ocrx_word' id='word_1_87' title='bbox 567 1008 859 1063; x_wconf 80' lang='grc' dir='ltr'><strong><em>ἅναλεγομένων</em></strong></span> <span class='ocrx_word' id='word_1_88' title='bbox 878 1008 1001 1062; x_wconf 78' lang='grc' dir='ltr'><strong><em>αὐτὴν</em></strong></span> <span class='ocrx_word' id='word_1_89' title='bbox 1018 1008 1234 1064; x_wconf 70' lang='grc' dir='ltr'><strong><em>ε’παίρουσα</em></strong></span> <span class='ocrx_word' id='word_1_90' title='bbox 1243 1038 1257 1058; x_wconf 92' lang='grc'><strong><em>,</em></strong></span> <span class='ocrx_word' id='word_1_91' title='bbox 1291 1010 1362 1060; x_wconf 81' lang='grc' dir='ltr'><strong><em>τῆς</em></strong></span> <span class='ocrx_word' id='word_1_92' title='bbox 1379 1006 1422 1047; x_wconf 74' lang='grc' dir='ltr'><strong>δὲ</strong></span> <span class='ocrx_word' id='word_1_93' title='bbox 1439 1006 1578 1055; x_wconf 81' lang='grc' dir='ltr'><strong><em>κακίας</em></strong></span> <span class='ocrx_word' id='word_1_94' title='bbox 1599 1006 1684 1046; x_wconf 73' lang='grc' dir='ltr'><strong><em>ἔπι-</em></strong></span> 
     </span>
     <span class='ocr_line' id='line_1_11' title="bbox 255 1070 1796 1132; baseline -0.002 -18"><span class='ocrx_word' id='word_1_95' title='bbox 255 1073 535 1127; x_wconf 77' lang='grc' dir='ltr'><strong><em>λαμβανομένη</em></strong></span> <span class='ocrx_word' id='word_1_96' title='bbox 561 1076 753 1127; x_wconf 74' lang='grc' dir='ltr'><strong><em>διηνεκὲς,</em></strong></span> <span class='ocrx_word' id='word_1_97' title='bbox 786 1074 912 1132; x_wconf 81' lang='grc' dir='ltr'><strong><em>ταύτῃ</em></strong></span> <span class='ocrx_word' id='word_1_98' title='bbox 938 1092 980 1116; x_wconf 83' lang='grc' dir='ltr'><strong><em>τε</em></strong></span> <span class='ocrx_word' id='word_1_99' title='bbox 1011 1074 1307 1131; x_wconf 82' lang='grc' dir='ltr'><strong><em>ἄποκρουομένη</em></strong></span> <span class='ocrx_word' id='word_1_100' title='bbox 1328 1073 1400 1127; x_wconf 86' lang='grc' dir='ltr'><strong>τὴν</strong></span> <span class='ocrx_word' id='word_1_101' title='bbox 1421 1073 1543 1126; x_wconf 78' lang='grc' dir='ltr'><strong><em>αῧτῆς</em></strong></span> <span class='ocrx_word' id='word_1_102' title='bbox 1560 1070 1683 1114; x_wconf 76' lang='grc' dir='ltr'><strong><em>δύνα-</em></strong></span> <span class='ocrx_word' id='word_1_103' title='bbox 1697 1077 1741 1111; x_wconf 81' lang='lat'><strong>10</strong></span> <span class='ocrx_word' id='word_1_104' title='bbox 1794 1096 1796 1099; x_wconf 92' lang='lat'><em>-</em></span> 
     </span>
     <span class='ocr_line' id='line_1_12' title="bbox 255 1136 1686 1195; baseline -0.001 -14"><span class='ocrx_word' id='word_1_105' title='bbox 255 1157 340 1194; x_wconf 87' lang='grc' dir='ltr'><strong><em>μιν.</em></strong></span> <span class='ocrx_word' id='word_1_106' title='bbox 407 1139 549 1182; x_wconf 80' lang='grc' dir='ltr'><strong><em>τούτου</em></strong></span> <span class='ocrx_word' id='word_1_107' title='bbox 579 1136 648 1182; x_wconf 72' lang='grc' dir='ltr'><strong>οὖν</strong></span> <span class='ocrx_word' id='word_1_108' title='bbox 680 1142 730 1195; x_wconf 78' lang='grc' dir='ltr'><strong>δὴ</strong></span> <span class='ocrx_word' id='word_1_109' title='bbox 759 1140 882 1195; x_wconf 86' lang='grc' dir='ltr'><strong><em>μόνου</em></strong></span> <span class='ocrx_word' id='word_1_110' title='bbox 913 1141 1161 1195; x_wconf 73' lang='grc' dir='ltr'><strong><em>ἐπιμελητέον</em></strong></span> <span class='ocrx_word' id='word_1_111' title='bbox 1189 1139 1305 1195; x_wconf 70' lang='grc' dir='ltr'><strong><em>ἡμῖν,</em></strong></span> <span class='ocrx_word' id='word_1_112' title='bbox 1341 1139 1448 1189; x_wconf 79' lang='grc' dir='ltr'><strong><em>ὅπως</em></strong></span> <span class='ocrx_word' id='word_1_113' title='bbox 1469 1141 1519 1193; x_wconf 78' lang='grc' dir='ltr'><strong>δὴ</strong></span> <span class='ocrx_word' id='word_1_114' title='bbox 1541 1137 1686 1193; x_wconf 63' lang='grc' dir='ltr'><strong><em>ἔνδηλα</em></strong></span> 
     </span>
     <span class='ocr_line' id='line_1_13' title="bbox 257 1204 1688 1265; baseline 0.001 -18"><span class='ocrx_word' id='word_1_115' title='bbox 257 1207 310 1248; x_wconf 81' lang='grc' dir='ltr'><strong><em>τὰ</em></strong></span> <span class='ocrx_word' id='word_1_116' title='bbox 326 1208 579 1263; x_wconf 84' lang='grc' dir='ltr'><strong><em>πεπραγμένα</em></strong></span> <span class='ocrx_word' id='word_1_117' title='bbox 598 1210 804 1265; x_wconf 75' lang='grc' dir='ltr'><strong><em>διαφανῶς</em></strong></span> <span class='ocrx_word' id='word_1_118' title='bbox 821 1208 930 1251; x_wconf 65' lang='grc' dir='ltr'><strong><em>ἔσται</em></strong></span> <span class='ocrx_word' id='word_1_119' title='bbox 953 1210 1019 1249; x_wconf 84' lang='grc' dir='ltr'><strong><em>καὶ</em></strong></span> <span class='ocrx_word' id='word_1_120' title='bbox 1040 1206 1115 1265; x_wconf 72' lang='grc' dir='ltr'><strong>ὕφ’</strong></span> <span class='ocrx_word' id='word_1_121' title='bbox 1142 1206 1234 1249; x_wconf 82' lang='grc' dir='ltr'><strong><em>ὅτου</em></strong></span> <span class='ocrx_word' id='word_1_122' title='bbox 1254 1207 1467 1263; x_wconf 73' lang='grc' dir='ltr'><strong><em>ε’ργασθείη</em></strong></span> <span class='ocrx_word' id='word_1_123' title='bbox 1487 1210 1566 1248; x_wconf 76' lang='grc' dir='ltr'><strong>τῶν</strong></span> <span class='ocrx_word' id='word_1_124' title='bbox 1585 1204 1688 1248; x_wconf 79' lang='grc' dir='ltr'><strong><em>πάν-</em></strong></span> 
     </span>
     <span class='ocr_line' id='line_1_14' title="bbox 258 1270 1687 1330; baseline -0.001 -15"><span class='ocrx_word' id='word_1_125' title='bbox 258 1290 337 1315; x_wconf 79' lang='grc' dir='ltr'><strong>των</strong></span> <span class='ocrx_word' id='word_1_126' title='bbox 364 1272 601 1330; x_wconf 72' lang='grc' dir='ltr'><strong><em>ἀνθρώπων.</em></strong></span> <span class='ocrx_word' id='word_1_127' title='bbox 667 1280 793 1318; x_wconf 81' lang='grc' dir='ltr'><strong><em>ταῦτα</em></strong></span> <span class='ocrx_word' id='word_1_128' title='bbox 812 1276 875 1326; x_wconf 74' lang='grc' dir='ltr'><strong>δὲ,</strong></span> <span class='ocrx_word' id='word_1_129' title='bbox 910 1273 1042 1329; x_wconf 71' lang='grc' dir='ltr'><strong><em>οἶμαι,</em></strong></span> <span class='ocrx_word' id='word_1_130' title='bbox 1077 1275 1169 1316; x_wconf 77' lang='grc' dir='ltr'><strong>οὐδὲ</strong></span> <span class='ocrx_word' id='word_1_131' title='bbox 1187 1273 1346 1329; x_wconf 81' lang='grc' dir='ltr'><strong><em>γλώσσῃ</em></strong></span> <span class='ocrx_word' id='word_1_132' title='bbox 1365 1270 1627 1328; x_wconf 72' lang='grc' dir='ltr'><strong><em>τραυλιζούσῃ</em></strong></span> <span class='ocrx_word' id='word_1_133' title='bbox 1645 1289 1687 1314; x_wconf 89' lang='grc' dir='ltr'><strong><em>τε</em></strong></span> 
     </span>
     <span class='ocr_line' id='line_1_15' title="bbox 259 1338 1689 1399; baseline -0.001 -17"><span class='ocrx_word' id='word_1_134' title='bbox 259 1343 326 1382; x_wconf 81' lang='grc' dir='ltr'><strong><em>καὶ</em></strong></span> <span class='ocrx_word' id='word_1_135' title='bbox 357 1339 589 1398; x_wconf 77' lang='grc' dir='ltr'><strong><em>ἲσχνοφώνῳ</em></strong></span> <span class='ocrx_word' id='word_1_136' title='bbox 619 1340 718 1399; x_wconf 67' lang='grc' dir='ltr'><strong><em>οὔσῃ</em></strong></span> <span class='ocrx_word' id='word_1_137' title='bbox 741 1341 930 1396; x_wconf 78' lang='grc' dir='ltr'><strong><em>ἄμήχανά</em></strong></span> <span class='ocrx_word' id='word_1_138' title='bbox 957 1343 1052 1384; x_wconf 74' lang='grc' dir='ltr'><strong><em>ἔστι.</em></strong></span> <span class='ocrx_word' id='word_1_139' title='bbox 1114 1343 1240 1397; x_wconf 80' lang='grc' dir='ltr'><strong><em>χωρὶς</em></strong></span> <span class='ocrx_word' id='word_1_140' title='bbox 1255 1341 1300 1382; x_wconf 76' lang='grc' dir='ltr'><strong>δὲ</strong></span> <span class='ocrx_word' id='word_1_141' title='bbox 1319 1339 1469 1382; x_wconf 80' lang='grc' dir='ltr'><strong><em>τούτων</em></strong></span> <span class='ocrx_word' id='word_1_142' title='bbox 1489 1338 1689 1394; x_wconf 71' lang='grc' dir='ltr'><strong><em>εὐγνώμο-</em></strong></span> 
     </span>
     <span class='ocr_line' id='line_1_16' title="bbox 199 1407 1744 1465; baseline -0.004 -13"><span class='ocrx_word' id='word_1_143' title='bbox 199 1419 231 1452; x_wconf 86' lang='lat' dir='ltr'>C</span> <span class='ocrx_word' id='word_1_144' title='bbox 262 1425 332 1457; x_wconf 87' lang='grc' dir='ltr'><strong>νας</strong></span> <span class='ocrx_word' id='word_1_145' title='bbox 355 1409 428 1461; x_wconf 71' lang='grc' dir='ltr'><strong>μὲν</strong></span> <span class='ocrx_word' id='word_1_146' title='bbox 456 1409 610 1465; x_wconf 79' lang='grc' dir='ltr'><strong><em>ἱστορία</em></strong></span> <span class='ocrx_word' id='word_1_147' title='bbox 636 1411 676 1458; x_wconf 70' lang='grc' dir='ltr'><strong>ἐς</strong></span> <span class='ocrx_word' id='word_1_148' title='bbox 702 1410 796 1458; x_wconf 77' lang='grc' dir='ltr'><strong><em>τοὺς</em></strong></span> <span class='ocrx_word' id='word_1_149' title='bbox 823 1409 1025 1465; x_wconf 73' lang='grc' dir='ltr'><strong><em>εὐεργέτας</em></strong></span> <span class='ocrx_word' id='word_1_150' title='bbox 1050 1409 1285 1449; x_wconf 74' lang='grc' dir='ltr'><strong><em>ἐνδείκνυται</em></strong></span> <span class='ocrx_word' id='word_1_151' title='bbox 1306 1407 1500 1462; x_wconf 77' lang='grc' dir='ltr'><strong><em>γεγονέναι</em></strong></span> <span class='ocrx_word' id='word_1_152' title='bbox 1515 1410 1594 1448; x_wconf 75' lang='grc' dir='ltr'><strong>τῶν</strong></span> <span class='ocrx_word' id='word_1_153' title='bbox 1612 1407 1686 1462; x_wconf 79' lang='grc' dir='ltr'><strong>ἇρ-</strong></span> <span class='ocrx_word' id='word_1_154' title='bbox 1700 1410 1744 1446; x_wconf 80' lang='lat'><strong>15</strong></span> 
     </span>
     <span class='ocr_line' id='line_1_17' title="bbox 254 1471 1688 1530; baseline -0.002 -13"><span class='ocrx_word' id='word_1_155' title='bbox 254 1476 436 1530; x_wconf 78' lang='grc' dir='ltr'><strong><em>χομένων</em></strong></span> <span class='ocrx_word' id='word_1_156' title='bbox 456 1476 549 1525; x_wconf 79' lang='grc' dir='ltr'><strong><em>τοὺς</em></strong></span> <span class='ocrx_word' id='word_1_157' title='bbox 569 1471 611 1517; x_wconf 73' lang='grc' dir='ltr'><strong>εὖ</strong></span> <span class='ocrx_word' id='word_1_158' title='bbox 632 1475 904 1526; x_wconf 71' lang='grc' dir='ltr'><strong><em>πεπονθότας,</em></strong></span> <span class='ocrx_word' id='word_1_159' title='bbox 938 1477 978 1516; x_wconf 79' lang='grc' dir='ltr'><strong>ἒν</strong></span> <span class='ocrx_word' id='word_1_160' title='bbox 998 1476 1148 1528; x_wconf 84' lang='grc' dir='ltr'><strong><em>μείζοσι</em></strong></span> <span class='ocrx_word' id='word_1_161' title='bbox 1168 1475 1212 1516; x_wconf 74' lang='grc' dir='ltr'><strong>δὲ</strong></span> <span class='ocrx_word' id='word_1_162' title='bbox 1232 1474 1366 1523; x_wconf 76' lang='grc' dir='ltr'><strong><em>αὐτοῖς</em></strong></span> <span class='ocrx_word' id='word_1_163' title='bbox 1387 1474 1616 1515; x_wconf 67' lang='grc' dir='ltr'><strong><em>ἐκτετικέναι</em></strong></span> <span class='ocrx_word' id='word_1_164' title='bbox 1636 1473 1688 1515; x_wconf 80' lang='grc' dir='ltr'><strong><em>τὰ</em></strong></span> 
     </span>
     <span class='ocr_line' id='line_1_18' title="bbox 256 1540 1688 1598; baseline -0.001 -15"><span class='ocrx_word' id='word_1_165' title='bbox 256 1540 512 1598; x_wconf 82' lang='grc' dir='ltr'><strong><em>χαριστήρια,</em></strong></span> <span class='ocrx_word' id='word_1_166' title='bbox 548 1544 587 1583; x_wconf 77' lang='grc' dir='ltr'><strong>οῗ</strong></span> <span class='ocrx_word' id='word_1_167' title='bbox 612 1559 675 1597; x_wconf 85' lang='grc' dir='ltr'><strong>γε,</strong></span> <span class='ocrx_word' id='word_1_168' title='bbox 711 1542 760 1584; x_wconf 75' lang='grc' dir='ltr'><strong>ἂν</strong></span> <span class='ocrx_word' id='word_1_169' title='bbox 780 1543 883 1584; x_wconf 74' lang='grc' dir='ltr'><strong><em>οὕτω</em></strong></span> <span class='ocrx_word' id='word_1_170' title='bbox 902 1540 1039 1595; x_wconf 77' lang='grc' dir='ltr'><strong><em>τύχοι,</em></strong></span> <span class='ocrx_word' id='word_1_171' title='bbox 1070 1543 1131 1582; x_wconf 73' lang='grc' dir='ltr'><strong><em>ἐπὶ</em></strong></span> <span class='ocrx_word' id='word_1_172' title='bbox 1153 1546 1294 1597; x_wconf 79' lang='grc' dir='ltr'><strong><em>καιροῦ</em></strong></span> <span class='ocrx_word' id='word_1_173' title='bbox 1307 1542 1378 1593; x_wconf 75' lang='grc' dir='ltr'><strong>μὲν</strong></span> <span class='ocrx_word' id='word_1_174' title='bbox 1393 1545 1464 1593; x_wconf 78' lang='grc' dir='ltr'><strong><em>τῆς</em></strong></span> <span class='ocrx_word' id='word_1_175' title='bbox 1487 1541 1688 1595; x_wconf 72' lang='grc' dir='ltr'><strong><em>ἀγαθοερ-</em></strong></span> 
     </span>
     <span class='ocr_line' id='line_1_19' title="bbox 259 1606 1693 1665; baseline -0.002 -15"><span class='ocrx_word' id='word_1_176' title='bbox 259 1611 348 1664; x_wconf 86' lang='grc' dir='ltr'><strong><em>γιάς</em></strong></span> <span class='ocrx_word' id='word_1_177' title='bbox 372 1613 450 1650; x_wconf 82' lang='grc' dir='ltr'><strong>τῶν</strong></span> <span class='ocrx_word' id='word_1_178' title='bbox 477 1611 518 1651; x_wconf 74' lang='grc' dir='ltr'><strong>ἐν</strong></span> <span class='ocrx_word' id='word_1_179' title='bbox 539 1611 675 1665; x_wconf 81' lang='grc' dir='ltr'><strong><em>σφίσιν</em></strong></span> <span class='ocrx_word' id='word_1_180' title='bbox 698 1608 955 1664; x_wconf 69' lang='grc' dir='ltr'><strong><em>ἡγησαμένων</em></strong></span> <span class='ocrx_word' id='word_1_181' title='bbox 984 1607 1212 1659; x_wconf 81' lang='grc' dir='ltr'><strong><em>ἄπώναντο,</em></strong></span> <span class='ocrx_word' id='word_1_182' title='bbox 1247 1606 1454 1649; x_wconf 71' lang='grc' dir='ltr'><strong><em>ἀθάνατον</em></strong></span> <span class='ocrx_word' id='word_1_183' title='bbox 1488 1608 1530 1648; x_wconf 76' lang='grc' dir='ltr'><strong>δὲ</strong></span> <span class='ocrx_word' id='word_1_184' title='bbox 1556 1607 1693 1656; x_wconf 74' lang='grc' dir='ltr'><strong><em>αὐτοῖς</em></strong></span> 
     </span>
     <span class='ocr_line' id='line_1_20' title="bbox 261 1673 1689 1732; baseline -0.003 -14"><span class='ocrx_word' id='word_1_185' title='bbox 261 1680 341 1718; x_wconf 84' lang='grc' dir='ltr'><strong>τῶν</strong></span> <span class='ocrx_word' id='word_1_186' title='bbox 366 1678 421 1725; x_wconf 81' lang='grc' dir='ltr'><strong>εἷς</strong></span> <span class='ocrx_word' id='word_1_187' title='bbox 452 1676 498 1717; x_wconf 85' lang='grc' dir='ltr'><strong><em>τὸ</em></strong></span> <span class='ocrx_word' id='word_1_188' title='bbox 526 1676 657 1718; x_wconf 65' lang='grc' dir='ltr'><strong><em>ἔπειτα</em></strong></span> <span class='ocrx_word' id='word_1_189' title='bbox 691 1678 886 1729; x_wconf 72' lang='grc' dir='ltr'><strong><em>ἐσομένων</em></strong></span> <span class='ocrx_word' id='word_1_190' title='bbox 916 1680 966 1732; x_wconf 84' lang='grc' dir='ltr'><strong><em>τῇ</em></strong></span> <span class='ocrx_word' id='word_1_191' title='bbox 996 1674 1132 1731; x_wconf 84' lang='grc' dir='ltr'><strong><em>μνήμῃ</em></strong></span> <span class='ocrx_word' id='word_1_192' title='bbox 1162 1676 1233 1728; x_wconf 81' lang='grc' dir='ltr'><strong>τὴν</strong></span> <span class='ocrx_word' id='word_1_193' title='bbox 1268 1675 1410 1730; x_wconf 78' lang='grc' dir='ltr'><strong><em>ἀρετὴν</em></strong></span> <span class='ocrx_word' id='word_1_194' title='bbox 1440 1673 1689 1724; x_wconf 77' lang='grc' dir='ltr'><strong><em>διασώζουσι.</em></strong></span> 
     </span>
     <span class='ocr_line' id='line_1_21' title="bbox 261 1740 1747 1799; baseline -0.001 -15"><span class='ocrx_word' id='word_1_195' title='bbox 261 1742 331 1784; x_wconf 74' lang='grc' dir='ltr'><strong>διὰ</strong></span> <span class='ocrx_word' id='word_1_196' title='bbox 353 1748 479 1784; x_wconf 81' lang='grc' dir='ltr'><strong><em>ταῦτα</em></strong></span> <span class='ocrx_word' id='word_1_197' title='bbox 495 1743 571 1799; x_wconf 82' lang='grc' dir='ltr'><strong>γὰρ</strong></span> <span class='ocrx_word' id='word_1_198' title='bbox 597 1745 662 1784; x_wconf 81' lang='grc' dir='ltr'><strong><em>καὶ</em></strong></span> <span class='ocrx_word' id='word_1_199' title='bbox 683 1749 760 1785; x_wconf 80' lang='grc' dir='ltr'><strong>τῶν</strong></span> <span class='ocrx_word' id='word_1_200' title='bbox 787 1743 1058 1798; x_wconf 75' lang='grc' dir='ltr'><strong><em>ἐπιγινομένων</em></strong></span> <span class='ocrx_word' id='word_1_201' title='bbox 1080 1744 1217 1783; x_wconf 80' lang='grc' dir='ltr'><strong><em>πολλοὶ</em></strong></span> <span class='ocrx_word' id='word_1_202' title='bbox 1239 1741 1407 1797; x_wconf 75' lang='grc' dir='ltr'><strong><em>ἀρετῶσι</em></strong></span> <span class='ocrx_word' id='word_1_203' title='bbox 1427 1742 1498 1793; x_wconf 73' lang='grc' dir='ltr'><strong>μὲν</strong></span> <span class='ocrx_word' id='word_1_204' title='bbox 1521 1740 1593 1790; x_wconf 81' lang='grc' dir='ltr'><strong><em>τὰς</em></strong></span> <span class='ocrx_word' id='word_1_205' title='bbox 1610 1745 1747 1782; x_wconf 69' lang='grc' dir='ltr'><strong><em>τῶνΞΟ</em></strong></span> 
     </span>
     <span class='ocr_line' id='line_1_22' title="bbox 261 1809 1691 1866; baseline -0.001 -16"><span class='ocrx_word' id='word_1_206' title='bbox 261 1811 600 1866; x_wconf 82' lang='grc' dir='ltr'><strong><em>προγεγενημένων</em></strong></span> <span class='ocrx_word' id='word_1_207' title='bbox 620 1812 823 1864; x_wconf 77' lang='grc' dir='ltr'><strong><em>ζηλοῦντες</em></strong></span> <span class='ocrx_word' id='word_1_208' title='bbox 845 1810 984 1864; x_wconf 79' lang='grc' dir='ltr'><strong><em>τιμὰς,</em></strong></span> <span class='ocrx_word' id='word_1_209' title='bbox 1018 1812 1059 1859; x_wconf 73' lang='grc' dir='ltr'><strong>ἐς</strong></span> <span class='ocrx_word' id='word_1_210' title='bbox 1083 1811 1126 1851; x_wconf 74' lang='grc' dir='ltr'><strong>δὲ</strong></span> <span class='ocrx_word' id='word_1_211' title='bbox 1149 1809 1220 1858; x_wconf 81' lang='grc' dir='ltr'><strong><em>τὰς</em></strong></span> <span class='ocrx_word' id='word_1_212' title='bbox 1236 1810 1497 1865; x_wconf 77' lang='grc' dir='ltr'><strong><em>βλασφημίας</em></strong></span> <span class='ocrx_word' id='word_1_213' title='bbox 1510 1811 1691 1862; x_wconf 74' lang='grc' dir='ltr'><strong><em>χαλεπῶς</em></strong></span> 
     </span>
    </p>
   </div>
   <div class='ocr_carea' id='block_1_3' title="bbox 351 1931 1694 2027">
    <p class='ocr_par' dir='ltr' id='par_1_3' title="bbox 351 1931 1694 2027">
     <span class='ocr_line' id='line_1_23' title="bbox 351 1931 1694 1986; baseline -0.004 -14"><span class='ocrx_word' id='word_1_214' title='bbox 351 1938 390 1986; x_wconf 64' lang='lat'><strong>2:</strong></span> <span class='ocrx_word' id='word_1_215' title='bbox 413 1935 450 1976; x_wconf 75' lang='grc' dir='ltr'><strong>ἐς</strong></span> <span class='ocrx_word' id='word_1_216' title='bbox 473 1937 595 1982; x_wconf 84' lang='grc' dir='ltr'><strong><em>τησδε]</em></strong></span> <span class='ocrx_word' id='word_1_217' title='bbox 619 1935 678 1971; x_wconf 78' lang='grc' dir='ltr'><strong><em>ἐπὶ</em></strong></span> <span class='ocrx_word' id='word_1_218' title='bbox 703 1937 811 1980; x_wconf 82' lang='grc' dir='ltr'><strong><em>τῆσδε</em></strong></span> <span class='ocrx_word' id='word_1_219' title='bbox 835 1937 910 1970; x_wconf 89' lang='lat' dir='ltr'><strong>CH.</strong></span> <span class='ocrx_word' id='word_1_220' title='bbox 1091 1938 1126 1972; x_wconf 88' lang='grc'><strong>3.</strong></span> <span class='ocrx_word' id='word_1_221' title='bbox 1151 1933 1220 1970; x_wconf 76' lang='lat' dir='ltr'><strong>ov&#39;n</strong></span> <span class='ocrx_word' id='word_1_222' title='bbox 1243 1933 1338 1980; x_wconf 73' lang='grc' dir='ltr'><strong><em>εἶχον</em></strong></span> <span class='ocrx_word' id='word_1_223' title='bbox 1362 1933 1473 1972; x_wconf 70' lang='grc' dir='ltr'><strong><em>οὐδὲν</em></strong></span> <span class='ocrx_word' id='word_1_224' title='bbox 1495 1934 1538 1971; x_wconf 82' lang='lat' dir='ltr'><strong>C.</strong></span> <span class='ocrx_word' id='word_1_225' title='bbox 1584 1931 1694 1969; x_wconf 65' lang='grc' dir='ltr'><strong><em>οὐδὲν</em></strong></span> 
     </span>
     <span class='ocr_line' id='line_1_24' title="bbox 354 1980 1190 2027; baseline 0.001 -11"><span class='ocrx_word' id='word_1_226' title='bbox 354 1985 451 2025; x_wconf 80' lang='grc' dir='ltr'><strong><em>εἰχον</em></strong></span> <span class='ocrx_word' id='word_1_227' title='bbox 472 1982 514 2017; x_wconf 90' lang='lat' dir='ltr'><strong>P.</strong></span> <span class='ocrx_word' id='word_1_228' title='bbox 650 1984 705 2017; x_wconf 87' lang='lat'><strong>16.</strong></span> <span class='ocrx_word' id='word_1_229' title='bbox 731 1980 962 2027; x_wconf 81' lang='grc' dir='ltr'><strong><em>ἐκτετικέναι]</em></strong></span> <span class='ocrx_word' id='word_1_230' title='bbox 985 1980 1121 2016; x_wconf 80' lang='grc' dir='ltr'><strong><em>ἐκτίσαι</em></strong></span> <span class='ocrx_word' id='word_1_231' title='bbox 1143 1982 1190 2017; x_wconf 90' lang='grc' dir='ltr'><strong>Η.</strong></span> 
     </span>
    </p>
   </div>
   <div class='ocr_carea' id='block_1_4' title="bbox 262 2105 1697 2810">
    <p class='ocr_par' dir='ltr' id='par_1_4' title="bbox 262 2105 1697 2810">
     <span class='ocr_line' id='line_1_25' title="bbox 262 2105 1693 2181; baseline -0.003 -11"><span class='ocrx_word' id='word_1_232' title='bbox 262 2105 447 2173; x_wconf 79' lang='lat' dir='ltr'><strong>Animum</strong></span> <span class='ocrx_word' id='word_1_233' title='bbox 473 2137 515 2170; x_wconf 90' lang='lat' dir='ltr'><strong>ad</strong></span> <span class='ocrx_word' id='word_1_234' title='bbox 541 2137 710 2170; x_wconf 77' lang='lat' dir='ltr'><strong>historiam</strong></span> <span class='ocrx_word' id='word_1_235' title='bbox 733 2138 818 2170; x_wconf 88' lang='lat' dir='ltr'><strong>hanc</strong></span> <span class='ocrx_word' id='word_1_236' title='bbox 841 2136 1048 2170; x_wconf 78' lang='lat' dir='ltr'><strong>scribendam</strong></span> <span class='ocrx_word' id='word_1_237' title='bbox 1076 2136 1203 2181; x_wconf 83' lang='lat' dir='ltr'><strong>appuli,</strong></span> <span class='ocrx_word' id='word_1_238' title='bbox 1226 2146 1291 2168; x_wconf 92' lang='lat' dir='ltr'><strong>non</strong></span> <span class='ocrx_word' id='word_1_239' title='bbox 1314 2134 1534 2168; x_wconf 78' lang='lat' dir='ltr'><strong>ostentatione</strong></span> <span class='ocrx_word' id='word_1_240' title='bbox 1546 2132 1693 2174; x_wconf 74' lang='lat' dir='ltr'><strong>virtutis,</strong></span> 
     </span>
     <span class='ocr_line' id='line_1_26' title="bbox 264 2178 1691 2225; baseline -0.001 -13"><span class='ocrx_word' id='word_1_241' title='bbox 264 2191 332 2215; x_wconf 92' lang='lat' dir='ltr'><strong>non</strong></span> <span class='ocrx_word' id='word_1_242' title='bbox 357 2182 567 2225; x_wconf 80' lang='lat' dir='ltr'><strong>eloquentiae</strong></span> <span class='ocrx_word' id='word_1_243' title='bbox 589 2183 727 2224; x_wconf 87' lang='lat' dir='ltr'><strong>fiducia,</strong></span> <span class='ocrx_word' id='word_1_244' title='bbox 760 2193 824 2215; x_wconf 92' lang='lat' dir='ltr'><strong>non</strong></span> <span class='ocrx_word' id='word_1_245' title='bbox 851 2181 959 2215; x_wconf 86' lang='lat' dir='ltr'><strong>studio</strong></span> <span class='ocrx_word' id='word_1_246' title='bbox 983 2181 1100 2214; x_wconf 85' lang='lat' dir='ltr'><strong>ductus</strong></span> <span class='ocrx_word' id='word_1_247' title='bbox 1122 2180 1343 2214; x_wconf 82' lang='lat' dir='ltr'><strong>venditandae</strong></span> <span class='ocrx_word' id='word_1_248' title='bbox 1366 2180 1511 2212; x_wconf 88' lang='lat' dir='ltr'><strong>locorum</strong></span> <span class='ocrx_word' id='word_1_249' title='bbox 1530 2178 1691 2223; x_wconf 78' lang='lat' dir='ltr'><strong>peritiae:</strong></span> 
     </span>
     <span class='ocr_line' id='line_1_27' title="bbox 266 2224 1695 2269; baseline -0.001 -12"><span class='ocrx_word' id='word_1_250' title='bbox 266 2236 340 2260; x_wconf 89' lang='lat' dir='ltr'><strong>cum</strong></span> <span class='ocrx_word' id='word_1_251' title='bbox 363 2227 442 2259; x_wconf 87' lang='lat' dir='ltr'><strong>nihil</strong></span> <span class='ocrx_word' id='word_1_252' title='bbox 472 2227 636 2268; x_wconf 86' lang='lat' dir='ltr'><strong>haberem,</strong></span> <span class='ocrx_word' id='word_1_253' title='bbox 662 2227 750 2260; x_wconf 91' lang='lat' dir='ltr'><strong>unde</strong></span> <span class='ocrx_word' id='word_1_254' title='bbox 766 2238 805 2260; x_wconf 89' lang='lat' dir='ltr'><strong>eo</strong></span> <span class='ocrx_word' id='word_1_255' title='bbox 821 2226 974 2260; x_wconf 81' lang='lat' dir='ltr'><strong>licentiae</strong></span> <span class='ocrx_word' id='word_1_256' title='bbox 994 2226 1279 2269; x_wconf 86' lang='lat' dir='ltr'><strong>confidentiaeque</strong></span> <span class='ocrx_word' id='word_1_257' title='bbox 1293 2224 1518 2268; x_wconf 85' lang='lat' dir='ltr'><strong>procederem.</strong></span> <span class='ocrx_word' id='word_1_258' title='bbox 1562 2224 1608 2257; x_wconf 80' lang='lat' dir='ltr'><strong>At</strong></span> <span class='ocrx_word' id='word_1_259' title='bbox 1623 2233 1695 2256; x_wconf 88' lang='lat' dir='ltr'><strong>me·-</strong></span> 
     </span>
     <span class='ocr_line' id='line_1_28' title="bbox 266 2267 1695 2316; baseline -0.001 -14"><span class='ocrx_word' id='word_1_260' title='bbox 266 2280 340 2303; x_wconf 88' lang='lat' dir='ltr'><strong>cum</strong></span> <span class='ocrx_word' id='word_1_261' title='bbox 366 2272 499 2316; x_wconf 83' lang='lat' dir='ltr'><strong>saepius</strong></span> <span class='ocrx_word' id='word_1_262' title='bbox 523 2271 679 2315; x_wconf 80' lang='lat' dir='ltr'><strong>cogitavi,</strong></span> <span class='ocrx_word' id='word_1_263' title='bbox 703 2276 782 2315; x_wconf 89' lang='lat' dir='ltr'><strong>quot</strong></span> <span class='ocrx_word' id='word_1_264' title='bbox 803 2276 992 2316; x_wconf 87' lang='lat' dir='ltr'><strong>quantaque</strong></span> <span class='ocrx_word' id='word_1_265' title='bbox 1016 2272 1103 2304; x_wconf 86' lang='lat' dir='ltr'><strong>bona</strong></span> <span class='ocrx_word' id='word_1_266' title='bbox 1123 2270 1312 2303; x_wconf 86' lang='lat' dir='ltr'><strong>civitatibus</strong></span> <span class='ocrx_word' id='word_1_267' title='bbox 1326 2281 1367 2303; x_wconf 85' lang='lat' dir='ltr'><strong>ex</strong></span> <span class='ocrx_word' id='word_1_268' title='bbox 1383 2268 1520 2303; x_wconf 76' lang='lat' dir='ltr'><strong>historia</strong></span> <span class='ocrx_word' id='word_1_269' title='bbox 1533 2267 1624 2301; x_wconf 79' lang='lat' dir='ltr'><strong>nasci</strong></span> <span class='ocrx_word' id='word_1_270' title='bbox 1638 2277 1695 2300; x_wconf 73' lang='lat' dir='ltr'><strong>so-</strong></span> 
     </span>
     <span class='ocr_line' id='line_1_29' title="bbox 264 2313 1693 2360; baseline -0.001 -13"><span class='ocrx_word' id='word_1_271' title='bbox 264 2314 373 2349; x_wconf 81' lang='lat' dir='ltr'><strong>leant:</strong></span> <span class='ocrx_word' id='word_1_272' title='bbox 395 2327 480 2360; x_wconf 89' lang='lat' dir='ltr'><strong>quae</strong></span> <span class='ocrx_word' id='word_1_273' title='bbox 495 2317 649 2349; x_wconf 88' lang='lat' dir='ltr'><strong>maiorum</strong></span> <span class='ocrx_word' id='word_1_274' title='bbox 665 2316 853 2350; x_wconf 87' lang='lat' dir='ltr'><strong>memoriam</strong></span> <span class='ocrx_word' id='word_1_275' title='bbox 871 2316 1059 2360; x_wconf 83' lang='lat' dir='ltr'><strong>posteritati</strong></span> <span class='ocrx_word' id='word_1_276' title='bbox 1073 2315 1282 2357; x_wconf 83' lang='lat' dir='ltr'><strong>transmittit,</strong></span> <span class='ocrx_word' id='word_1_277' title='bbox 1306 2314 1382 2347; x_wconf 88' lang='lat' dir='ltr'><strong>dum</strong></span> <span class='ocrx_word' id='word_1_278' title='bbox 1401 2313 1561 2358; x_wconf 85' lang='lat' dir='ltr'><strong>tempori,</strong></span> <span class='ocrx_word' id='word_1_279' title='bbox 1585 2322 1693 2345; x_wconf 85' lang='lat' dir='ltr'><strong>rerum</strong></span> 
     </span>
     <span class='ocr_line' id='line_1_30' title="bbox 264 2357 1694 2406; baseline -0.003 -13"><span class='ocrx_word' id='word_1_280' title='bbox 264 2364 432 2403; x_wconf 81' lang='lat' dir='ltr'><strong>gestarum</strong></span> <span class='ocrx_word' id='word_1_281' title='bbox 455 2362 576 2394; x_wconf 87' lang='lat' dir='ltr'><strong>famam</strong></span> <span class='ocrx_word' id='word_1_282' title='bbox 601 2362 807 2406; x_wconf 84' lang='lat' dir='ltr'><strong>supprimere</strong></span> <span class='ocrx_word' id='word_1_283' title='bbox 833 2361 1066 2402; x_wconf 84' lang='lat' dir='ltr'><strong>contendenti,</strong></span> <span class='ocrx_word' id='word_1_284' title='bbox 1100 2360 1196 2394; x_wconf 86' lang='lat' dir='ltr'><strong>enixe</strong></span> <span class='ocrx_word' id='word_1_285' title='bbox 1220 2360 1352 2402; x_wconf 75' lang='lat' dir='ltr'><strong>obstat3</strong></span> <span class='ocrx_word' id='word_1_286' title='bbox 1383 2369 1512 2403; x_wconf 81' lang='lat' dir='ltr'><strong>semper</strong></span> <span class='ocrx_word' id='word_1_287' title='bbox 1533 2357 1694 2390; x_wconf 85' lang='lat' dir='ltr'><strong>lectorum</strong></span> 
     </span>
     <span class='ocr_line' id='line_1_31' title="bbox 265 2402 1694 2449; baseline -0.003 -11"><span class='ocrx_word' id='word_1_288' title='bbox 265 2415 399 2438; x_wconf 78' lang='lat' dir='ltr'><strong>suorum</strong></span> <span class='ocrx_word' id='word_1_289' title='bbox 419 2406 605 2449; x_wconf 85' lang='lat' dir='ltr'><strong>praeconiis</strong></span> <span class='ocrx_word' id='word_1_290' title='bbox 628 2406 787 2439; x_wconf 88' lang='lat' dir='ltr'><strong>virtutem</strong></span> <span class='ocrx_word' id='word_1_291' title='bbox 809 2407 920 2447; x_wconf 85' lang='lat' dir='ltr'><strong>effert,</strong></span> <span class='ocrx_word' id='word_1_292' title='bbox 944 2405 1126 2439; x_wconf 87' lang='lat' dir='ltr'><strong>maledictis</strong></span> <span class='ocrx_word' id='word_1_293' title='bbox 1148 2405 1260 2439; x_wconf 87' lang='lat' dir='ltr'><strong>vitium</strong></span> <span class='ocrx_word' id='word_1_294' title='bbox 1278 2404 1415 2448; x_wconf 90' lang='lat' dir='ltr'><strong>premit;</strong></span> <span class='ocrx_word' id='word_1_295' title='bbox 1439 2403 1554 2446; x_wconf 79' lang='lat' dir='ltr'><strong>itaque</strong></span> <span class='ocrx_word' id='word_1_296' title='bbox 1569 2402 1694 2446; x_wconf 86' lang='lat' dir='ltr'><strong>impro-</strong></span> 
     </span>
     <span class='ocr_line' id='line_1_32' title="bbox 266 2447 1694 2495; baseline -0.004 -11"><span class='ocrx_word' id='word_1_297' title='bbox 266 2450 381 2485; x_wconf 82' lang='lat' dir='ltr'><strong>bitatis</strong></span> <span class='ocrx_word' id='word_1_298' title='bbox 403 2451 466 2484; x_wconf 85' lang='lat' dir='ltr'><strong>vim</strong></span> <span class='ocrx_word' id='word_1_299' title='bbox 490 2451 656 2495; x_wconf 85' lang='lat' dir='ltr'><strong>prohibet.</strong></span> <span class='ocrx_word' id='word_1_300' title='bbox 704 2451 820 2492; x_wconf 83' lang='lat' dir='ltr'><strong>Quare</strong></span> <span class='ocrx_word' id='word_1_301' title='bbox 843 2451 923 2484; x_wconf 89' lang='lat' dir='ltr'><strong>nihil</strong></span> <span class='ocrx_word' id='word_1_302' title='bbox 944 2451 1033 2484; x_wconf 87' lang='lat' dir='ltr'><strong>aliud</strong></span> <span class='ocrx_word' id='word_1_303' title='bbox 1058 2450 1236 2483; x_wconf 83' lang='lat' dir='ltr'><strong>curandum</strong></span> <span class='ocrx_word' id='word_1_304' title='bbox 1260 2449 1369 2491; x_wconf 82' lang='lat' dir='ltr'><strong>nobis,</strong></span> <span class='ocrx_word' id='word_1_305' title='bbox 1391 2447 1455 2482; x_wconf 81' lang='lat' dir='ltr'><strong>nisi</strong></span> <span class='ocrx_word' id='word_1_306' title='bbox 1470 2453 1508 2480; x_wconf 93' lang='lat' dir='ltr'><strong>ut</strong></span> <span class='ocrx_word' id='word_1_307' title='bbox 1523 2451 1601 2480; x_wconf 84' lang='lat' dir='ltr'><strong>acta</strong></span> <span class='ocrx_word' id='word_1_308' title='bbox 1620 2456 1694 2479; x_wconf 86' lang='lat' dir='ltr'><strong>cum</strong></span> 
     </span>
     <span class='ocr_line' id='line_1_33' title="bbox 266 2492 1694 2540; baseline -0.003 -12"><span class='ocrx_word' id='word_1_309' title='bbox 266 2500 405 2528; x_wconf 83' lang='lat' dir='ltr'><strong>auctore</strong></span> <span class='ocrx_word' id='word_1_310' title='bbox 419 2496 601 2540; x_wconf 86' lang='lat' dir='ltr'><strong>prodantur</strong></span> <span class='ocrx_word' id='word_1_311' title='bbox 617 2507 696 2529; x_wconf 83' lang='lat' dir='ltr'><strong>suo:</strong></span> <span class='ocrx_word' id='word_1_312' title='bbox 722 2497 809 2539; x_wconf 89' lang='lat' dir='ltr'><strong>qnod</strong></span> <span class='ocrx_word' id='word_1_313' title='bbox 825 2495 982 2538; x_wconf 85' lang='lat' dir='ltr'><strong>officium,</strong></span> <span class='ocrx_word' id='word_1_314' title='bbox 1006 2506 1079 2528; x_wconf 87' lang='lat' dir='ltr'><strong>meo</strong></span> <span class='ocrx_word' id='word_1_315' title='bbox 1099 2495 1229 2539; x_wconf 89' lang='lat' dir='ltr'><strong>quidem</strong></span> <span class='ocrx_word' id='word_1_316' title='bbox 1252 2493 1383 2534; x_wconf 88' lang='lat' dir='ltr'><strong>iudicio,</strong></span> <span class='ocrx_word' id='word_1_317' title='bbox 1405 2493 1461 2526; x_wconf 90' lang='lat' dir='ltr'><strong>vel</strong></span> <span class='ocrx_word' id='word_1_318' title='bbox 1474 2492 1576 2525; x_wconf 87' lang='lat' dir='ltr'><strong>balba</strong></span> <span class='ocrx_word' id='word_1_319' title='bbox 1593 2494 1694 2534; x_wconf 81' lang='lat' dir='ltr'><strong>atque</strong></span> 
     </span>
     <span class='ocr_line' id='line_1_34' title="bbox 265 2536 1694 2585; baseline -0.004 -11"><span class='ocrx_word' id='word_1_320' title='bbox 265 2540 436 2574; x_wconf 79' lang='lat' dir='ltr'><strong>haesitans</strong></span> <span class='ocrx_word' id='word_1_321' title='bbox 450 2540 563 2583; x_wconf 87' lang='lat' dir='ltr'><strong>lingua</strong></span> <span class='ocrx_word' id='word_1_322' title='bbox 584 2545 756 2585; x_wconf 83' lang='lat' dir='ltr'><strong>praestare</strong></span> <span class='ocrx_word' id='word_1_323' title='bbox 779 2546 900 2584; x_wconf 83' lang='lat' dir='ltr'><strong>potest.</strong></span> <span class='ocrx_word' id='word_1_324' title='bbox 947 2541 1129 2573; x_wconf 81' lang='lat' dir='ltr'><strong>Praeterea</strong></span> <span class='ocrx_word' id='word_1_325' title='bbox 1153 2539 1297 2582; x_wconf 86' lang='lat' dir='ltr'><strong>subditi,</strong></span> <span class='ocrx_word' id='word_1_326' title='bbox 1321 2538 1376 2582; x_wconf 82' lang='lat' dir='ltr'><strong>qui</strong></span> <span class='ocrx_word' id='word_1_327' title='bbox 1395 2537 1483 2570; x_wconf 82' lang='lat' dir='ltr'><strong>aucti</strong></span> <span class='ocrx_word' id='word_1_328' title='bbox 1498 2541 1575 2569; x_wconf 86' lang='lat' dir='ltr'><strong>sunt</strong></span> <span class='ocrx_word' id='word_1_329' title='bbox 1591 2536 1694 2568; x_wconf 86' lang='lat' dir='ltr'><strong>bene-</strong></span> 
     </span>
     <span class='ocr_line' id='line_1_35' title="bbox 268 2579 1695 2630; baseline -0.004 -12"><span class='ocrx_word' id='word_1_330' title='bbox 268 2585 359 2627; x_wconf 85' lang='lat' dir='ltr'><strong>ficio,</strong></span> <span class='ocrx_word' id='word_1_331' title='bbox 382 2585 520 2619; x_wconf 83' lang='lat' dir='ltr'><strong>historia</strong></span> <span class='ocrx_word' id='word_1_332' title='bbox 542 2596 563 2617; x_wconf 84' lang='lat' dir='ltr'><strong>a</strong></span> <span class='ocrx_word' id='word_1_333' title='bbox 586 2597 623 2618; x_wconf 86' lang='lat' dir='ltr'><strong>se</strong></span> <span class='ocrx_word' id='word_1_334' title='bbox 647 2585 826 2629; x_wconf 82' lang='lat' dir='ltr'><strong>composita</strong></span> <span class='ocrx_word' id='word_1_335' title='bbox 850 2590 966 2629; x_wconf 83' lang='lat' dir='ltr'><strong>aperte</strong></span> <span class='ocrx_word' id='word_1_336' title='bbox 990 2585 1146 2630; x_wconf 78' lang='lat' dir='ltr'><strong>probant,</strong></span> <span class='ocrx_word' id='word_1_337' title='bbox 1166 2595 1202 2617; x_wconf 81' lang='lat' dir='ltr'><strong>se</strong></span> <span class='ocrx_word' id='word_1_338' title='bbox 1226 2589 1291 2616; x_wconf 86' lang='lat' dir='ltr'><strong>tam</strong></span> <span class='ocrx_word' id='word_1_339' title='bbox 1305 2587 1402 2626; x_wconf 84' lang='lat' dir='ltr'><strong>grato</strong></span> <span class='ocrx_word' id='word_1_340' title='bbox 1418 2582 1524 2615; x_wconf 79' lang='lat' dir='ltr'><strong>fuisse</strong></span> <span class='ocrx_word' id='word_1_341' title='bbox 1538 2580 1645 2614; x_wconf 84' lang='lat' dir='ltr'><strong>animo</strong></span> <span class='ocrx_word' id='word_1_342' title='bbox 1660 2579 1695 2612; x_wconf 88' lang='lat' dir='ltr'><strong>in</strong></span> 
     </span>
     <span class='ocr_line' id='line_1_36' title="bbox 269 2626 1695 2674; baseline -0.005 -11"><span class='ocrx_word' id='word_1_343' title='bbox 269 2631 355 2663; x_wconf 89' lang='lat' dir='ltr'><strong>bene</strong></span> <span class='ocrx_word' id='word_1_344' title='bbox 382 2630 538 2671; x_wconf 86' lang='lat' dir='ltr'><strong>meritos,</strong></span> <span class='ocrx_word' id='word_1_345' title='bbox 570 2634 608 2663; x_wconf 90' lang='lat' dir='ltr'><strong>ut</strong></span> <span class='ocrx_word' id='word_1_346' title='bbox 632 2630 711 2674; x_wconf 84' lang='lat' dir='ltr'><strong>ipsis</strong></span> <span class='ocrx_word' id='word_1_347' title='bbox 731 2630 872 2672; x_wconf 85' lang='lat' dir='ltr'><strong>gratiam</strong></span> <span class='ocrx_word' id='word_1_348' title='bbox 897 2630 1108 2663; x_wconf 87' lang='lat' dir='ltr'><strong>illustriorem</strong></span> <span class='ocrx_word' id='word_1_349' title='bbox 1138 2628 1360 2673; x_wconf 86' lang='lat' dir='ltr'><strong>rependerint.</strong></span> <span class='ocrx_word' id='word_1_350' title='bbox 1409 2626 1538 2661; x_wconf 80' lang='lat' dir='ltr'><strong>Etenim</strong></span> <span class='ocrx_word' id='word_1_351' title='bbox 1562 2635 1695 2659; x_wconf 75' lang='lat' dir='ltr'><strong>suorum</strong></span> 
     </span>
     <span class='ocr_line' id='line_1_37' title="bbox 269 2669 1695 2719; baseline -0.005 -11"><span class='ocrx_word' id='word_1_352' title='bbox 269 2674 455 2719; x_wconf 87' lang='lat' dir='ltr'><strong>principum·</strong></span> <span class='ocrx_word' id='word_1_353' title='bbox 475 2675 681 2719; x_wconf 81' lang='lat' dir='ltr'><strong>benignitate</strong></span> <span class='ocrx_word' id='word_1_354' title='bbox 706 2675 756 2707; x_wconf 84' lang='lat' dir='ltr'><strong>usi</strong></span> <span class='ocrx_word' id='word_1_355' title='bbox 781 2676 868 2708; x_wconf 89' lang='lat' dir='ltr'><strong>forte</strong></span> <span class='ocrx_word' id='word_1_356' title='bbox 894 2674 1110 2715; x_wconf 79' lang='lat' dir='ltr'><strong>brevissima,</strong></span> <span class='ocrx_word' id='word_1_357' title='bbox 1141 2684 1253 2708; x_wconf 87' lang='lat' dir='ltr'><strong>eorum</strong></span> <span class='ocrx_word' id='word_1_358' title='bbox 1277 2672 1395 2706; x_wconf 85' lang='lat' dir='ltr'><strong>virtuti</strong></span> <span class='ocrx_word' id='word_1_359' title='bbox 1418 2669 1695 2705; x_wconf 86' lang='lat' dir='ltr'><strong>immortalitatem</strong></span> 
     </span>
     <span class='ocr_line' id='line_1_38' title="bbox 269 2713 1695 2764; baseline -0.004 -12"><span class='ocrx_word' id='word_1_360' title='bbox 269 2720 393 2754; x_wconf 87' lang='lat' dir='ltr'><strong>donant</strong></span> <span class='ocrx_word' id='word_1_361' title='bbox 413 2720 501 2764; x_wconf 89' lang='lat' dir='ltr'><strong>apud</strong></span> <span class='ocrx_word' id='word_1_362' title='bbox 523 2730 683 2753; x_wconf 81' lang='lat' dir='ltr'><strong>memores</strong></span> <span class='ocrx_word' id='word_1_363' title='bbox 703 2724 873 2764; x_wconf 81' lang='lat' dir='ltr'><strong>posteros:</strong></span> <span class='ocrx_word' id='word_1_364' title='bbox 898 2729 1038 2763; x_wconf 91' lang='lat' dir='ltr'><strong>quorum</strong></span> <span class='ocrx_word' id='word_1_365' title='bbox 1059 2718 1179 2752; x_wconf 80' lang='lat' dir='ltr'><strong>multos</strong></span> <span class='ocrx_word' id='word_1_366' title='bbox 1193 2719 1236 2751; x_wconf 84' lang='lat' dir='ltr'><strong>ob</strong></span> <span class='ocrx_word' id='word_1_367' title='bbox 1252 2718 1338 2751; x_wconf 88' lang='lat' dir='ltr'><strong>hanc</strong></span> <span class='ocrx_word' id='word_1_368' title='bbox 1351 2726 1484 2750; x_wconf 86' lang='lat' dir='ltr'><strong>causam</strong></span> <span class='ocrx_word' id='word_1_369' title='bbox 1498 2715 1610 2748; x_wconf 81' lang='lat' dir='ltr'><strong>avitae</strong></span> <span class='ocrx_word' id='word_1_370' title='bbox 1623 2713 1695 2757; x_wconf 73' lang='lat' dir='ltr'><strong>glo-</strong></span> 
     </span>
     <span class='ocr_line' id='line_1_39' title="bbox 268 2761 1697 2810; baseline -0.005 -12"><span class='ocrx_word' id='word_1_371' title='bbox 268 2764 338 2799; x_wconf 82' lang='lat' dir='ltr'><strong>riae</strong></span> <span class='ocrx_word' id='word_1_372' title='bbox 353 2764 528 2799; x_wconf 79' lang='lat' dir='ltr'><strong>aemulatio</strong></span> <span class='ocrx_word' id='word_1_373' title='bbox 551 2765 594 2799; x_wconf 86' lang='lat' dir='ltr'><strong>ad</strong></span> <span class='ocrx_word' id='word_1_374' title='bbox 615 2775 760 2799; x_wconf 86' lang='lat' dir='ltr'><strong>amorem</strong></span> <span class='ocrx_word' id='word_1_375' title='bbox 774 2764 902 2799; x_wconf 76' lang='lat' dir='ltr'><strong>honesti</strong></span> <span class='ocrx_word' id='word_1_376' title='bbox 916 2763 1089 2810; x_wconf 82' lang='lat' dir='ltr'><strong>pertrahit,</strong></span> <span class='ocrx_word' id='word_1_377' title='bbox 1112 2768 1148 2798; x_wconf 78' lang='lat' dir='ltr'><strong>et</strong></span> <span class='ocrx_word' id='word_1_378' title='bbox 1165 2763 1278 2808; x_wconf 83' lang='lat' dir='ltr'><strong>gravis</strong></span> <span class='ocrx_word' id='word_1_379' title='bbox 1292 2761 1450 2797; x_wconf 81' lang='lat' dir='ltr'><strong>infamiae</strong></span> <span class='ocrx_word' id='word_1_380' title='bbox 1463 2764 1569 2795; x_wconf 77' lang='lat' dir='ltr'><strong>metus</strong></span> <span class='ocrx_word' id='word_1_381' title='bbox 1583 2770 1604 2794; x_wconf 77' lang='lat' dir='ltr'><strong>a</strong></span> <span class='ocrx_word' id='word_1_382' title='bbox 1618 2767 1697 2803; x_wconf 81' lang='lat' dir='ltr'><strong>per-</strong></span> 
     </span>
    </p>
   </div>
  </div>
 </body>
</html>
