1800 3126
307 142 402 187 382
754 143 812 188 IN
844 145 986 188 fflsr.
1018 130 1288 192 ARCANAM'

305 252 378 300 qai
406 253 716 291 ranuncularem
741 259 884 291 vestem
911 251 1138 305 induerent,
1178 259 1251 308 qui
1283 265 1320 296 et
1342 260 1508 298 Prasiai
1541 274 1569 298 a
1602 261 1729 299 colore

303 309 536 357 nuncupati,

411 363 457 399 P.
479 362 543 410 64,
566 365 606 402 9.
663 362 801 400 Morbo
821 362 1075 402 lastinianus
1103 366 1332 419 urgebatur]
1366 369 1495 407 Cruris
1525 368 1726 407 affectione

300 418 529 466 gravissime
558 418 773 465 laboravit3
815 421 922 456 omni
959 421 1107 458 abiecta
1135 435 1203 473 spe
1232 425 1383 461 salutis.
1437 426 1496 462 De
1524 423 1598 462 hac
1626 427 1726 462 Pro-

180 474 210 508 A
232 476 277 511 34
302 474 460 522 copium
487 473 704 522 intelligere
735 481 883 511 certum
912 482 970 513 est
1004 489 1056 513 ex
1092 478 1140 514 iis
1171 491 1269 528 quae
1297 473 1451 527 subdit,
1492 482 1590 518 miro
1627 493 1726 517 casu.

298 530 576 577 imperatorem
604 529 864 580 convaluisse,
891 544 1032 582 nempe
1063 531 1245 570 adhibitis
1270 541 1489 572 sanctorum
1510 542 1725 586 martyrum

299 584 498 633 reliquiis,
540 596 635 634 quas
677 583 796 621 effodi
829 588 1010 637 contigit,
1052 586 1147 624 dum
1185 596 1339 626 sanctae
1365 591 1498 627 Irenae
1531 591 1725 641 templum

298 639 598 675 instaurabatur.
665 640 764 676 Rem
803 647 924 679 totam
971 644 1055 692 ipse
1100 645 1318 682 luculenter
1360 647 1604 696 prosequitur
1638 646 1667 682 l.
1701 650 1719 685 1

302 692 420 730 aedif.
477 696 583 730 Haec
610 695 815 732 Iustiniani
844 699 1053 747 aegrotatio
1082 699 1218 736 incidit
1245 701 1286 736 in
1315 712 1461 736 annum
1489 702 1636 738 circiter
1664 702 1726 736 vi-

300 750 497 798 gesimum
524 751 694 797 tertium,
723 752 788 788 vel
808 760 989 802 quartum
1022 756 1104 791 eius
1134 756 1312 805 imperiit,
1341 768 1434 792 nam
1462 766 1562 792 anuo
1591 758 1726 807 quinto

302 811 341 840 et
369 806 572 854 vigesimo,
604 819 738 843 mense
769 807 1019 857 Septembre,
1048 809 1257 848 indictione
1291 809 1439 848 decima
1467 813 1602 862 quinta
1627 809 1727 847 illud

301 867 456 896 sanctae
484 862 619 896 Irenae
648 863 842 912 templum
871 863 1092 901 dedicatum
1120 867 1215 914 fuit,
1245 873 1288 903 ut
1317 864 1578 916 Theophanes
1606 872 1726 902 notat.

301 913 513 952 Theodora
542 929 658 952 sumn
686 919 767 954 iam
795 917 901 955 diem
929 920 1096 968 obierat3
1133 934 1250 972 quare
1279 923 1354 958 alia
1381 922 1496 972 plane
1524 921 1727 959 Iustiniani

301 968 400 1006 haec
430 978 487 1008 est
515 971 696 1009 valetudo
725 974 772 1010 ab
803 987 868 1022 ea,
906 974 953 1011 de
983 989 1059 1027 qua
1088 989 1203 1027 supra
1230 979 1440 1027 Procopius
1469 990 1508 1027 p.
1537 978 1600 1016 16.
1655 978 1727 1013 At-

302 1038 379 1076 que
409 1027 485 1063 alia
513 1029 631 1063 etiam
649 1028 822 1066 fortassis
854 1037 910 1066 est
941 1043 963 1066 a
993 1044 1069 1081 qua
1097 1033 1281 1069 liberatus
1309 1033 1383 1069 fuit
1405 1045 1478 1083 ope
1507 1038 1728 1069 sanctorum

301 1082 464 1118 Cosmae
494 1088 532 1117 et
555 1083 758 1131 Damiani,
798 1086 938 1134 quibus
967 1093 1006 1122 et
1033 1088 1225 1137 templum
1253 1101 1304 1124 ex
1331 1094 1420 1125 voto
1450 1088 1655 1134 excitavit,
1684 1093 1742 1123 ut*

301 1136 442 1173 eodem
476 1137 574 1174 libro
611 1137 728 1175 aedis.
767 1141 892 1189 primo
930 1149 1072 1178 narrat.
1128 1144 1217 1179 Alia
1245 1142 1383 1180 itidem
1417 1144 1488 1180 illa
1527 1142 1727 1195 δυσουρία,

301 1190 508 1228 difficultas
538 1193 685 1240 urinae,
717 1207 836 1244 quam
864 1198 1028 1233 removit
1060 1209 1159 1247 aqua
1187 1200 1257 1247 τῆς
1285 1195 1492 1251 ζωηφόρου
1517 1201 1658 1250 πηγῆς,
1685 1204 1729 1234 ut

298 1254 438 1283 vocant
462 1249 661 1297 Byzantii,
702 1250 858 1299 vivifici
881 1252 1037 1298 fontis:
1077 1252 1126 1288 ad
1157 1265 1275 1303 quem
1307 1252 1487 1304 deiparae
1521 1253 1730 1290 liberatrici

299 1302 439 1339 aedem
469 1302 684 1351 dedicavit,
715 1311 758 1340 ut
786 1305 1026 1355 Nicephorus
1056 1307 1207 1344 Callisti
1235 1309 1353 1345 refert
1378 1311 1420 1345 in
1449 1309 1575 1345 officio
1605 1309 1729 1344 eccle—

297 1359 452 1395 siastico
482 1359 602 1395 feriae
633 1360 789 1410 quintae
819 1363 889 1411 τῆς
919 1362 1232 1414 διακαινησίμου.
1289 1365 1476 1409 Quintum
1493 1365 1728 1401 Iustinianus

296 1415 511 1463 aegrotavit
539 1421 628 1464 post
656 1414 827 1452 reditum
856 1430 877 1452 e
898 1415 1078 1465 Thracia,
1110 1431 1186 1468 quo
1216 1417 1265 1455 ad
1289 1421 1609 1456 restaurationem
1636 1432 1729 1455 mu-

296 1482 442 1516 rorum,
474 1482 571 1520 quos
598 1470 737 1520 longos
766 1472 975 1522 appellant,
1006 1481 1247 1522 perrexerat:
1277 1487 1418 1525 nempe
1447 1487 1547 1511 anno
1576 1476 1730 1524 imperii

295 1527 498 1575 trigesimo
528 1532 684 1576 quarto,
714 1529 827 1564 nonis
859 1528 1116 1578 Septembris,
1145 1528 1356 1566 indictione
1384 1543 1500 1567 nona.
1557 1532 1621 1566 Ex
1649 1530 1730 1566 fre-

298 1581 507 1630 quentibus
559 1581 706 1618 morbis
756 1581 887 1620 divino
937 1583 1129 1633 praesidio
1180 1587 1439 1622 Iustinianum
1488 1587 1730 1622 convaluisse

298 1637 445 1673 Paulus
467 1636 712 1673 silentiarius
740 1638 782 1673 in
806 1639 905 1675 libro
936 1638 983 1675 de
1013 1647 1166 1676 sanctae
1191 1639 1361 1691 Sophiae
1387 1641 1534 1691 templo
1562 1640 1728 1678 indicat:

571 1688 669 1730 ὅθεν
696 1689 841 1740 νόσους
870 1692 941 1744 μὲν
969 1692 1256 1746 διαδιδράσκεις
1280 1692 1463 1743 εὐκόλως.

299 1743 398 1783 Vide
426 1744 734 1796 Theophanem,
764 1755 802 1784 et
830 1747 901 1786 has
930 1756 1040 1787 notas
1072 1750 1121 1786 ad
1150 1764 1188 1800 p.
1223 1753 1285 1791 16.

410 1802 455 1837 P·
485 1801 550 1848 64,
583 1803 646 1842 14.
702 1803 888 1840 Absentis
920 1804 1117 1855 Caesaris]
1160 1807 1380 1843 Secesserat
1405 1806 1639 1842 Iustinianus
1667 1806 1731 1842 vel

300 1856 343 1892 in
371 1856 635 1894 suburbanum
662 1861 869 1906 Heraeum,
908 1859 955 1896 de
986 1873 1062 1911 quo
1092 1862 1192 1898 infra
1221 1875 1259 1912 p.
1276 1864 1341 1908 70,
1367 1861 1419 1898 ad
1447 1863 1566 1897 cruris
1595 1862 1731 1897 vitium

302 1911 538 1959 curandum,
576 1914 640 1950 vel
667 1915 708 1950 in
739 1915 962 1965 Sycanum,
990 1916 1059 1952 ubi
1086 1923 1170 1953 tum
1198 1924 1351 1954 sanctae
1379 1919 1512 1954 Irenae
1540 1916 1732 1966 templum

303 1968 616 2017 construebatur,
653 1968 879 2021 ibidemque
910 1971 1071 2009 fortasse
1106 1979 1308 2009 veneratus
1345 1979 1404 2010 est
1437 1973 1641 2022 reliquias,
1682 1970 1730 2008 de

300 2023 442 2072 quibus
481 2022 597 2060 modo
638 2023 827 2062 dicebam.
895 2027 1021 2077 Saepe
1061 2029 1167 2064 venit
1210 2025 1516 2073 Calchedonem,
1554 2033 1592 2062 et
1630 2039 1730 2063 auno

300 2079 426 2128 primo
455 2085 492 2114 et
524 2079 694 2118 secundo
726 2080 869 2118 diutius
899 2082 954 2120 ibi
983 2090 1240 2120 commoratus
1271 2089 1347 2130 est,
1389 2088 1432 2119 ut
1460 2094 1512 2118 ex
1535 2081 1730 2132 plerisque

301 2135 384 2170 eius
425 2136 764 2173 constitutionibus
800 2143 928 2186 patet3
970 2137 1125 2187 longius
1166 2145 1298 2174 autem
1336 2138 1383 2174 ab
1419 2137 1513 2174 urbe
1541 2139 1730 2188 Byzantio

299 2187 352 2223 ad
399 2191 588 2225 orientem
630 2203 716 2227 raro
757 2190 955 2238 discessit,
1007 2194 1128 2229 semel
1168 2206 1268 2230 anno
1307 2194 1506 2243 trigesimo
1547 2191 1730 2240 secundo,
1784 2219 1786 2223 ,

300 2255 389 2279 cum
419 2245 460 2279 in
489 2244 750 2294 Selymbriam
785 2246 834 2282 ad
872 2248 1096 2286 excitandos
1130 2261 1262 2286 muros
1291 2249 1431 2300 longo-s·
1464 2254 1588 2284 terrae
1622 2254 1732 2285 motu

300 2299 513 2348 collapsos,
553 2307 591 2336 et
619 2300 831 2350 abigendos
859 2303 1061 2351 barbaros,
1093 2306 1160 2355 qui
1186 2303 1277 2341 inde
1309 2306 1352 2341 in
1380 2302 1590 2341 Thraciam
1618 2305 1730 2340 iuva-

299 2361 441 2391 seraut.
498 2356 627 2406 Atque
655 2359 798 2393 iterum
827 2370 927 2394 anno
956 2361 1156 2409 trigesimo
1185 2361 1363 2411 septimo,
1391 2372 1526 2396 mense
1555 2359 1729 2406 Octobre,

298 2408 510 2446 indictione
541 2410 793 2461 duodecima,
833 2412 883 2450 ad
916 2415 1178 2465 Myriangelos
1218 2417 1447 2466 (perperam
1473 2414 1731 2464 Myrangoloe

298 2466 340 2501 in
369 2463 528 2502 historia
556 2467 749 2518 miscella)
790 2467 864 2505 hoc
894 2476 973 2517 est,
1014 2472 1190 2508 Germios
1219 2473 1260 2507 iu
1289 2471 1440 2507 Galatia
1466 2470 1664 2519 religionis
1693 2474 1730 2505 et

300 2522 483 2558 orationis
523 2533 659 2571 causa,
700 2523 979 2574 Theophanes.
1036 2528 1081 2562 In
1113 2527 1267 2562 Italiam
1304 2526 1478 2572 venisse,
1520 2526 1621 2561 cives
1650 2526 1730 2561 Ra-

299 2582 485 2613 vennates
520 2575 628 2613 haud
662 2579 825 2628 probare
862 2587 1049 2629 possunt;
1092 2581 1164 2618 etsi
1201 2579 1436 2617 dedicationi
1472 2580 1656 2617 ecclesiae
1685 2579 1726 2617 S.

300 2632 439 2668 vitalis
466 2633 723 2670 Iustiniauum
752 2647 840 2671 cum
870 2634 1080 2673 Theodora
1115 2635 1273 2673 credant
1306 2635 1551 2682 interfuisse,
1587 2646 1726 2684 nempe

301 2699 403 2723 anno
433 2693 521 2736 post
549 2690 792 2726 consulatum
820 2692 956 2727 Basilii
983 2698 1114 2738 sexto,
1154 2690 1365 2728 indictione
1394 2688 1565 2737 decima,
1594 2696 1640 2726 ut
1664 2702 1728 2726 re·-

300 2742 375 2778 fert
395 2744 654 2795 Hieronymus
673 2745 830 2783 Rubeus
859 2746 888 2784 1.
908 2746 948 2785 3.
1003 2749 1103 2784 Nam
1121 2745 1331 2785 Theodora
1351 2745 1490 2785 eodem
1516 2746 1584 2783 illo
1613 2756 1726 2792 anno,
