1800 3126
587 156 662 201 AD
683 155 833 201 HIST.
862 155 1130 202 ARCANAM.

126 265 347 309 Ἀνέκδοτα,
379 265 502 312 quibus
543 266 640 302 libris
661 267 844 312 praenota-

174 315 274 348 batur
286 314 366 348 348.
380 323 504 347 arcana
525 313 677 355 historia,
699 313 784 346 liber
799 311 843 346 de

171 358 245 393 vita
284 358 461 393 Iustiniani
502 359 587 394 ibid.
631 357 843 402 ἀντίρρησις

172 416 193 438 a
215 404 411 450 Nicephoro
435 405 568 440 Callisti
605 405 693 439 male
722 403 842 437 inscri-

172 450 264 484 bitur
283 451 331 484 ib.
364 461 407 484 an
437 450 481 484 sit
509 451 666 494 integra,
715 454 751 484 et
781 459 842 483 cur

171 504 320 530 seorsum
359 498 402 531 ab
444 496 511 530 alia
548 494 710 541 Procopii
733 494 838 528 histo-

171 541 224 576 ria
247 542 282 576 in
305 542 523 576 Bibliothecis
538 542 703 576 habeatur
718 540 840 574 XXIII

171 599 245 632 seq.
286 585 469 622 ἀνέκδοτα
529 587 665 633 scripsit
718 586 839 620 Cicero

170 634 264 675 348,
303 630 515 669 ἄνεκδότων
539 632 700 677 Procopii
723 643 838 666 exem-

169 679 279 758 plaria
302 685 385 724 quot
401 683 528 734 extent:
555 678 690 717 XXIV.
716 677 837 712 codex

206 731 359 760 uticanos
387 726 497 771 qualus
518 725 566 759 1b.

135 770 374 815 Avmpadffivox
390 783 411 806 a
422 770 582 816 Procopii
595 769 839 824 interpretibus

169 828 236 851 non
253 817 428 851 intellecta
456 818 534 854 358.
565 828 632 862 quo
668 816 839 850 differata

169 874 255 897 voce
269 859 494 907 ἀδελφιδοῦς
514 863 595 897 ibid.
610 866 647 896 et
659 863 738 898 368.

120 909 264 944 Annona
278 910 364 943 male
385 909 548 944 scribitur
580 905 723 951 συνωνὴ
757 907 839 943 451.

118 954 264 1035 Διὲιὸιέἧι
284 999 438 1034 militaris
472 1010 494 1034 a
521 998 666 1035 subditis
691 997 841 1043 exigitur

114 1046 292 1128 ,Anssiisslm
338 1091 468 1139 imperii
518 1091 696 1126 Iustiniani
748 1091 838 1125 ratio

115 1138 330 1219 Anigiiimiae
366 1181 402 1218 in
438 1181 612 1217 Iustiniani
650 1181 837 1219 Constitut.

116 1229 300 1314 Anifffiina,
315 1273 521 1307 Theodorae
536 1284 557 1308 a
578 1277 690 1315 veste,
705 1284 747 1306 ex
765 1271 838 1317 pri-

163 1320 216 1354 ori
233 1320 309 1353 viro
324 1319 474 1364 suscepit
490 1319 645 1354 Photium
661 1319 740 1354 349.
766 1319 837 1351 Be-

161 1365 309 1400 lisarium
340 1375 541 1410 quocunque
567 1363 720 1410 sequitur
751 1363 836 1400 ibid.

160 1411 327 1446 Belisario
358 1410 400 1444 ad
433 1411 652 1444 lastinianum
692 1410 837 1444 mittitur

160 1455 243 1492 ibid.
266 1456 428 1490 Belisario
451 1457 619 1502 superfuit
639 1456 716 1490 ibid.
732 1456 836 1489 Ioan-

161 1503 195 1537 ni
213 1501 413 1548 Cappadoci
443 1502 551 1536 tendit
577 1502 716 1536 insidias
751 1501 834 1535 ibid.

161 1558 295 1593 aquam,
314 1558 356 1580 ne
370 1551 558 1627 pzutiiescag
576 1547 835 1626 pgohigpzssidi

159 1595 338 1675 ἷειὶῑῗῗὲἷιῗει
350 1604 683 1683 ῆιῑὲοηῗιῗῗῖῗιᾱῑρεή
696 1604 808 1673 {hiup

113 1686 169 1732 Ap
193 1685 249 1718 ion
264 1684 433 1718 Sacerdos
448 1689 484 1718 et
498 1685 696 1719 Praefectus
716 1685 833 1721 Praet.

111 1732 444 1830 Ἀποξὲριξᾲμενος,
462 1773 541 1831 guid
556 1774 600 1829 sit
620 1773 702 1809 351.
798 1819 807 1828 ⁸

109 1819 195 1877 'Ami
229 1819 405 1864 ὑπατων,
448 1831 526 1854 ano
549 1819 729 1864 υποίρχων
752 1819 834 1866 quid

110 1869 342 1960 .;;{.3?3.;.,

157 1958 285 2004 Ephesi
309 1956 388 1992 353.

110 2005 232 2050 Aquae
249 2002 388 2049 penuria
405 2001 563 2046 Byzantii
578 2001 676 2037 46o.·

110 2051 238 2086 Arabia
252 2051 326 2085 sive
341 2048 484 2087 Artaba,
501 2048 620 2081 lustini
637 2052 671 2082 et
682 2047 832 2093 Sophiae

156 2098 245 2140 Aug.
263 2095 343 2136 filia,
359 2105 400 2127 ac
417 2093 579 2128 Baduarii
594 2105 692 2136 uxor,
708 2099 831 2128 mater·

158 2153 226 2188 que
241 2141 394 2174 Helenae
409 2140 487 2175 419.

109 2187 322 2223 Areobindus
355 2186 536 2220 Proiectae
574 2184 715 2220 maritus
751 2185 831 2221 359.

110 2233 236 2314 Artigs'
251 2279 500 2312 Saracenorum
514 2244 596 2310 dux.-
610 2276 693 2310 353.

110 2323 291 2368 Argentati
305 2323 445 2368 aurigae
474 2333 495 2357 a
518 2321 711 2356 Domitiano
727 2320 832 2356 additi

109 2371 348 2451 Ariss‘occisi
363 2413 399 2447 in
408 2412 565 2448 Ecciesia
578 2412 612 2445 s.
630 2412 735 2446 Μοοῑῑ
750 2411 830 2446 405.

120 2464 128 2472 ⁷
155 2459 408 2502 oncionstae,
434 2459 492 2503 qui
521 2458 602 2492 ibid.
629 2470 689 2492 cur
712 2457 832 2504 poeuis

156 2518 178 2542 a
194 2505 378 2541 Iustiniano
395 2504 542 2550 exempti
556 2504 637 2538 ibid.

109 2552 273 2588 Arsenius
290 2551 474 2595 ‚Samarita
501 2549 834 2596 pseudochristianus

111 2598 375 2698 Astiielpiodotus
386 2641 500 2677 Praef.
533 2641 650 2676 Praet.
683 2640 833 2692 Gentilis

109 2689 236 2770 Αεξιῗιῖε·
281 2743 342 2766 cur
388 2732 580 2779 appellatus
627 2731 835 2767 Iustiniana·

108 2780 270 2862 Aggsfisbr
297 2827 334 2859 et
347 2823 519 2866 Quaestor
532 2822 613 2859 445.

401 1921 430 1946 s.
474 1909 610 1945 Ioannis
670 1910 832 1957 templum

1507 158 1606 206 569

887 264 1030 309 Asylum
1046 275 1067 299 a
1080 263 1265 300 Theodora
1281 265 1441 302 violatum
1458 267 1535 304 354.

887 310 1101 345 Athalaricus
1118 310 1237 345 Iustini
1245 313 1386 348 senioris
1402 327 1506 360 nepos
1524 316 1605 353 418.

934 357 1008 391 eius
1045 357 1168 401 legatio
1202 357 1246 391 de
1272 370 1358 404 pace
1381 361 1424 394 ad
1442 362 1605 397 lustinum

932 414 997 436 non
1013 402 1056 436 ad
1068 403 1283 437 Iustinianum
1299 405 1380 440 365.

878 443 1055 492 Ἀτρητοι
1072 449 1205 495 puellae
1227 461 1316 495 quae
1337 452 1420 488 436.

885 494 1056 575 Avia-{bus
1083 495 1244 530 tributum
1277 497 1428 543 pendunt
1459 498 1604 534 Romani

882 585 1085 627 Augustana
1132 586 1236 621 editio
1287 587 1444 635 Procopii
1487 591 1604 626 mutila

928 631 1060 666 XXIV.
1087 632 1165 667 354.

883 678 971 712 Aula
987 678 1160 711 Iustiniani
1178 678 1277 722 plena
1292 679 1445 714 Ethnicis
1461 680 1541 718 408.

882 723 1004 804 Αυέξίί
1044 725 1182 769 aurigae
1206 736 1228 759 a
1257 725 1454 760 Domitiano
1495 726 1602 761 additi

883 815 1084 859 Aurigamm
1094 814 1300 850 Circensium
1319 816 1414 861 origo
1432 818 1510 852 373.
1528 819 1604 851 fac-

930 860 1041 894 tiones
1054 867 1198 905 quatuor
1212 866 1244 895 et
1254 863 1386 896 colores
1396 862 1604 899 diver-5372.

885 907 1043 948 Antores,
1060 907 1117 950 qui
1140 907 1181 940 de
1194 907 1377 941 Iustiniano
1394 909 1604 954 scripserunt

929 953 1009 987 377.
1025 952 1140 986 eadem
1164 964 1250 998 quae
1266 954 1453 1000 Procopius
1472 955 1534 988 XI.
1559 967 1604 989 an

931 998 989 1031 illa
1012 1010 1061 1032 ex
1091 998 1256 1043 Procopio
1279 1000 1474 1045 acceperint
1499 1000 1597 1036 XIII.

884 1043 1012 1078 Bacchi
1034 1043 1094 1077 filii
1121 1048 1191 1078 tres
1206 1045 1240 1078 in
1264 1045 1385 1080 Africa
1406 1046 1469 1080 sub
1499 1046 1605 1080 lusti«

931 1089 1029 1123 niano
1045 1090 1123 1126 359.

887 1135 1077 1170 Baduarius
1112 1135 1320 1179 europalata
1349 1137 1429 1172 363.
1454 1137 1602 1172 Arabiae

929 1181 1082 1220 maritus,
1099 1186 1266 1225 paterque
1293 1182 1446 1215 Helenae
1460 1185 1540 1220 419.

881 1226 1052 1261 Badurius
1072 1226 1277 1270 Vigilantiae
1287 1228 1376 1261 filius
1390 1230 1470 1264 419.

881 1272 1029 1306 Barbam
1058 1272 1284 1316 Imperatores
1313 1274 1369 1317 qui
1391 1274 1524 1317 radere,
1540 1274 1599 1320 qui

926 1318 1127 1362 promittere
1142 1318 1232 1351 soliti
1246 1319 1325 1353 376.

879 1363 1049 1398 Barbaros
1065 1364 1253 1397 muneribus
1279 1368 1384 1409 auget
1405 1370 1441 1400 et
1456 1365 1545 1400 inter
1560 1376 1599 1400 se

928 1409 1103 1443 committit
1118 1409 1320 1443 Iustinianus
1338 1412 1413 1444 400.
1430 1413 1510 1446 401.

880 1455 1016 1489 Batonii
1064 1455 1233 1489 sententia
1271 1455 1315 1489 de
1341 1457 1526 1492 Iustiniano
1558 1468 1601 1492 ac

926 1501 1112 1535 Theodora
1126 1501 1204 1535 XII.

878 1546 1044 1580 Basilides
1061 1546 1233 1586 Quaestor
1249 1546 1328 1581 446.

879 1592 1024 1626 Basilius
1040 1593 1091 1625 vir
1106 1591 1288 1625 ditissimus
1305 1593 1387 1626 410.

879 1638 1007 1671 Bassus
1031 1638 1145 1670 Praef.
1164 1638 1278 1671 Praet.
1303 1639 1382 1672 447.

879 1683 1006 1716 Bassus
1026 1682 1193 1717 Patricius
1211 1694 1231 1716 a
1256 1683 1442 1718 Theodora
1467 1683 1599 1718 occisus

883 1772 1067 1816 Βατραχίς
1082 1773 1190 1807 vestis
1213 1774 1428 1808 Prasinorurn
1444 1775 1525 1809 372.

878 1819 1050 1853 Bederina
1066 1819 1138 1852 sive
1154 1819 1343 1852 Bederiana
1361 1845 1372 1860 ‚
1404 1831 1447 1853 an
1480 1820 1599 1854 eadem

925 1875 999 1898 cum
1025 1864 1131 1909 prima
1151 1864 1334 1897 Iustiniana
1359 1866 1437 1899 361.
1463 1865 1600 1899 diversa

923 1921 942 1944 a
960 1910 1128 1944 Tauresio
1151 1910 1230 1943 ibid.
1251 1910 1286 1943 in
1308 1911 1426 1952 lllyria
1457 1911 1536 1945 360.
1564 1911 1599 1945 in

923 1955 1098 1989 Pannonia
1118 1955 1265 1990 secunda
1289 1955 1375 1991 ibid.
1394 1956 1513 1990 Iustini
1536 1968 1599 2002 pa-

920 2001 987 2034 tria
1003 2001 1082 2036 ibid.

875 2047 1061 2081 Belisarius
1077 2058 1119 2080 an
1136 2046 1302 2080 Ethnicus
1324 2047 1404 2081 408.
1420 2046 1598 2081 Iustiniani

923 2090 1147 2135 δορυφόρος,
1179 2092 1301 2127 deiude
1323 2092 1497 2126 Tribunus
1510 2093 1596 2125 mili-

923 2143 993 2172 tum
1011 2139 1122 2171 Darae
1151 2139 1230 2173 351.
1260 2150 1303 2171 ex
1319 2138 1418 2171 Italia
1451 2138 1597 2183 turpiter

924 2184 1068 2217 discedit
1082 2185 1159 2218 357.
1172 2183 1409 2227 perduellionis
1420 2190 1598 2217 accusatur

922 2230 1002 2264 436.
1035 2235 1273 2263 exauctoratur
1300 2231 1379 2265 356.
1398 2241 1439 2263 an
1464 2230 1599 2263 effossis

924 2275 1030 2309 oculis
1046 2275 1246 2308 mendicarit
1269 2275 1348 2309 ibid.
1370 2281 1406 2308 et
1428 2276 1506 2310 436.
1526 2276 1598 2309 eius

923 2321 1033 2366 patria
1049 2332 1089 2354 ac
1110 2320 1226 2354 laudes
1241 2321 1319 2356 350.
1348 2322 1415 2354 filia
1440 2321 1599 2354 loannina.

924 2368 1006 2401 418.
1066 2366 1268 2400 Samnitium
1301 2366 1599 2400 numerosissimum

922 2413 1001 2446 357.
1032 2412 1190 2456 triumphi
1233 2413 1310 2447 395.
1354 2413 1441 2446 bona
1484 2411 1599 2445 domui

924 2457 1078 2490 Marinae
1102 2458 1232 2491 addicta
1249 2458 1326 2492 437.

878 2503 1048 2547 Biglantia
1069 2503 1154 2537 idem
1172 2515 1211 2537 ac
1234 2502 1420 2545 Vigilantia
1436 2502 1515 2536 416.

879 2549 1056 2593 Bigleniza
1072 2560 1168 2583 soror
1184 2548 1303 2582 Iustini
1320 2549 1459 2581 senioris
1478 2554 1512 2581 et
1527 2559 1600 2581 ma·-

928 2601 981 2628 ter
1005 2595 1179 2628 Iustiniani
1205 2595 1282 2629 418.
1310 2605 1463 2627 moerore
1489 2594 1602 2627 extin-

924 2641 1038 2684 guitur
1054 2641 1132 2675 384.
1151 2640 1213 2672 filii
1239 2650 1313 2672 cum
1330 2639 1513 2674 Theodora
1530 2651 1603 2673 ma·-

925 2686 1116 2719 trimonium
1141 2685 1310 2729 improbat
1325 2684 1407 2718 ibid.
1426 2690 1461 2719 et
1477 2688 1554 2720 416.

878 2732 1088 2772 Blachernae
1113 2730 1202 2765 unde
1228 2730 1338 2764 dictae
1354 2731 1424 2768 353
1444 2732 1602 2778 templum

925 2777 1203 2811 Blachernianum
1219 2776 1299 2812 458.

878 2823 1043 2859 Boruides
1059 2821 1233 2857 Iustiniani
1247 2833 1355 2869 nepos
1374 2822 1455 2861 419.
