1754 3132
492 118 759 163 HISTORIA
791 117 1004 161 ARGANA
1042 118 1087 161 2.
1123 117 1167 162 3.
1526 116 1589 161 25

137 232 193 284 ὣς
211 231 283 283 ξὺν
301 231 379 275 δέει
400 235 538 289 πολλῷ
560 229 723 274 ἔνθὲνδε
747 228 888 288 ἀπῄει,
928 229 1024 280 τοὺς
1052 230 1158 287 ἀμφὶ
1182 226 1425 286 Βελισᾶριον
1455 227 1592 285 οῗόμε-

134 318 204 351 νος
231 302 370 358 σφίσιν
401 299 592 355 ἐμποδὼν
627 298 870 355 στήσεσθαι.
942 299 1107 349 οὐδενὸς
1136 298 1183 341 δέ
1209 299 1249 341 οἱ
1278 303 1361 341 τῶν
1390 300 1594 354 πολεμίων

133 367 461 418 ὖπαντιάσαντος
480 367 654 423 ἄσμενος
676 369 716 418 ἒς
736 372 809 425 γῆν
830 367 904 422 τὴν
926 369 1076 410 οῗκείαν
1098 367 1374 423 ἀπεκομίσθη.

270 436 320 494 γ’.
389 434 613 492 Γενόμενος
637 438 680 480 δὲ
702 435 722 479 ὅ
745 434 983 491 Βελισάριος
1005 438 1045 486 ἐς
1064 440 1139 492 γῆν
1162 436 1238 492 τὴν
1254 434 1466 490 Ῥωμαίων
1486 433 1595 493 εὖρί-
1619 437 1650 470 C

103 517 220 554 5σκει
247 506 323 561 τὴν
352 512 522 563 γυναῖκα
547 507 590 548 ἐκ
619 505 847 557 Βυζαντίου
878 505 1140 561 ἀφικομένην.
1211 506 1278 547 καὶ
1311 504 1440 558 αὐτὴν
1463 505 1538 560 μὲν
1554 506 1597 548 ἔν
1618 484 1651 518 v
1675 484 1742 518 285

134 574 278 634 ἀτιμίᾳ
309 574 540 631 ἐφύλασσε,
578 572 773 623 πολλάκις
789 591 832 616 τε
853 575 1185 630 διαχειρίσασθαι
1215 573 1343 628 αὐτὴν
1364 571 1602 631 ἐγχειρήσας

134 643 455 698 ἓμαλθακίσθη,
494 644 584 696 ἐμοὶ
611 643 685 696 μὲν
715 644 827 685 δοκεῖ
852 641 1003 698 ἔρωτος
1030 640 1232 697 ἡσσηθεὶς
1251 640 1453 698 διαπύρου
1476 641 1599 693 τινός.

135 712 238 768 φασὶ
258 713 303 755 δὲ
325 711 450 755 αὐτὸν
476 713 543 753 καὶ
561 711 822 766 μαγγανείαις
841 710 946 766 πρὸς
966 714 1039 766 τῆς
1059 711 1250 766 γυναικὸς
1279 710 1602 766 καταλαμβανό-

134 797 258 834 μενον
289 781 329 823 ἒν
357 784 415 838 τῷ
446 781 679 835 παραυτίκα
708 777 940 822 ἐκλύεσθαι.
1016 777 1179 829 Φῶτιος
1208 780 1252 821 δὲ
1279 777 1453 834 κάτοχος
1469 781 1509 829 ἔς
1527 779 1603 835 τὴν

81 846 304 905 1ονΕφεσον
333 849 564 901 στέλλεται,
602 851 684 890 τῶν
707 847 798 890 τινὰ
821 845 1022 901 εὐνούχων
1041 849 1297 904 Καλλίγονον
1319 847 1451 902 ὄνομα
1469 866 1604 903 προα-

134 917 268 973 γωγὸν
301 921 376 971 τῆς
407 916 650 971 κεκτημένης
680 914 779 959 ὄντα
816 915 1042 970 δεσμεύσας
1066 933 1109 959 τε
1139 918 1205 958 καὶ
1235 916 1306 967 ‘gin
1337 914 1450 975 αὑτῷ
1483 916 1599 972 ἔχων,

135 983 263 1042 ὅσπερ
291 985 405 1044 αὐτῷ
435 982 683 1039 αἰκιζόμενος
712 986 754 1028 ἐν
783 989 834 1042 τῇ
870 983 955 1043 ὁδῷ
985 983 1116 1042 ταύτῃ
1147 983 1310 1028 ἅπαντα
1337 983 1516 1041 ἐξήνεγκε
1547 985 1598 1028 τὰ
1621 994 1655 1042 D

75 1099 79 1103 ¹
135 1050 366 1110 ἀπόρρητα.
437 1056 505 1096 καὶ
535 1051 756 1103 Θεοδόσιος
784 1054 858 1108 μὲν
888 1053 1122 1108 προμαθὼν
1147 1054 1190 1103 ἐς
1215 1054 1263 1097 τὸ
1287 1053 1394 1110 ἱερὸν
1410 1052 1604 1097 Ἰωάννου

135 1120 378 1179 καταφεύγει
393 1125 468 1165 τοῦ
489 1120 747 1175 ἀποστόλου,
785 1121 885 1178 ὅπερ
906 1123 1090 1164 ἐνταῦθα
1112 1119 1339 1178 ἁγιώτατόν
1358 1139 1400 1165 τε
1424 1122 1605 1174 ἐπιεικῶς

81 1199 124 1236 15
137 1191 204 1232 καὶ
233 1188 393 1245 ἔντιμόν
422 1191 543 1234 ἔστιν.
610 1190 802 1246 Ἀνδρέας
822 1191 867 1233 δὲ
884 1189 905 1233 ὃ
928 1195 1002 1244 τῆς
1015 1191 1190 1247 Ἐφέσου
1212 1191 1421 1247 ἀρχιερεὺς
1437 1190 1604 1247 χρήμα-

134 1259 200 1301 σίν
225 1259 264 1302 οἶ
283 1258 547 1308 ἀναπεισθεὶς
566 1258 637 1302 τὸν
657 1259 882 1314 ἄνθρωπον
902 1260 1146 1315 ἐνεχείρισεν.
1217 1261 1258 1302 ἓν
1285 1257 1421 1318 τούτῳ
1443 1258 1467 1314 ἡ
1497 1262 1605 1304 Θεο-

136 1324 253 1384 δῶρα
275 1327 382 1384 ἀμφὶ
403 1331 454 1385 τῇ
470 1328 686 1384 Ἀντωνίνῃ
707 1330 998 1382 δειμαίνουσα,
1042 1324 1203 1382 ἠκηκόει
1223 1327 1300 1383 γὰρ
1323 1326 1402 1370 ὅσα
1427 1327 1478 1382 δὴ
1500 1328 1607 1387 αὐτῇ

135 1393 447 1448 ξυνεπεπτῶκει,
489 1393 733 1451 Βελισοῖριον
761 1396 832 1446 ξὺν
860 1395 966 1452 αὐτῇ
982 1395 1022 1445 ἐς
1042 1393 1268 1448 Βυζάντιον
1285 1396 1604 1451 μεταπέμπεται.

139 1461 303 1515 Φῶτιος
332 1465 377 1507 δὲ
401 1467 535 1507 ταῦτα
555 1461 735 1514 ἀκούσας
756 1461 980 1507 Θεοδόσιον
997 1465 1072 1518 μὲν
1094 1465 1136 1514 ἐς
1154 1466 1328 1514 Κίλικας
1349 1465 1493 1519 πέμπει
1503 1498 1518 1518 ,
1558 1459 1607 1508 οὗ

78 1531 189 1589 Ξοδὴ
220 1533 261 1576 οἳ
288 1530 516 1590 δορυφόροι
536 1549 579 1576 τε
600 1534 667 1576 καὶ
690 1531 944 1576 ὑπασπισταὶ
967 1530 1483 1588 διαχειμάζοντες,ἒ’τνχον,
1519 1540 1607 1585 τοῖς
1632 1542 1662 1576 Ρ
1689 1543 1733 1578 10

227 1676 260 1712 3.
297 1675 459 1722 οἰκείαν]
493 1676 616 1711 οἰκίαν
650 1677 719 1711 ΑΡ.
783 1721 786 1724 .
859 1675 893 1713 4.
922 1675 993 1721 τὴν
1017 1673 1235 1721 Ῥωμαίων]
1271 1676 1384 1721 Vulgo
1415 1678 1491 1711 τῶν
1518 1673 1611 1713 Ῥω-

227 1723 361 1768 μαίων.
522 1724 556 1758 6.
574 1720 799 1778 ,ἐγχειρήσας
827 1723 870 1758 Α.
916 1720 1117 1779 ἐγχειρίρας
1149 1723 1190 1756 Ρ.
1352 1725 1386 1758 7.
1421 1722 1608 1779 διαπύρου

228 1769 336 1803 Alem.
367 1769 408 1802 P.
469 1769 655 1813 διαπορου
690 1770 732 1803 Α.
916 1771 949 1804 9.
983 1768 1203 1813 §nav-somn]
1237 1767 1454 1805 ἔκλελυσθαι
1488 1771 1611 1805 chsk.

228 1815 314 1848 ibid.
345 1813 504 1859 κάτοχος
539 1815 628 1850 aiter
658 1815 734 1849 MS.
770 1815 876 1849 Alem.
923 1813 1096 1856 κάτοικος
1114 1816 1187 1850 ΑΡ.
1234 1814 1326 1850 κατὰ
1351 1815 1463 1861 τάχος
1486 1817 1607 1851 Reisk.

234 1862 287 1896 10.
332 1863 590 1906 Καλλίγονον]
639 1861 750 1905 Vulgo
796 1861 1015 1905 Καλίγονον.
1084 1862 1188 1897 Conf.
1235 1874 1269 1906 p.
1311 1864 1355 1897 10
1394 1864 1429 1897 d.
1487 1865 1530 1898 18
1573 1875 1607 1898 a.

230 1908 286 1943 18.
312 1906 549 1954 Βελισσάριον
573 1909 680 1942 Alem.
707 1910 743 1940 P.
794 1907 1022 1954 βελισσοὶριος
1045 1909 1085 1943 Α.
1226 1909 1281 1943 19.
1302 1912 1338 1942 et
1359 1920 1392 1954 p.
1413 1910 1471 1951 26,
1481 1910 1515 1944 2.
1541 1910 1608 1945 Κί-

230 1955 335 1993 λικας
358 1953 464 1990 Alem.
510 1952 673 1994 Κύλικας
695 1955 764 1988 ΑΡ.

139 2078 194 2112 ita·
213 2077 350 2123 quidem
373 2078 524 2114 virorum
549 2079 710 2124 impetum
736 2079 847 2124 potuit
871 2079 1044 2114 cohibere.
1093 2078 1232 2114 Veritus
1255 2083 1367 2113 tamen
1392 2092 1435 2114 ne
1461 2081 1516 2115 via
1540 2082 1608 2115 sibi

141 2124 426 2170 praecluderetur
456 2137 476 2160 a
506 2126 700 2166 Belisario,
736 2126 818 2160 inde
847 2131 961 2160 castra
993 2125 1119 2167 movit,
1150 2137 1292 2170 cumque
1319 2126 1444 2161 nullum
1469 2127 1609 2162 obvium

141 2170 318 2204 habuisset
342 2171 489 2213 hostem,
513 2183 633 2216 sospes
657 2172 803 2217 denique
822 2171 857 2205 in
882 2172 1027 2217 patriam
1053 2172 1234 2206 concessit.

233 2217 268 2252 3.
314 2216 410 2260 Ergo
434 2217 621 2252 Belisarius
645 2219 816 2251 Romanos
841 2218 906 2252 inm
930 2219 1016 2252 fines
1039 2217 1235 2261 ingressus,
1270 2229 1406 2252 uxorem
1437 2219 1611 2264 Byzantio

142 2261 278 2295 venisse
300 2263 453 2307 reperit,
487 2275 587 2308 quam
611 2264 703 2297 nullo
729 2265 857 2298 honore
881 2264 915 2297 in
939 2264 1106 2299 custodiis
1132 2265 1270 2304 habuit,
1307 2275 1479 2308 saepeque
1503 2266 1610 2298 confi-

137 2319 224 2343 cere
248 2319 433 2352 aggressus
456 2310 651 2352 relanguit,
683 2321 819 2351 amore,
853 2315 892 2344 ut
915 2311 1072 2354 equidem
1097 2321 1194 2350 reor,
1225 2310 1377 2343 mulieris
1402 2311 1531 2355 ingenti
1556 2323 1611 2345 re-

141 2353 311 2395 tardatus.
358 2355 430 2389 Sed
462 2356 530 2389 alia
564 2356 654 2389 fama
678 2362 750 2397 est,
786 2368 862 2390 eum
888 2369 908 2390 a
932 2356 1058 2390 femina
1088 2355 1284 2400 praestigiis
1310 2363 1612 2402 praeoccupatum,

142 2399 257 2432 statim
281 2399 391 2435 animo
416 2405 452 2435 et
475 2400 610 2434 viribus
633 2401 791 2436 enervari
815 2403 961 2437 solitum.
1008 2402 1099 2435 Tum
1126 2403 1269 2435 Photius
1293 2402 1386 2435 velut
1419 2403 1616 2447 lymphatus

145 2445 319 2489 Ephesum
345 2448 520 2491 provolat,
545 2448 726 2492 Calligono
752 2449 907 2481 eunucho
933 2447 1084 2481 nimirum
1110 2447 1302 2481 Antoninae
1327 2448 1447 2482 lenone
1472 2450 1613 2482 astricto

144 2491 289 2525 vinculis
313 2503 427 2526 secum
451 2493 621 2534 abducto,
647 2493 703 2538 qui
730 2493 851 2538 flagris
875 2494 910 2527 in
934 2494 992 2527 via
1018 2505 1140 2527 caesus
1164 2505 1290 2526 arcana
1314 2494 1423 2527 omnia
1450 2494 1613 2538 prodidit.

146 2536 243 2574 Hanc
265 2537 324 2570 ubi
349 2540 543 2583 praesensit
566 2539 804 2581 Theodosius,
834 2540 869 2573 in
902 2540 1041 2574 Ioannis
1071 2539 1226 2584 Apostoli
1257 2541 1416 2584 tempium
1444 2540 1612 2582 confugit,

146 2581 236 2626 quod
263 2583 392 2627 Ephesi
415 2585 638 2619 veneratione
660 2586 905 2620 sanctissimum
930 2586 1094 2625 habetur3
1116 2597 1236 2619 verum
1262 2586 1406 2629 pecunia
1432 2591 1614 2629 corruptus

149 2627 304 2662 Andreas
337 2630 431 2663 urbis
463 2631 608 2664 antistes
636 2631 729 2665 iilum
764 2632 888 2666 Photio
921 2631 1053 2665 dedidit
1076 2632 1112 2665 in
1139 2636 1355 2676 potestatem.
1402 2631 1499 2664 Inter
1530 2631 1613 2664 haec

78 2684 85 2691 ·
149 2673 267 2707 mulum
294 2675 482 2710 Antoninae
504 2677 618 2710 verita
642 2690 685 2712 ex
707 2677 760 2717 iis,
786 2689 874 2722 quae
899 2678 943 2711 de
966 2677 1024 2711 illa
1049 2683 1235 2722 acceperat
1258 2677 1456 2717 Theodora,
1483 2676 1614 2709 Belisa-

148 2718 235 2751 rium
258 2729 327 2753 una
349 2724 452 2764 atque
475 2722 566 2761 illam
591 2724 791 2768 Byzantium
818 2724 956 2758 accivit.
1005 2724 1140 2764 Quibus
1166 2723 1307 2756 Photius
1332 2722 1467 2762 auditis,
1492 2722 1526 2755 in
1551 2722 1615 2755 Ci-

148 2764 260 2798 liciam
285 2765 518 2802 Theodosium
543 2770 670 2814 abigit,
706 2769 763 2804 ubi
799 2771 957 2804 hastatos
980 2774 1085 2814 atque
1108 2775 1263 2803 scutatos
1286 2767 1410 2802 milites
1433 2778 1514 2802 suos
1541 2767 1612 2802 hie-
