1858 3126
304 143 333 184 2
343 141 400 186 16
879 141 1141 183 PROCOPII

300 255 462 306 ξυλίνων
483 258 629 310 τευχῶν
655 255 719 296 καὶ
753 252 882 294 ἄλλων
910 249 1096 293 τοιούτων
1124 252 1296 308 φορυτὸν
1324 252 1447 308 με’γαν
1467 252 1720 310 ἐπαγόμενος

299 315 340 372 ἒς
358 322 503 376 ταύτην
527 339 568 364 τε
590 322 660 375 τὴν
679 319 854 375 διώρυχα
877 317 1053 371 ἐμπεσὼν
1073 317 1296 374 ἀφανίζεται
1318 319 1496 375 ὑπόγειος
1514 323 1716 376 γεγενημέ-

296 406 375 439 νος.
439 387 604 445 ἡμέραις
623 389 666 430 δὲ
683 388 728 428 οὗ
749 389 912 434 πολλαῖς
930 383 1091 440 ὕστερον
1117 383 1281 438 ἄγχιστά
1300 404 1353 440 πη
1374 392 1451 429 τῶν
1478 389 1716 432 Θεοδοσιου-

297 455 446 505 πόλεως
465 455 580 511 ὁρίων
602 454 760 503 ἐκδοὺς,
790 453 829 494 ἒν
845 450 966 508 χώρῳ
985 450 1109 508 ἐφάνη
1131 453 1304 505 σημείοις
1322 454 1613 511 τεσσαράκοντα
1635 457 1717 499 διέ-

292 539 404 576 χοντι
430 522 603 575 μάλιστα
622 519 765 574 Δάρας
791 516 959 570 πόλεως,
994 516 1130 574 οἷσπερ
1150 516 1360 573 ἐπηγάγετο
1383 522 1425 562 ἐκ
1446 525 1523 567 τῶν
1543 524 1635 578 τῇδε
1656 522 1749 563 οἷ-5

297 591 391 630 κίων
411 590 613 643 γνωσθείς.
681 583 844 642 διεφάνη
862 585 937 641 γὰρ
963 585 1140 627 ἐνταῦθα
1159 583 1179 626 ὃ
1202 585 1396 642 συρφετὸς
1417 586 1519 636 ὅλος.
1564 627 1566 629 ,
1585 591 1650 630 καὶ
1671 589 1717 631 τὸ

301 656 437 697 λοιπὸν
458 658 496 697 ἐν
524 656 595 707 μὲν
616 651 747 709 εἰρήνῃ
773 654 836 693 καὶ
857 652 1026 707 ἀγαθοῖς
1044 650 1269 708 πράγμασιν
1290 653 1330 693 ἒν
1353 652 1453 708 μέσῃ
1479 652 1587 696 πόλει
1612 653 1719 709 γινό-

299 738 414 773 μενος
432 720 452 762 ὅ
471 720 648 773 ποταμὸς
665 714 790 769 οὗτος,
824 720 1053 775 περιπλέους
1069 736 1111 761 τε
1127 724 1198 760 τοῦ
1221 718 1367 768 ὕδατος
1386 719 1478 768 τοὺς
1489 723 1720 776 θησαυροὺς

299 786 560 843 ἐργασάμενος
567 819 580 838 ,
616 787 775 843 φέρεται
803 786 874 838 μὲν
891 790 962 839 τῆς
981 784 1130 834 πόλεως
1150 785 1225 835 ἔξω
1247 785 1313 826 διὰ
1339 790 1418 828 τῶν
1440 785 1583 836 ἐξόδων
1605 789 1718 843 αἵπερ

300 855 407 911 αὐτῷ
442 855 668 907 πεποίηνται
705 853 921 906 ἐξεπίτηδες
963 852 1062 909 πρὸς
1100 856 1178 893 τῶν
1213 854 1454 906 δειμαμὲνων
1485 854 1557 907 τὴν
1594 852 1719 904 πόλιν,
1731 858 1774 891 10

181 928 211 962 Ρ
234 927 279 964 33
299 920 428 977 ὥσπερ
455 937 523 973 μοι
543 920 702 974 ἔναγχος
728 917 962 973 δεδιήγηται.
1031 918 1208 975 ἄρδεύων
1229 920 1272 960 δὲ
1291 919 1340 961 τὰ
1361 920 1482 975 ἐκείνῃ
1497 921 1628 976 χωρία
1646 937 1722 962 πο-ὲ

295 987 427 1036 θεινὸς
443 986 567 1028 ἅπασι
583 993 665 1035 τοῖς
683 990 943 1042 περιοικοῦσιν
961 986 1001 1034 ἒς
1020 986 1077 1027 ἀεὶ
1099 987 1254 1040 γίνεται.
1297 987 1453 1028 ἐπειδὰν
1471 987 1514 1027 δὲ
1529 989 1723 1039 πολεμίων

294 1053 462 1110 στρατὸς
487 1051 541 1102 ὥς
558 1052 827 1108 πολιορκήσων
851 1053 922 1106 τὴν
943 1051 1056 1094 πόλιν
1073 1054 1248 1095 ἐνταῦθα
1266 1052 1317 1094 ἴοι
1327 1085 1340 1104 ,
1373 1053 1445 1102 τὰς
1464 1053 1535 1106 μὲν
1555 1054 1623 1097 διὰ
1645 1058 1723 1095 τῶν

295 1111 467 1176 σιδηρῶν
491 1120 638 1171 ὀβελῶν
666 1117 824 1167 ἐξόδους
855 1117 1106 1170 ε’πιβύσαντες
1127 1127 1208 1168 τοῖς
1237 1118 1501 1175 καταράκταις
1527 1121 1721 1173 καλουμέ-

294 1203 399 1237 νοις,
435 1186 574 1227 αὗτίκα
591 1202 632 1226 τε
654 1185 720 1226 τὸν
741 1185 919 1236 ποταμὸν
940 1186 1252 1240 ,ιιεταπεφνκὲναι
1279 1188 1343 1226 καὶ
1365 1186 1436 1239 τὴν
1463 1187 1626 1240 ἐκβολὴν
1649 1204 1722 1239 με·
1733 1192 1777 1228 15

294 1250 585 1308 ταπορεύεσθαι
601 1250 834 1304 βιασάμενοι
857 1249 1004 1306 ἀνάγκῃ
1019 1250 1293 1308 χειροποιήτῳ,
1317 1253 1382 1293 ἐπί
1398 1269 1439 1293 τε
1457 1252 1527 1305 τὴν
1548 1252 1725 1307 διώρυχα

296 1321 362 1360 καὶ
383 1319 428 1361 τὸ
451 1319 606 1360 ἐνθένδε
628 1316 855 1373 περιάγουσι
879 1316 992 1369 χάος.
1059 1320 1124 1359 καὶ
1148 1318 1220 1359 ἀπ’
1246 1318 1369 1359 αὐτοῦ
1385 1318 1423 1359 οἱ
1445 1318 1622 1370 πολέμιοι
1639 1335 1726 1360 πιε-

295 1385 446 1438 ζόμενοι
475 1389 548 1427 τοῦ
565 1383 711 1433 ὕδατος
728 1388 778 1438 τῇ
799 1383 942 1440 ἀπορίᾳ
965 1382 1136 1425 διαλύειν
1158 1383 1437 1438 ἀναγκάζονται
1467 1385 1537 1438 τὴν
1563 1389 1726 1441 πολιορ-

292 1454 379 1494 κίαν
403 1450 537 1500 εὐθύς.
602 1449 819 1506 Μιρράνης
835 1450 966 1502 ἀμέλει
985 1447 1005 1490 ὃ
1022 1452 1194 1505 Περσῶν
1213 1450 1431 1506 στρατηγὸς
1448 1452 1509 1492 ε’πὶ
1526 1450 1724 1504 Καβάδου

247 1529 275 1563 Β
293 1517 570 1572 βασιλεύοντος
591 1519 652 1559 ἐπὶ
668 1518 873 1574 πολιορκία
889 1518 1065 1557 ἐνταῦθα
1083 1516 1200 1570 ἥκων,
1234 1515 1387 1566 τούτοις
1405 1534 1445 1559 τε
1463 1523 1581 1560 πᾶσιν
1600 1518 1780 1573 duvay-20

293 1587 471 1635 κασθεὶς,
501 1584 700 1639 ἄπρακτος
718 1583 787 1625 οὗκ
807 1585 860 1631 εἷς
881 1583 1039 1639 μακρὰν
1058 1582 1290 1639 ἀνεχώρησε.
1356 1586 1422 1625 καὶ
1441 1583 1631 1640 Χοσρόης
1651 1586 1725 1626 αὗ·-

293 1652 362 1701 τὸς
391 1654 527 1706 πολλῷ
553 1649 716 1706 ὕστερον
745 1649 811 1690 ἐπ’
833 1649 939 1706 αὐτῷ
967 1647 1094 1706 τούτῳ
1126 1649 1363 1706 ἀφικόμενος
1389 1655 1546 1708 στρατῷ
1566 1650 1727 1708 μεγάλῳ

296 1719 532 1773 ἐγκεχείρηκε
565 1722 613 1772 τῇ
641 1719 680 1765 ἐς
702 1716 772 1769 τὴν
801 1714 913 1757 πόλιν
940 1717 1140 1771 ἐπιβουλῇ.
1206 1715 1352 1765 ὕδατός
1377 1734 1418 1758 τε
1442 1717 1608 1773 ἀπορίας
1637 1719 1726 1774 πέρι

295 1786 507 1838 ἀμηχανῶν
517 1814 530 1834 ,
565 1785 629 1824 καὶ
666 1780 1008 1835 ἀποσκοπούμενος
1042 1782 1113 1835 τὴν
1150 1787 1220 1823 τοῦ
1250 1782 1460 1839 περιβόλου
1488 1782 1725 1840 ὑπερβολὴν,

298 1850 452 1906 ἄμαχόν
477 1867 518 1892 τε
541 1849 662 1904 αὐτὴν
691 1851 861 1906 διαρκῶς
879 1847 1107 1891 ὗποπτεύων
1128 1847 1244 1902 εἶναι,
1277 1852 1342 1892 καὶ
1364 1850 1412 1892 τὰ
1434 1852 1723 1906 βεβουλευμένα
1733 1860 1777 1895 25

298 2058 397 2100 atque
412 2056 475 2090 alia
489 2056 521 2089 id
538 2066 642 2099 genus
657 2054 792 2101 plurima
810 2056 998 2090 convehens
1009 2082 1018 2098 ‚
1039 2056 1097 2090 ubi
1122 2055 1155 2090 in
1179 2057 1309 2090 foveam
1325 2055 1412 2090 illam
1427 2054 1569 2098 decidit,
1592 2056 1723 2091 subter-

296 2112 397 2134 raneo
414 2107 521 2133 meatu
538 2101 676 2142 suffugit
691 2101 810 2135 oculos.
860 2102 977 2135 Paucis
997 2106 1074 2146 post
1089 2101 1222 2142 diebus,
1245 2101 1394 2146 proxime
1409 2101 1725 2146 Theodosiopolita-

296 2156 371 2178 num
395 2145 524 2178 limitem
547 2146 711 2189 redditus,
735 2146 891 2190 apparuit
915 2145 1163 2190 quadragesimo
1191 2146 1299 2191 lapide
1318 2147 1361 2179 ab
1384 2146 1466 2179 urbe
1487 2146 1596 2187 Dara,
1618 2146 1657 2179 iis
1681 2158 1723 2180 ex

296 2190 395 2222 rebus
421 2190 575 2232 agnitus,
600 2200 681 2232 quas
705 2189 790 2223 illius
811 2190 958 2224 domibus
982 2195 1236 2234 exportaverat:
1268 2201 1341 2223 nam
1367 2194 1440 2224 tota
1465 2190 1621 2224 colluvies
1645 2191 1724 2224 illuc

297 2233 417 2277 erupit.
465 2234 520 2267 Ex
544 2245 582 2266 eo
605 2239 774 2278 tempore,
795 2245 865 2267 cum
887 2247 952 2280 pax
975 2234 1069 2278 viget
1093 2246 1132 2268 ac
1155 2235 1240 2268 bono
1256 2246 1309 2268 res
1325 2235 1397 2268 loco
1413 2238 1510 2277 sunt,
1533 2234 1654 2268 fluvius
1670 2235 1725 2268 hic

296 2278 435 2313 mediam
452 2279 565 2311 urbem
580 2277 795 2318 intermeans,
819 2278 874 2312 ubi
894 2279 1052 2312 cisternas
1074 2291 1159 2324 aqua
1176 2279 1345 2323 implevit,
1370 2280 1439 2313 exit
1456 2290 1516 2324 per
1533 2279 1638 2322 ostia,
1659 2279 1725 2313 sibi

296 2323 338 2356 de
352 2322 527 2364 industria,
542 2325 579 2355 ut
594 2322 741 2375 proxime
756 2323 833 2365 dixi,
853 2324 894 2357 ab
908 2325 972 2357 illis
988 2329 1147 2366 extructa,
1167 2325 1220 2368 qui
1237 2325 1348 2358 urbem
1364 2324 1590 2359 aedificarunt.
1636 2324 1724 2358 'rum

296 2378 396 2410 agros
413 2367 535 2400 vicinos
550 2367 712 2410 irrigans,
736 2379 847 2401 omnes
872 2369 1001 2402 accolas
1025 2369 1126 2402 beare
1141 2371 1237 2403 solet.
1288 2369 1410 2402 Verum
1423 2369 1518 2402 simul
1534 2380 1573 2402 eo
1589 2368 1725 2402 advenit

297 2411 425 2445 hostilis
447 2411 632 2450 exercitus,
656 2413 770 2446 urbem
794 2411 1087 2455 circumsessurus,
1107 2414 1210 2457 ostia,
1233 2424 1319 2458 quae
1341 2413 1430 2446 ferro
1456 2413 1619 2446 clathrata
1633 2417 1723 2457 sunt,

299 2456 451 2489 vectibus
466 2457 655 2496 obstruunt3
679 2468 755 2490 mox
776 2467 900 2491 amnem
927 2458 1092 2492 divertere
1114 2470 1215 2502 seque
1231 2458 1296 2491 alio
1312 2468 1491 2491 exonerare
1506 2462 1652 2491 coactum
1668 2469 1723 2491 so·-

299 2501 377 2534 lerti
400 2511 518 2541 manu,
541 2500 575 2532 in
601 2500 729 2534 foveam
755 2512 794 2534 ac
814 2500 1000 2535 barathrum
1018 2503 1092 2535 huic
1107 2501 1311 2536 subiunctum
1333 2502 1508 2535 abducunt.
1556 2502 1723 2542 Quocirca

299 2547 411 2579 hostes
437 2555 543 2588 aquae
562 2546 697 2588 penuria
720 2546 926 2587 laborantes,
951 2547 1152 2580 obsidionem
1177 2546 1347 2580 confestim
1366 2547 1499 2580 solvere
1513 2558 1648 2580 necesse
1663 2547 1723 2580 ha-

299 2591 388 2623 bent.
433 2589 533 2622 Certe
549 2589 734 2622 Mirrhanes
751 2591 926 2624 Persarum
945 2590 1030 2632 dux,
1054 2596 1213 2634 regnante
1228 2591 1362 2624 cabade
1375 2616 1385 2632 ,
1410 2602 1480 2624 cum
1495 2592 1609 2624 urbem
1624 2591 1724 2625 obse-

300 2634 416 2676 disset,
440 2634 488 2666 his
503 2633 648 2666 omnibus
662 2635 816 2676 adactus,
839 2646 878 2668 re
891 2635 1032 2676 infecta,
1054 2636 1149 2669 brevi
1164 2635 1338 2669 abscessit:
1366 2635 1502 2680 ipseque
1517 2635 1600 2669 adeo
1617 2637 1722 2669 Chos—

300 2681 397 2722 roes,
418 2679 518 2712 multo
543 2683 638 2722 post,
663 2679 852 2722 ingentibus
876 2680 978 2724 copiis
1003 2691 1113 2713 secum
1134 2680 1241 2712 ductis
1265 2681 1408 2713 tentavit
1430 2681 1561 2714 urbem
1591 2680 1651 2714 sed
1666 2679 1721 2713 ubi

299 2734 406 2766 aquae
420 2723 560 2767 inopiam
574 2723 687 2757 levare
701 2723 837 2767 nesciit,
859 2731 894 2758 et
909 2724 981 2759 visa
1006 2735 1166 2759 murorum
1192 2724 1382 2768 altitudine,
1406 2725 1497 2770 ipsos
1515 2725 1720 2772 inexpugna-
