1800 3126
29 8 32 15 -

0 0 35 145 ξ

26 93 30 103 e

0 148 5 157 ι

2 175 4 179 '
15 179 24 194 ,ο

0 195 26 246 ἐξ
91 217 96 229 ι

0 278 21 339 ἓ..

0 343 27 498 ἕ

0 855 10 901 δι’
17 878 19 883 1

0 1027 9 1075 i

448 146 510 190 IN
536 147 742 191 LIBROS
769 146 888 191 VIII.
955 147 1032 190 DE
1063 145 1271 193 BELLlS.

170 255 302 289 Romae
326 253 422 288 sed'et
443 253 475 294 Ι,
497 254 583 296 313,
618 254 672 289 17.
706 253 834 288 adven-

169 305 267 334 tante
281 299 428 340 Alarico,
444 301 637 333 Ravennam
662 311 698 334 se
715 299 837 345 recipit

172 346 202 389 Ι,
220 346 298 386 313,
313 347 368 380 21.
396 345 535 379 Romam
551 345 709 390 gallinam
724 346 838 390 inepte

171 397 265 426 amat
280 391 307 432 l,
329 391 410 431 316,
435 391 490 425 13.
517 403 558 424 ex
579 391 711 425 incerto
728 402 839 425 rerum

171 441 296 471 eventu
314 436 440 482 pendet
465 437 490 478 Ι,
508 437 590 480 317,
617 437 673 472 20.
695 437 750 470 vir
777 436 841 470 mi·-

170 483 258 516 nime
289 482 406 524 malus,
447 481 503 515 dei
533 493 629 526 opem
669 483 842 528 experitur

172 529 202 569 1,
227 529 307 571 318,
332 529 365 563 7.
408 528 507 562 sedes
531 527 696 563 Vandalis
722 528 841 562 tribuit

170 573 204 607 in
229 573 397 618 Hispania
422 574 527 607 certis
551 573 796 607 conditionibus
812 574 840 615 Ι,

170 620 261 660 319,
291 621 346 654 11.
374 621 490 652 morbo
514 619 583 652 obit
609 618 645 660 I,
676 619 762 659 319,
789 620 839 653 19.

126 663 243 698 Hunni
265 664 350 709 vagi·
378 664 613 708 deformesque
647 669 787 710 aspectu
810 665 839 708 Ι,

175 711 232 753 16,
256 711 290 744 5.
312 710 485 744 literarum
503 709 607 744 rudes
628 709 674 754 ΙΙ,
700 711 778 752 556,
807 711 840 744 1.

170 755 333 790 mei-ebibi
358 756 385 798 l,
402 756 480 797 364,
504 757 539 790 4.
563 755 731 799 sagittarii
746 755 838 801 peri-

170 801 292 836 tissimi
307 801 364 844 ΙΙ,
390 803 475 843 129,
500 802 532 835 8.
562 802 628 836 146
663 803 695 836 3.
725 801 838 835 ἱππο-

172 844 326 889 τοξόται
363 847 393 887 Ι,
429 847 509 888 359,
540 848 595 881 20.
633 847 723 881 inter
746 847 838 892 ipsos

171 893 339 927 foeminae
370 903 462 926 arma
500 897 653 926 tractant
690 893 734 933 ll,
758 894 838 933 470,

169 939 228 974 23.
262 938 430 972 cuiusdam
468 937 681 983 privilegium
709 939 736 975 1.
757 938 838 981 386,

171 987 205 1020 8.
229 984 308 1018 dicti
325 983 542 1027 Massagetae
558 995 578 1016 a
593 983 763 1029 Procopio
776 1009 784 1023 ‚
806 988 839 1016 et

170 1029 248 1064 vice
272 1041 375 1063 versa
391 1030 418 1069 1,
439 1031 514 1071 109,
539 1030 570 1064 8.
595 1030 674 1072 329,
699 1032 732 1064 7.
757 1029 837 1070 359,

109 1085 114 1089 ’
169 1077 225 1110 20.
250 1076 330 1117 386,
354 1076 386 1110 8.
411 1075 455 1116 ll,
482 1075 559 1118 146,
589 1076 622 1109 2.
647 1086 762 1109 eorum
781 1086 837 1109 se-

171 1122 233 1156 des
257 1121 292 1164 1,
315 1120 382 1164 48,
407 1122 439 1155 6.
478 1120 541 1163 57,
567 1122 621 1156 16.
654 1122 743 1163 216,
778 1122 835 1155 20.

171 1168 260 1209 283,
283 1168 318 1202 2.
343 1167 396 1206 ΙΙ,
418 1166 497 1207 469,
522 1166 575 1201 14.
599 1165 689 1208 480,
724 1167 778 1201 16.
801 1165 836 1199 in

170 1212 343 1247 Persidem
359 1212 548 1256 irrumpunt
570 1212 597 1253 1,
618 1214 676 1253 42,
700 1214 734 1247 9.
760 1212 836 1257 qui-

169 1259 244 1293 dam
261 1259 438 1292 Persarum
455 1258 538 1291 socii
560 1258 588 1300 Ι,
611 1260 691 1302 268,
720 1259 752 1294 2.
775 1259 836 1292 hos

169 1304 377 1339 Iustinianus
407 1315 624 1348 corrumpere
656 1303 774 1338 nititur
807 1304 836 1345 Ι,

173 1350 252 1391 154,
275 1351 310 1384 2.
336 1349 415 1391 165,
438 1351 494 1384 12.
519 1351 596 1392 197,
623 1351 676 1384 18.
702 1349 837 1394 quidam

170 1396 331 1430 Romanis
359 1395 502 1429 militant
533 1396 574 1436 I,
609 1397 697 1435 270,
722 1397 777 1430 19.
802 1395 838 1428 in

171 1442 325 1475 Gotthos
343 1442 387 1484 ΙΙ,
411 1442 467 1483 26,
491 1443 543 1476 17.
572 1441 650 1483 125,
676 1442 732 1476 21.
756 1442 836 1482 598,

169 1488 225 1522 23.
259 1487 292 1521 in
326 1487 499 1521 Vandalus
527 1487 565 1528 Ι,
599 1487 688 1525 412,
715 1488 769 1522 13.
794 1487 839 1521 de

172 1532 335 1567 Romanis
357 1537 545 1578 queruntur
565 1533 593 1573 Ι,
619 1533 708 1573 386,
743 1534 778 1568 8.
803 1533 837 1566 in

170 1578 247 1612 acie
267 1582 360 1612 stant
381 1590 530 1612 seorsum
551 1578 580 1622 Ι,
597 1578 675 1619 420,
699 1579 754 1612 22.
779 1577 839 1611 alii

170 1624 316 1659 traiecto
334 1625 421 1658 Istro
449 1625 621 1669 Europam
647 1628 682 1657 et
705 1628 838 1669 partem

170 1669 274 1704 Asiae
289 1670 492 1715 populantur
510 1670 539 1711 Ι,
568 1670 645 1711 167,
672 1671 726 1704 13.
755 1681 838 1702 con-

172 1720 227 1750 tra
247 1726 372 1750 morem
393 1726 490 1750 suam
512 1716 615 1749 urbes
638 1719 674 1748 et
698 1715 840 1749 castella

173 1767 381 1807 oppugnant.
406 1763 487 1795 ibid.
514 1761 685 1803 illyricum
700 1766 839 1794 vastant

173 1807 220 1849 ΙΙ,
237 1808 317 1849 321,
339 1805 372 1841 4.
397 1807 513 1840 Hunni
533 1806 621 1849 albi3
643 1808 722 1841 vide
740 1807 837 1851 Eph-

171 1853 324 1888 thalme.
370 1852 488 1886 Hunni
509 1852 691 1891 Cimmerii,
710 1852 838 1885 Cutur-

174 1899 263 1944 guri,
288 1898 416 1941 Sabiri,
441 1898 629 1942 Uturguri:
663 1899 743 1932 vide
765 1898 838 1932 sin-

174 1947 263 1991 gula
278 1945 361 1978 hacc
373 1946 541 1978 vocabula
561 1944 630 1977 suis
643 1945 735 1977 locis.

128 1990 272 2034 Hydrus
288 1988 370 2023 urbs
388 1990 511 2032 1,310-,
538 1989 593 2024 15.
619 1990 698 2029 311,
725 1989 759 2023 9.
792 1988 839 2031 II,

174 2036 255 2078 373,
278 2037 314 2070 9.
336 2035 416 2079 391,
438 2037 471 2071 7.
496 2037 552 2069 21.
575 2036 663 2076 401,
695 2035 728 2068 9.
759 2034 840 2068 olim

174 2081 267 2115 dicta
290 2081 405 2125 Dyrus
427 2081 481 2123 IL,
504 2082 567 2119 79.
595 2081 649 2115 16.
673 2081 758 2123 163,
782 2081 840 2115 23.

175 2132 336 2171 quantum
360 2127 515 2160 Tarento
548 2126 665 2159 dissita
689 2126 734 2167 11,
757 2126 837 2167 376,

173 2173 210 2208 3.
235 2172 307 2207 eins
337 2172 512 2207 castellum
540 2172 695 2206 obsident
718 2171 842 2205 Gotthi

173 2219 220 2262 ΙΙ,
239 2219 320 2262 315,
344 2221 385 2254 11
425 2217 626 2252 obsidionem
643 2217 781 2251 solvunt
791 2218 838 2259 ΙΙ,

129 2276 133 2279 “
175 2265 256 2306 317,
269 2266 303 2299 7.
327 2265 404 2299 350.
423 2266 476 2299 16.
503 2264 719 2298 Praefectum
734 2264 838 2299 habet

175 2309 356 2345 Pacarium
377 2310 422 2352 ΙΙ,
447 2310 527 2351 597,
553 2310 584 2344 6.
607 2310 688 2352 634,
710 2310 744 2344 3.

132 2355 303 2402 Hypatius
323 2355 519 2401 Ephesinus
535 2355 699 2398 Antistes,
721 2355 837 2399 Lega-

178 2407 234 2436 tus
255 2401 296 2435 ad
319 2401 418 2437 Rom.
447 2401 650 2435 Pontificem
666 2401 838 2445 religionis

179 2458 281 2482 eausa
304 2447 351 2485 ΙΙ,
377 2448 432 2488 17,
457 2448 510 2481 12.
555 2458 628 2482 cum
655 2447 837 2481 Theodato

180 2493 265 2527 clam
297 2492 370 2538 agit
404 2493 451 2535 ΙΙ,
477 2494 534 2536 18,
554 2494 590 2528 2.
634 2493 839 2538 Byzantium

179 2539 270 2572 redit
290 2539 343 2580 11,
367 2540 412 2574 21
425 2564 435 2580 ,
457 2539 494 2574 3.

133 2583 308 2630 Hypatius
334 2585 504 2619 Anastasii
532 2584 620 2629 Aug.
650 2595 694 2618 ex
722 2595 840 2618 sorore

180 2640 306 2674 nepos,
327 2630 497 2674 Magister
518 2630 588 2664 mil.
611 2630 646 2664 in
669 2629 843 2675 praesenti

179 2675 209 2718 Ι,
229 2675 286 2716 39,
309 2677 364 2710 17.
387 2676 488 2720 fugit,
511 2676 721 2722 interceptus
735 2688 756 2711 a
770 2676 842 2711 Ca-

179 2720 270 2755 bade
299 2721 484 2755 Persarum
507 2733 600 2766 rege.
637 2723 672 2765 l,
700 2724 758 2764 41,
784 2724 840 2758 12.

179 2764 301 2801 Iustini
323 2766 474 2812 legatus,
507 2767 680 2802 Patricius
706 2772 743 2802 et
762 2768 842 2803 Ma-

180 2811 288 2858 gister
303 2811 369 2847 mil.
392 2812 544 2848 Orientis
557 2813 588 2857 1,
603 2813 661 2857 54,
685 2815 718 2850 8.
735 2825 842 2850 exau-

1497 144 1594 190 501

926 258 1078 289 ctoratur
1108 255 1146 297 Ι,
1182 254 1249 297 56,
1277 251 1331 288 15.
1371 252 1406 286 in
1427 251 1596 286 seditione

927 301 990 335 sibi
1007 301 1050 334 ab
1074 312 1114 334 eo
1131 300 1226 334 timet
1245 298 1446 333 lastinianus
1470 299 1499 335 1,
1514 299 1594 339 123,

929 349 984 382 11.
1010 358 1071 392 per
1093 346 1161 380 vim
1185 358 1206 380 a
1227 344 1400 380 seditiosis
1423 344 1464 376 fit
1487 343 1594 387 impe-

931 396 1027 426 rator
1043 393 1070 432 Ι,
1088 392 1166 434 124,
1191 393 1222 426 1.
1257 395 1380 435 torque
1408 393 1594 422 coronatur

932 438 968 480 Ι,
1005 439 1080 478 124,
1119 439 1152 474 9.
1192 437 1325 471 ducitur
1348 435 1383 469 in
1405 435 1540 469 Circum
1565 435 1596 476 I,

935 483 1009 520 124.
1034 486 1066 519 9.
1093 483 1191 518 sedet
1213 483 1247 516 in
1270 482 1354 516 solio
1378 479 1595 526 imperatoris

932 529 961 573 Ι,
988 531 1064 570 127,
1094 530 1126 564 6.
1163 534 1282 574 captus
1314 527 1481 562 occiditur
1518 536 1594 560 cum

929 575 1089 620 Pompeio
1106 576 1212 609 fratre
1227 575 1254 619 l,
1275 575 1350 613 128,
1369 575 1424 608 21.

884 620 1006 654 labdas
1025 621 1218 654 Maurorum
1243 620 1401 666 princeps
1422 618 1458 652 in
1480 620 1594 652 monte

930 667 1073 700 Aurasio
1086 668 1110 707 l,
1124 668 1203 709 462,
1217 668 1269 701 19.
1288 665 1474 699 Numidiam
1481 666 1596 698 vastat

928 712 959 755 I,
984 713 1063 752 463,
1089 716 1121 748 1.
1149 712 1221 746 eius
1238 711 1409 755 singulare
1423 716 1595 744 certamen

929 769 1002 792 cum
1019 759 1134 792 Althia
1148 758 1173 790 Ι.
1199 757 1280 799 464,
1310 758 1342 791 6.
1377 757 1595 801 Mephaniam

928 815 1082 838 socerum
1113 803 1238 837 occidit
1269 803 1306 845 Ι,
1336 803 1416 845 465,
1448 803 1480 837 5.
1521 802 1594 836 eius

928 850 1028 883 dubia
1043 850 1077 883 in
1103 850 1245 883 Stozam
1276 848 1359 882 fides
1389 849 1417 888 I,
1448 849 1528 890 487,
1558 850 1592 883 9.

929 897 1057 941 petitur
1073 908 1093 929 a
1110 895 1290 929 Salomone
1314 895 1342 935 I,
1368 894 1447 935 493,
1472 896 1528 928 20.
1558 894 1594 927 in

931 941 1051 975 montis
1082 941 1220 975 Aurasii
1259 940 1388 974 culmen
1419 940 1535 973 evadit
1562 940 1592 982 I,

929 987 1010 1027 496,
1030 989 1059 1024 1.
1082 987 1214 1021 saucius
1242 986 1330 1029 sugit
1359 985 1393 1018 in
1424 985 1594 1019 Maurita-

929 1033 1016 1066 niam
1041 1033 1068 1074 Ι,
1094 1033 1173 1074 500,
1205 1035 1235 1067 1.
1276 1031 1515 1074 Carthaginem
1539 1030 1593 1064 in-

928 1080 1035 1112 festus
1051 1079 1139 1124 petit
1154 1078 1181 1120 1,
1198 1077 1280 1120 515,
1296 1078 1350 1112 16.
1374 1076 1487 1111 victus
1503 1076 1593 1111 cedit

927 1124 973 1164 ΙΙ,
998 1124 1076 1165 549,
1095 1126 1152 1158 20.

881 1169 994 1204 Iacobi
1018 1170 1192 1203 Eremitae
1216 1167 1435 1203 sanctimonia
1463 1178 1505 1202 ac
1530 1167 1593 1202 mi-

926 1216 1074 1250 raculum
1090 1216 1208 1259 ingens
1223 1216 1252 1257 Ι,
1276 1214 1331 1257 34,
1357 1214 1409 1248 15.

879 1261 980 1295 Ianus
1011 1262 1150 1295 deorum
1186 1261 1363 1295 Penatium
1391 1259 1516 1305 primus
1545 1259 1592 1301 ΙΙ,

930 1309 1008 1349 122,
1038 1310 1074 1342 9.
1099 1307 1171 1341 eius
1186 1307 1288 1341 aedes
1310 1317 1350 1341 ac
1380 1306 1592 1341 simulacrum

930 1354 1060 1387 Romae
1078 1354 1105 1398 Ι,
1131 1354 1208 1395 122,
1234 1353 1289 1387 13.

883 1410 981 1445 Iason
1013 1416 1048 1444 et
1077 1410 1203 1444 Medea
1234 1413 1377 1454 egerunt
1413 1409 1446 1442 in
1485 1409 1593 1443 media

931 1456 1094 1490 Colchide
1111 1457 1137 1497 Ι,
1160 1455 1240 1497 225,
1262 1457 1294 1490 8.
1319 1457 1361 1489 ab
1385 1455 1466 1500 ipsis
1486 1456 1594 1489 inter-

928 1503 1040 1536 fectus
1063 1503 1232 1546 Absyrtus
1248 1501 1294 1543 ΙΙ,
1325 1502 1407 1544 465,
1447 1501 1501 1537 13.
1531 1512 1592 1535 eo-

928 1559 999 1582 rum
1016 1550 1097 1592 suga
1114 1548 1158 1590 ΙΙ,
1182 1547 1261 1591 466,
1285 1548 1319 1582 7.

881 1603 1000 1639 Iberes
1031 1604 1148 1649 optimi
1182 1604 1370 1638 Christiani
1407 1603 1442 1637 in
1471 1602 1594 1637 Iustini

929 1653 1018 1694 Aug.
1044 1650 1145 1683 fidem
1161 1650 1350 1683 concedunt
1379 1650 1416 1691 I,
1449 1651 1512 1691 56,
1537 1651 1594 1683 22.

927 1695 1130 1739 Byzantium
1155 1695 1295 1729 veniunt
1325 1696 1352 1738 1,
1384 1696 1440 1735 58,
1465 1695 1516 1729 14.
1552 1694 1594 1728 fit

928 1742 978 1776 eis
1001 1740 1098 1786 ‘optio
1122 1741 1275 1775 manendi
1299 1741 1354 1774 vel
1379 1740 1543 1774 redeundi
1565 1740 1595 1782 1,

931 1788 1010 1829 113,
1035 1789 1090 1821 21.
1115 1787 1347 1820 commercium
1372 1791 1538 1820 exercent
1559 1785 1594 1819 in

928 1833 1162 1870 Persarmenia
1187 1833 1215 1873 l,
1237 1833 1315 1875 263,
1341 1835 1374 1867 8.
1403 1831 1595 1865 alienissimi

929 1889 950 1912 a
964 1878 1078 1912 Persis
1097 1878 1124 1918 I,
1140 1879 1219 1920 282,
1235 1879 1290 1911 20.
1319 1878 1465 1912 Meschis
1486 1878 1594 1922 impe-

929 1929 1008 1958 rant
1032 1924 1074 1964 ll,
1099 1924 1178 1967 467,
1206 1924 1259 1957 15.
1285 1923 1418 1957 Iberiae
1448 1923 1535 1956 situs
1565 1923 1594 1964 Ι,

930 1971 997 2011 56,
1031 1970 1089 2003 22.
1129 1969 1308 2003 australem
1345 1969 1416 2002 eius
1455 1969 1595 2003 limitem

931 2015 1023 2049 Boas
1041 2015 1099 2047 flu.
1123 2015 1261 2055 alluit-1,
1278 2016 1358 2056 288,
1380 2016 1434 2049 23.
1459 2015 1492 2047 in
1515 2026 1594 2058 sep-

931 2061 1127 2095 tentrionali
1144 2067 1196 2094 est
1212 2065 1308 2104 porta
1324 2060 1450 2106 Capsia
1482 2061 1518 2102 I,
1535 2060 1593 2104 48,

931 2107 963 2142 4.
993 2107 1107 2141 evadit
1122 2107 1201 2140 illuc
1217 2118 1311 2140 mons
1334 2107 1484 2140 Taurus.
1507 2107 1593 2140 ibid.

931 2155 998 2195 77,
1022 2155 1056 2188 7.
1081 2153 1123 2187 ad
1150 2152 1294 2186 iberiam
1315 2152 1501 2198 porrigitur
1525 2151 1595 2184 La-

931 2199 1005 2232 zica
1031 2199 1059 2239 Ι,
1090 2200 1170 2240 288,
1200 2199 1256 2234 23.
1293 2198 1400 2244 ipsam
1431 2197 1595 2242 contingit

928 2243 1088 2279 Armenia
1101 2245 1149 2287 ΙΙ,
1165 2245 1244 2285 467,
1259 2245 1292 2278 2.

880 2299 1058 2344 Iebusaei,
1073 2312 1093 2335 a
1108 2301 1208 2335 Iosue
1224 2300 1311 2347 pulsi
1327 2301 1356 2343 Ι,
1371 2301 1451 2344 449,
1476 2302 1530 2338 22.

882 2359 1003 2400 Iasus,
1036 2358 1102 2392 Dei
1123 2359 1228 2394 filium
1256 2371 1295 2394 se
1319 2358 1446 2404 probat
1466 2357 1591 2392 sancti·-

927 2409 1000 2438 tate
1021 2404 1116 2438 vitae
1140 2411 1174 2439 et
1194 2406 1364 2440 miraculis
1387 2406 1423 2449 1,
1457 2406 1536 2445 208,
1560 2405 1591 2438 1.

928 2452 1100 2494 Augarum
1116 2451 1271 2486 Edessae
1285 2451 1514 2497 Toparcham,
1530 2461 1593 2493 po-

927 2496 1036 2540 dagra
1073 2497 1305 2541 laborantem,
1343 2495 1450 2531 literis
1483 2498 1591 2528 sanat.

927 2542 1011 2576 ibid.
1036 2542 1195 2588 Procopii
1223 2542 1380 2577 iudicium
1407 2544 1448 2574 de
1474 2540 1592 2584 provi-

931 2586 1048 2620 dentia
1062 2588 1194 2623 Christi
1205 2588 1238 2622 in
1255 2588 1447 2623 Edessenos
1468 2587 1497 2628 1,
1511 2585 1592 2628 209,

932 2634 964 2668 1.
980 2634 1060 2668 vide
1075 2635 1243 2669 Christus.

885 2677 998 2720 Iasus,
1031 2679 1120 2714 filius
1135 2680 1248 2722 Naue,
1281 2678 1459 2713 Hebraeos
1473 2676 1507 2710 in
1521 2677 1592 2711 Pa-

930 2724 1105 2759 laestinam
1118 2725 1251 2759 induxit
1263 2724 1290 2765 I,
1305 2725 1384 2767 450,
1402 2725 1454 2759 13.
1472 2726 1514 2759 ab
1531 2734 1593 2756 ex-

931 2770 1039 2817 pulsis
1051 2771 1217 2815 indigenis
1230 2770 1340 2804 dictus
1366 2769 1452 2806 latro
1479 2771 1514 2805 in
1539 2771 1593 2805 in-

932 2816 1115 2862 scriptione
1126 2817 1153 2859 Ι,
1168 2816 1248 2862 450,
1265 2816 1320 2852 13.
