1800 3126
0 2681 9 2816 Q}

538 141 611 184 AD
645 140 791 187 HIST.
827 140 1099 186 ARCANAM.
1486 142 1584 189 573

147 260 253 296 saepe
267 248 445 283 confirmat
459 248 539 284 389.
563 248 636 292 agit
648 246 683 281 in
697 246 824 281 Genti-

149 298 199 329 les
214 296 292 329 408.
309 295 343 328 in
362 299 582 339 corruptores
598 293 822 327 masculorum

147 342 225 375 409.
244 346 388 374 revocat
398 340 580 374 constituta
591 340 624 373 in
635 339 822 373 Samaritas

145 386 224 420 405.
251 386 402 420 restituit
428 386 565 420 medicis
594 385 733 429 aliisque
758 396 820 418 an-

146 442 252 465 nonas
265 432 343 467 459.
368 432 614 465 demortuorum
641 431 820 464 haeredem

146 488 184 510 se
199 477 317 510 scribit
349 478 427 511 410.
458 489 563 521 grave
586 487 646 511 aes
675 477 820 510 alienum

146 522 305 567 relinquit
326 522 406 557 468.
432 523 577 556 mendax
606 528 641 556 et
664 522 819 567 periurus

145 569 227 604 377.
261 568 403 614 imponit
439 568 510 601 suis
545 567 820 614 praecessoribus

146 614 224 649 450.
244 613 382 648 crimina
411 613 554 648 subditis
584 614 716 656 affingit
738 612 819 648 443.

146 659 240 693 falsis
256 660 525 693 accusationibus
541 660 613 703 agit
626 660 706 694 383.

100 703 196 739 Idem
213 706 348 750 sapiens
364 710 399 739 et
414 705 536 739 doctus
561 706 642 741 438.
668 716 728 738 cur
743 716 818 739 cre-

145 751 236 784 ditus
251 750 495 796 analphabetus
507 752 584 786 364.
594 750 817 796 Philosophus

145 797 225 831 439.
240 797 438 840 Theologus
460 798 540 831 437.
565 796 725 839 Musteus,
750 801 818 830 Ar-

146 842 312 876 chitectus
326 869 336 886 ,
371 842 722 875 lurisconsultissimus
738 843 817 877 439.

145 887 329 921 conscribit
344 888 509 921 Novellas
527 893 562 921 et
577 899 637 932 pro
655 888 816 921 tribunali

144 933 239 966 audit
253 933 425 977 litigantes
441 934 518 967 429.
533 933 640 977 qualis
653 933 686 966 in
700 933 816 978 dispu-

142 978 326 1013 tationibus
335 977 413 1013 421.
423 979 501 1013 441.
513 984 597 1023 quot
607 979 709 1012 libros
724 991 816 1012 com-

143 1024 259 1070 posuit
273 1024 351 1059 440.
381 1023 522 1058 Athenis
545 1030 636 1058 artes
659 1025 818 1059 liberales

117 1082 122 1086 ·
143 1070 302 1116 prohibet
325 1070 402 1104 459.
433 1070 544 1104 Unica
573 1070 670 1104 litera
696 1082 815 1104 nomen

142 1127 236 1150 sunm
266 1119 362 1149 notat
374 1116 452 1149 366.
471 1116 576 1149 sacris
592 1128 629 1150 se
651 1116 815 1150 immiscet

141 1162 219 1196 438.
236 1160 280 1195 ob
297 1161 331 1194 id
346 1161 604 1206 reprehenditur
620 1173 639 1195 a
655 1162 813 1196 Facundo

141 1209 222 1242 421.
253 1207 463 1240 Praescribit
479 1207 574 1251 leges
595 1207 814 1241 Ecclesiasti-

143 1253 191 1286 cis
206 1253 284 1286 463.
302 1253 520 1286 Oecumenici
543 1265 662 1287 nomen
689 1254 814 1287 conflr-

142 1303 212 1332 mat
227 1298 434 1331 Patriarchis
457 1298 526 1331 ΟΡ.
556 1298 634 1333 421.
676 1299 816 1333 invertit

142 1343 320 1378 Paschatis
335 1349 469 1388 tempus
484 1343 559 1378 464.
572 1344 724 1390 disputat
740 1356 813 1379 cum

140 1389 323 1435 Episcopis
352 1390 431 1423 438.
446 1389 524 1423 441.
551 1391 648 1434 punit
678 1396 815 1425 contra-

141 1435 294 1468 dicentes
309 1435 386 1469 441.
405 1438 594 1479 Agapctum
611 1437 682 1470 PP.
697 1437 816 1470 baere-

142 1481 189 1514 sis
211 1480 380 1513 insimulat
396 1479 478 1516 438.
495 1481 550 1514 illo
570 1487 710 1515 auctore
733 1483 817 1516 hae-

141 1525 232 1560 resin
249 1525 382 1559 damnat
411 1526 490 1560 425.
516 1527 709 1571 συνοδίτης
737 1528 815 1562 396.

141 1572 333 1606 haereticus
368 1570 449 1606 425.
487 1582 507 1604 a
539 1573 655 1616 poenis
702 1573 817 1606 eximit

141 1615 286 1651 Arianos
306 1616 527 1650 Exocionitas
547 1619 627 1652 405.
644 1618 816 1652 Sacerdo-

141 1662 234 1696 tibus
248 1662 399 1705 indulget
407 1663 487 1696 421.
507 1662 539 1695 in
553 1663 814 1698 Ecclesiasticos

142 1708 254 1742 saevit
276 1707 340 1741 XI.
353 1707 684 1752 remittitvectigalia
694 1709 815 1742 Palae-

141 1753 239 1788 stinis
265 1753 344 1788 407.
368 1758 402 1786 et
442 1750 618 1797 ἐπιβολὴν
648 1754 815 1788 Ecclesiis

141 1798 456 1842 Hierosolymorum
511 1797 813 1842 452.τροπα’ριον

140 1843 537 1933 32?t⁰¹4}24³3..33¹3.
557 1845 813 1924 atmiis?

138 1937 204 1970 'cur
218 1936 377 1981 templum
395 1935 486 1968 dicat
499 1935 575 1969 363.
594 1947 686 1969 suam
704 1936 813 1981 pieta<

137 1987 204 2016 tem
212 1981 319 2015 iactat
326 1981 442 2015 423.et
450 1981 800 2016 mansuetudinem421
806 2008 815 2018 .

140 2032 178 2062 et
191 2027 397 2071 vigilantiam
418 2026 496 2060 426.
513 2038 550 2060 se
574 2027 813 2062 divinissimum

141 2073 293 2118 appellat
307 2072 386 2107 457.
411 2069 450 2105 ἐν
467 2068 585 2115 ἁγίοις
601 2073 710 2106 dictus
732 2073 812 2108 424.

141 2120 212 2154 suis
228 2117 385 2162 precibus
409 2118 660 2152 conversionem
678 2119 813 2152 Haere-

142 2164 288 2199 ticorum
305 2162 443 2197 ascribit
461 2162 542 2196 ibid.
559 2164 669 2198 omnia
692 2165 734 2198 de
749 2176 811 2198 suo

139 2210 274 2245 nomine
289 2208 353 2242 dici
362 2208 468 2243 voluit
479 2210 561 2244 397.
578 2209 715 2244 aliarum
728 2221 814 2254 gen-

139 2257 222 2291 tium
240 2255 372 2288 nomina
388 2261 530 2298 usurpat
544 2254 621 2291 400.
638 2266 696 2289 cur
705 2256 814 2289 dictus

137 2302 288 2337 lulianus
303 2300 383 2338 407.
401 2300 567 2345 approbat
581 2300 752 2334 historiam
770 2301 813 2335 de

140 2347 215 2382 vita
229 2344 410 2380 suaXVlI.
426 2350 584 2389 aegrotat
597 2346 673 2381 382.
683 2358 811 2380 conva-

139 2393 238 2428 lescit
251 2392 440 2435 Martyrum
460 2391 617 2435 reliquias
631 2398 813 2429 veneratus

140 2439 219 2474 383.
235 2447 257 2472 ι
271 2437 459 2481 sampsone
477 2443 614 2470 sanatur
627 2439 704 2472 355.
725 2449 811 2471 nun-

141 2493 240 2528 quam
257 2495 278 2517 a
302 2482 468 2525 Byzantio
487 2482 618 2525 longius
640 2484 812 2527 digressus

139 2530 219 2565 382.
233 2540 276 2562 an
288 2527 419 2562 venerit
428 2528 621 2562 Ravennam
633 2530 711 2564 383.
729 2533 812 2573 quot

140 2586 246 2608 annos
260 2573 440 2619 imperavit
453 2574 531 2609 457.
542 2580 624 2618 quot
632 2574 716 2609 vixit
731 2576 809 2612 368.

142 2631 185 2654 an
202 2624 311 2654 mente
326 2624 442 2664 captus
463 2619 588 2654 obierit
601 2620 679 2655 468.

94 2664 258 2700 Eiusdem
274 2671 372 2709 pater
397 2665 592 2707 Sabhafius,
622 2669 728 2700 mater
752 2666 810 2700 Bi-

139 2710 359 2756 gleniza377.
375 2710 453 2744 416.
469 2710 542 2744 dies
552 2711 720 2746 natalitius
729 2712 808 2746 369.

913 258 956 281 ex
972 258 1014 282 ea
1036 246 1096 282 filil
1110 246 1190 283 440.
1207 256 1315 293 nepos
1337 258 1379 283 ex
1401 247 1474 283 filia
1490 249 1584 286 Ana-

911 294 1036 328 stasius
1051 293 1130 328 418.
1156 294 1244 327 filius
1271 295 1404 338 spurius
1419 296 1584 331 Theodo-

911 349 968 372 rus
991 339 1092 373 Zirus
1106 339 1186 374 ibid.
1198 346 1352 384 nepotes,
1368 341 1514 375 Iustinus
1528 342 1582 375 iu·-

911 384 998 426 nior‚
1014 385 1162 420 Iustinus
1177 386 1263 419 alter
1275 386 1414 423 Consul.
1433 387 1580 422 Germa-

910 441 984 472 nus,
1008 431 1188 472 Boraides‚
1206 431 1369 466 Proiecta.
1390 432 1470 467 419.
1501 434 1582 468 420.

908 475 1117 521 Praeceptor
1134 477 1344 523 Theophilus
1367 477 1484 512 Abbas
1500 479 1581 514 438.

910 521 1123 566 inauguratio
1151 534 1194 557 an
1227 535 1246 557 a
1277 524 1408 556 Senatu
1438 525 1581 569 probata

910 568 990 602 393.
1019 569 1220 602 Consulatus
1244 568 1482 603 famosissimus
1500 570 1581 606 377.

909 614 1055 648 studium
1079 614 1112 648 in
1137 615 1285 648 Venetos
1309 616 1389 651 441.
1415 611 1581 659 ἁπλότης

909 664 944 692 et
967 660 1087 703 μωρία
1112 660 1190 695 377.
1214 660 1335 694 levitas
1357 660 1390 694 in
1413 662 1579 695 mutandis

907 704 1039 748 legibus
1052 707 1130 741 397.
1145 706 1399 740 constitutiones
1413 707 1446 740 in
1460 707 1579 740 Sama-

907 750 990 784 ritas
1020 752 1098 786 405.
1137 752 1347 796 prodigentia
1382 752 1461 787 377.
1499 753 1580 786 400.

906 796 1053 830 avaritia
1066 798 1144 832 377.
1161 797 1326 831 deluditur
1336 797 1580 832 alulianaAni-

909 842 963 875 cia
983 840 1061 876 410.
1093 854 1135 876 ex
1169 843 1338 877 frumento
1353 843 1578 877 Alexandrino

906 887 986 922 461.
1018 888 1186 922 severitas
1224 889 1257 922 in
1275 889 1476 922 Haereticos
1498 889 1577 924 403.

906 934 1017 967 fastus
1034 945 1054 967 a
1083 934 1238 968 Chosroa
1270 939 1305 968 et
1336 934 1578 968 Theodeberto

908 979 1132 1012 contemnitur
1148 982 1224 1014 400.
1237 980 1318 1013 vitia
1336 981 1502 1024 quomodo
1518 992 1578 1014 oc-

909 1025 1040 1059 cultata
1048 1025 1092 1059 X.
1114 1026 1207 1058 facta
1224 1027 1411 1070 praeclara.
1422 1026 1479 1059 IX.
1491 1026 1577 1059 ieiu-

907 1070 964 1104 nia
980 1072 1059 1105 426.
1079 1071 1169 1104 zelus
1185 1082 1250 1104 non
1266 1072 1445 1105 secundum
1464 1072 1578 1107 scien-

904 1116 983 1149 tiam
999 1117 1078 1151 403.
1111 1116 1277 1150 simulatio
1309 1117 1340 1150 in
1372 1118 1474 1151 rebus
1499 1117 1578 1151 fidei

903 1162 984 1196 396.
1015 1161 1128 1206 opinio
1157 1162 1200 1196 de
1226 1163 1377 1196 Concilio
1414 1163 1577 1197 chalced.

904 1205 983 1242 462.
1016 1208 1159 1241 saevitia
1191 1208 1223 1241 in
1258 1208 1466 1242 Christianos
1497 1210 1574 1242 408.

904 1252 938 1286 in
949 1253 1154 1287 Sacerdotes
1169 1254 1247 1288 460.
1263 1254 1399 1287 licentia
1415 1255 1447 1287 in
1465 1253 1576 1288 causis

905 1298 1040 1332 Eccles.
1071 1298 1150 1333 421.
1191 1300 1284 1343 leges
1317 1300 1577 1334 Ecclesiasticae

905 1344 938 1378 in
957 1344 1110 1385 Oriente,
1130 1356 1194 1378 non
1209 1345 1240 1378 in
1251 1345 1438 1379 Occidente
1454 1346 1576 1379 value-

904 1395 984 1423 runt
998 1389 1077 1425 463.
1094 1390 1204 1423 studia
1226 1390 1396 1425 literarum
1412 1402 1471 1425 cur
1488 1391 1577 1424 Pro-

907 1435 1023 1480 copius
1038 1436 1208 1481 vituperet
1222 1437 1301 1471 438.
1331 1437 1409 1471 442.
1437 1436 1576 1470 scientia

907 1480 1025 1514 inflata
1040 1482 1120 1515 438.
1141 1482 1251 1525 stylus
1270 1482 1377 1526 qualis
1393 1483 1472 1517 429.
1502 1482 1577 1516 libri

908 1526 1014 1571 spurii
1040 1529 1117 1562 440.
1142 1527 1357 1571 Privilegium
1376 1528 1577 1562 Cassinense

905 1572 986 1606 ibid.
1004 1583 1070 1605 vox
1084 1572 1126 1605 de
1137 1584 1314 1616 puerorum
1323 1568 1576 1618 corruptoribus

906 1617 985 1652 409.
999 1628 1065 1650 vox
1082 1618 1126 1651 de
1141 1618 1263 1662 templo
1281 1619 1318 1652 S.
1331 1619 1478 1664 Sophiae
1495 1620 1576 1653 400.

904 1662 1075 1706 digressus
1092 1664 1168 1699 431.
1180 1663 1343 1698 Senectus
1356 1665 1481 1708 ignava
1494 1666 1573 1699 401.

904 1708 1023 1741 stolida
1038 1709 1114 1744 375.
1137 1709 1317 1742 monitores
1334 1710 1397 1742 viri
1413 1710 1575 1751 gravissi-

904 1754 947 1788 mi
963 1754 1039 1788 425.
1056 1754 1180 1788 diversi
1192 1755 1297 1788 morbi
1305 1755 1382 1790 355.
1399 1757 1477 1790 382.
1495 1767 1576 1800 pur-

904 1810 989 1844 pura
1027 1799 1125 1832 testis
1156 1806 1380 1844 recuperatae
1421 1801 1575 1834 sanitatis

904 1845 982 1879 383.
1001 1843 1116 1877 domus
1134 1845 1226 1878 facta
1250 1845 1286 1880 S.
1304 1846 1418 1889 Sergii
1435 1847 1576 1880 eeclesia

903 1890 981 1924 396.
995 1889 1128 1922 habitus
1147 1890 1327 1936 imperialis
1349 1891 1427 1926 428.
1443 1891 1575 1935 effigies

903 1934 936 1968 in
956 1935 1085 1979 poculis
1098 1936 1175 1969 400.
1207 1936 1359 1981 corporis
1374 1938 1481 1971 forma
1494 1938 1574 1973 376.

903 1980 1012 2023 imago
1052 1982 1130 2015 376.
1165 1981 1242 2016 428.
1269 1983 1466 2016 nomismata
1492 1983 1574 2019 428.

902 2026 1002 2059 unica
1018 2038 1059 2059 ex
1081 2026 1263 2061 Theodora
1279 2027 1346 2060 filia
1358 2028 1436 2064 357.

857 2071 979 2106 Eidem
996 2076 1030 2105 et
1053 2072 1256 2106 Theodorae
1280 2084 1467 2107 communes
1484 2073 1575 2108 tituli

903 2118 980 2151 394.
1011 2128 1199 2151 communes
1216 2118 1370 2152 Belisarii
1414 2119 1574 2164 triumphi

901 2163 980 2198 395.
994 2174 1166 2197 commune
1175 2164 1394 2208 Magistratus
1406 2164 1574 2199 iuramen-

903 2214 973 2242 tum
997 2209 1077 2242 ibid.
1103 2209 1279 2243 adulantur
1307 2210 1467 2256 Episcopi
1492 2210 1574 2245 438.

903 2254 1001 2300 plebs
1018 2254 1218 2288 convitiatur
1244 2254 1322 2290 374.
1352 2254 1443 2290 illum
1472 2259 1573 2290 vocat

903 2300 1030 2333 asinum
1045 2300 1125 2334 375.
1143 2304 1242 2334 caute
1252 2301 1436 2346 Procopius
1454 2302 1572 2336 lauda-

901 2357 940 2379 re
955 2346 1044 2379 solet
1059 2345 1135 2382 XV.
1151 2346 1231 2382 375.
1256 2347 1396 2381 Ioannes
1415 2347 1573 2381 Patriar-

903 2391 966 2424 cha
992 2391 1150 2425 Sanctum
1167 2391 1312 2426 credidit
1338 2393 1416 2427 424.
1440 2392 1496 2425 alii
1527 2393 1571 2427 de

901 2436 975 2481 ipso
991 2437 1084 2481 plura
1094 2437 1380 2482 quamProcopius
1392 2438 1569 2474 Xlll.434.

900 2482 1037 2515 Baronii
1067 2483 1232 2517 sententia
1248 2483 1344 2517 Xlll.
1367 2483 1423 2527 qui
1448 2483 1490 2516 de
1511 2481 1570 2517 illo

900 2528 1100 2609 ῗὲῗὲἺὲΞ
1121 2528 1570 2618 ξυὲἳῗιῗῖθαὶώκέἷέςῗέξζ

899 2619 1102 2665 praecipuae
1125 2619 1339 2664 quaestiones
1361 2620 1438 2655 396.
1467 2620 1566 2653 lusti-

900 2665 990 2698 mani
1013 2671 1048 2698 et
1070 2665 1188 2698 Iustini
1209 2665 1341 2699 nomina
1356 2676 1459 2712 saepe
1484 2677 1566 2700 con-

899 2711 1081 2744 funduntur
1095 2711 1175 2745 365.
1195 2711 1274 2745 385.

166 2756 340 2798 enealogia
372 2755 452 2790 416.
494 2757 573 2792 417.
606 2759 684 2792 418.
713 2769 811 2791 soror
854 2755 1036 2791 Iustiniana
1051 2757 1156 2802 prima
1170 2757 1247 2791 362.

138 2769 318 2848 gigitanus
335 2800 413 2837 418.
431 2812 516 2838 uxor
528 2803 712 2840 Theodora
725 2803 808 2843 ibid.
853 2802 1039 2839 Iustiniana
1053 2801 1198 2838 secunda
1213 2802 1290 2839 378.
