1858 3126
344 164 408 210 90
932 168 1195 212 PROCOPII

341 275 471 334 φύσει.
537 273 612 328 ἕξω
630 278 673 320 δὲ
695 276 836 320 αὐτίκα
855 277 1052 333 γενόμενοι
1071 282 1138 321 καὶ
1158 284 1237 321 τῶν
1249 281 1383 336 σφίσιν
1404 278 1658 335 ὡμιληκότων
1675 280 1768 330 τοὺς

340 346 562 395 ἀντιδίκους
592 347 869 400 καθείρξαντες
895 345 1086 401 χρήματα
1116 346 1273 396 οὐδενὸς
1297 347 1540 400 ἀμυνομένου
1571 347 1768 402 ἀνεξελέγ-

337 429 439 462 κτως
458 411 701 468 ἐπράσσοντο
731 412 806 453 ὅσα
838 412 886 453 ἄν
918 413 1051 462 αὐτοῖς
1072 416 1216 468 διαρκῆ
1239 414 1311 467 εἴη.
1379 417 1443 455 καὶ
1469 419 1707 470 στρατιῶται
1729 415 1767 455 οἱ

337 479 409 532 τὴν
431 481 471 520 ἐν
487 481 665 535 παλατίῳ
689 479 871 534 φρουρὰν
897 478 1049 532 ἔχοντες
1074 482 1114 521 ἐν
1137 485 1186 535 τῇ
1205 482 1394 536 βασιλείῳ
1420 485 1518 539 στοᾷ
1540 482 1649 536 παρὰ
1675 481 1767 531 τοὺς

338 548 571 595 διαιτῶντας
601 544 799 600 γενόμενοι
833 548 948 604 βιαίᾳ
972 549 1075 603 χειρὶ
1104 547 1177 596 τάς
1206 549 1318 596 δίκας
1347 549 1497 602 ἐσῆγον.
1565 546 1707 596 πάντες
1723 557 1798 593 τε5

334 611 390 661 ὡς
407 615 524 654 εἰπεῖν
544 613 615 665 τὴν
648 611 777 654 αὑτῶν
815 612 1034 663 ἐκλιπόντες
1063 612 1323 663 τάξινὸδούς
1351 612 1436 656 τότε
1469 615 1562 655 κατ’
1587 615 1768 664 ἐξουσίαν

335 678 516 732 ἐβάδιζον
548 678 723 734 ἀπόρους
754 697 794 721 τε
838 682 903 721 καὶ
944 680 1182 734 ἀστιβήτους
1209 683 1322 736 σφίσι
1349 682 1399 722 τὰ
1429 680 1603 737 πρότερα
1632 681 1767 732 οὔσας,

334 748 401 787 καὶ
426 746 477 787 τὰ
497 745 713 802 πράγματα
734 751 973 800 πλημμελῶς
993 747 1123 789 πάντα
1144 748 1317 803 ἐφέρετο,
1345 748 1436 788 οὐδὲ
1455 746 1646 800 ὀνόματός
1664 755 1768 798 τινος

337 815 438 853 ἰδίου
460 811 759 866 μεταλαχόντα,
793 813 901 870 ἐῴκει
931 831 972 855 τε
997 813 1023 868 ἡ
1044 816 1219 856 πολιτεία
1242 817 1418 867 βασιλίδι
1444 813 1658 865 παιζόντων
1674 833 1767 856 παι-

282 889 313 923 Ι)
338 882 447 921 δίωνι
513 880 616 921 ἀλλὰ
643 880 770 921 τᾶλλα
801 898 870 933 μοι
903 882 1124 936 παριτέον,’
1143 881 1274 937 ὥσπερ
1303 884 1417 923 τοῦδε
1452 880 1668 935 ἀρχόμενος
1695 886 1766 924 τοῦ
1781 888 1823 921 10

335 946 451 1001 λόγου
471 946 647 988 ὖπεῖπον.
715 949 907 997 λελέξεται
931 950 973 989 δὲ
992 947 1099 998 ὅστις
1115 949 1212 1004 ἀνὴρ
1233 953 1389 1002 πρῶτος
1407 947 1615 999 δικάζοντα
1639 950 1767 1005 δωρο-

336 1017 463 1055 δοκεῖν
496 1014 565 1055 τὸν
591 1015 760 1066 βασιλέα
786 1019 924 1056 τοῦτον
955 1016 1141 1057 ἀνέπεισε.
1209 1016 1331 1056 Λέων
1361 1010 1409 1069 ἦν
1441 1033 1521 1066 τις,
1555 1017 1673 1064 Κίλιξ
1697 1017 1768 1068 μέν

334 1082 464 1135 γένος,
499 1082 539 1130 ἐς
570 1082 611 1122 δὲ
651 1083 968 1136 φιλοχρηματίαν
1001 1084 1215 1134 δαιμονίως
1249 1081 1514 1131 ἐσπουδακώς.
1601 1076 1717 1131 οὗτος
1747 1081 1767 1123 ὅ

334 1149 458 1189 Λέων
471 1147 680 1202 κράτιστος
699 1150 844 1202 ἐγένετο
865 1147 1042 1190 κολάκων
1061 1147 1258 1200 ἁπάντων,
1278 1151 1342 1189 καὶ
1365 1147 1447 1198 οἷος
1467 1155 1553 1197 ταῖς
1570 1153 1647 1190 τῶν
1661 1149 1767 1202 ἀμα-

334 1219 422 1256 θῶν
448 1217 640 1264 διανοίαις
662 1215 707 1256 τὸ
729 1214 849 1264 δόξαν
867 1214 1158 1268 ὑποβαλέσθαι.
1225 1216 1352 1257 πειθώ
1369 1215 1444 1270 γάρ
1468 1217 1508 1257 οἵ
1523 1233 1610 1257 τινα
1633 1219 1766 1265 ’ξυναι-
1781 1220 1822 1254 15

333 1283 502 1336 ρομένην
527 1283 566 1330 ἐς
592 1286 664 1323 τοῦ
684 1281 877 1337 τυράννου
899 1283 971 1336 τὴν
994 1283 1230 1338 ἀβελτηριάν
1255 1284 1316 1323 ἐπὶ
1337 1282 1484 1339 φθόρῳ
1502 1286 1581 1324 τῶν
1605 1281 1767 1338 ἀνθρώ-

332 1366 417 1390 πων
439 1347 551 1401 εἶχεν.
619 1342 735 1398 οὗτος
765 1347 786 1390 ὃ
819 1349 918 1404 ἀνὴρ
943 1354 1099 1405 πρῶτος
1118 1350 1394 1391 Ἰουστινιανὸν
1413 1350 1616 1390 ἀναπείθει
1640 1350 1767 1402 ἀπεμ-

330 1420 456 1456 πολᾶν
470 1414 691 1471 χρημάτων
710 1416 781 1464 τὰς
800 1418 924 1465 δίκας.
1004 1415 1136 1471 ἐπειδή
1158 1434 1197 1457 τε
1218 1417 1391 1457 κλέπτειν
1414 1415 1480 1458 ὅδε
1503 1415 1524 1457 ὃ
1553 1416 1652 1471 ἀνὴρ
1673 1415 1767 1471 τρό-

214 1490 246 1521 Α
263 1487 308 1522 66
331 1500 392 1539 πῳ
420 1488 476 1540 τῷ
501 1483 691 1540 εἰρημένῳ
713 1483 833 1537 ἔγνω,
863 1483 990 1524 οὐκέτι
1014 1484 1130 1534 ἀνίει,
1166 1483 1259 1524 ἀλλ’
1289 1481 1371 1539 ὁδῷ
1402 1483 1540 1538 προϊὸν
1572 1483 1616 1524 τὸ
1647 1483 1768 1524 κακὸν

327 1554 445 1592 τοῦτο
475 1551 537 1590 ἐπὶ
566 1550 668 1604 μέγα
694 1548 853 1605 ἐχώρει,
888 1549 997 1598 ὅστις
1027 1567 1067 1591 τε
1102 1552 1212 1604 δίκην
1247 1554 1380 1602 λαχεῖν
1416 1549 1552 1591 ἄδικον
1583 1554 1663 1591 τῶν
1691 1567 1765 1592 τινι
1778 1557 1823 1590 20

328 1617 506 1658 ἐπιεικῶν
525 1618 565 1658 ἐν
585 1619 742 1672 σπουδῇ
759 1615 880 1669 εἶχεν,
903 1617 1026 1667 εὐθὺς
1046 1617 1155 1672 παρὰ
1172 1617 1240 1658 τὸν
1261 1618 1425 1659 Λέοντα
1443 1617 1516 1673 ᾔει,
1533 1618 1599 1658 καὶ
1623 1623 1767 1672 μοῖραν

325 1688 404 1726 τῶν
443 1684 749 1738 ἀντιλεγομένων
776 1684 864 1726 τινὰ
903 1682 1152 1738 ὁμολογήσας
1187 1688 1244 1740 τῷ
1277 1701 1318 1725 τε
1353 1682 1533 1740 τυράννῳ
1563 1685 1629 1724 καὶ
1660 1684 1767 1740 αὐτῷ

327 1753 545 1801 κείσεσθαι,
583 1751 722 1791 αὐτίκα
741 1750 962 1805 νενικηκώς,
998 1751 1044 1791 οὐ
1068 1752 1168 1800 δέον,
1192 1749 1464 1804 ἀπηλλάσσετο
1486 1752 1528 1791 ἐκ
1549 1754 1620 1791 τοῦ
1637 1754 1766 1792 παλα-

211 1820 238 1853 Ρ
262 1819 306 1855 44
328 1819 426 1860 τίου.
494 1820 560 1862 καὶ
585 1818 708 1859 Λέων
729 1818 802 1870 μὲν
818 1815 1010 1873 χρήματα
1033 1818 1190 1861 ἐνθένδε
1219 1818 1507 1873 περιβαλέσθαι
1526 1815 1679 1872 μεγάλα
1698 1834 1766 1859 κο-

420 1945 438 1978 1
463 1942 720 1988 ἄνεξελέγκτως
742 1943 852 1978 addidi
875 1956 917 1978 ex
937 1943 1030 1977 Med.
1206 1943 1248 1980 15
1271 1942 1313 1978 τὸ
1338 1941 1452 1985 δόξαν
1476 1942 1594 1979 Reisk.
1641 1943 1767 1976 Aberat

417 1987 494 2068 Ξξὲν
517 1991 660 2070 med-17
683 1987 702 2024 ὁ
729 1987 837 2034 ἀνὴρ]
861 1990 989 2023 Aberat
1018 1985 1051 2026 ὁ.
1235 1991 1318 2027 ibid,
1341 1985 1571 2032 ἀπεμπολᾶν]
1604 1983 1766 2030 α’πεμπο-

327 2146 411 2178 satis
428 2145 629 2179 commodam
645 2145 818 2190 pecuniam
834 2146 922 2178 nullo
938 2145 1070 2178 vindice
1085 2145 1318 2188 emungebant.
1373 2143 1584 2178 Praetoriani
1601 2143 1665 2188 ipsi
1680 2143 1765 2176 miii-

325 2194 378 2222 tes
395 2189 427 2222 in
444 2191 536 2232 regia
552 2190 645 2224 curia
661 2192 833 2223 conventis
848 2191 1008 2223 iudicibus
1025 2201 1083 2234 per
1097 2189 1162 2222 vim
1179 2189 1421 2232 extorquebant
1435 2188 1567 2222 iudicia.
1624 2189 1674 2221 ltu
1689 2189 1764 2221 nui-

324 2234 376 2267 lus
392 2235 502 2267 stabat
517 2235 650 2276 ordine,
675 2235 735 2268 sed
751 2246 958 2279 quacumque
972 2236 1091 2268 liberet
1106 2245 1167 2279 per
1186 2234 1283 2267 devia
1297 2234 1503 2276 vagabatur:
1527 2233 1633 2266 omnia
1649 2233 1765 2266 defor-

324 2284 413 2311 mata
428 2280 555 2323 munia,
580 2291 622 2313 ne
637 2280 777 2322 integris
794 2281 924 2323 quidem
942 2279 1144 2319 nominibus;
1166 2285 1238 2312 erat
1260 2279 1446 2322 respublica
1470 2278 1564 2322 quasi
1588 2277 1764 2311 lascivien-

323 2324 403 2356 tium
428 2336 608 2368 puerorum
632 2325 768 2369 regina3
792 2325 851 2357 sed
867 2330 904 2357 ut
918 2325 1012 2357 initio
1028 2324 1141 2367 statui,
1159 2324 1250 2356 mitto
1264 2323 1328 2356 iam
1345 2323 1482 2367 reliqua.
1529 2322 1705 2356 Caeterum
1721 2322 1763 2355 ad

271 2385 290 2397 κ
323 2370 570 2412 quaestuarium
593 2371 656 2403 hoc
682 2381 784 2412 genus
809 2370 1002 2402 iudiciorum
1027 2370 1261 2412 Imperatorem
1275 2368 1398 2411 primus
1413 2367 1530 2401 allexit
1544 2367 1613 2400 Leo
1630 2366 1763 2410 quidam

322 2425 446 2457 genere
470 2415 576 2454 Cilix,
602 2415 698 2447 homo
723 2426 804 2447 sane
827 2415 947 2447 hiantis
963 2414 1143 2455 avaritiae,
1169 2418 1203 2446 et
1218 2414 1388 2456 singulare
1402 2411 1576 2445 adulatorii
1591 2411 1763 2445 dedecoris

323 2459 510 2503 exemplum
521 2485 530 2501 ,
555 2459 745 2503 aptissimus
770 2460 968 2503 occupandis
993 2459 1108 2492 animis
1134 2462 1234 2502 atque
1257 2457 1432 2491 sententiis
1457 2457 1704 2500 imperitorum,
1728 2461 1763 2489 et

322 2503 420 2536 huius
445 2504 603 2546 tyranni;
634 2505 758 2548 quippe
782 2505 874 2537 ouius
898 2504 1050 2537 fatuitate
1072 2503 1228 2536 suadelae
1242 2502 1383 2547 quodam
1399 2501 1595 2535 adminiculo
1610 2506 1763 2534 uteretur

323 2548 359 2582 in
375 2549 584 2582 subditorum
601 2549 799 2591 perniciem:
822 2549 885 2589 hic,
899 2549 1043 2592 inquam,
1066 2547 1245 2582 Iustiniano
1259 2546 1437 2591 pensandis
1454 2558 1535 2580 auro
1551 2546 1679 2579 iudiciis
1694 2545 1764 2590 pri-

323 2605 396 2627 mus
412 2598 538 2626 auctor.
593 2594 660 2633 Qui
676 2594 732 2627 ubi
747 2595 833 2627 hanc
848 2594 911 2627 sibi
928 2593 1101 2626 constituit
1115 2598 1218 2626 artem
1233 2592 1434 2637 rapinarum,
1458 2591 1536 2624 nihil
1550 2601 1692 2634 unquam
1707 2601 1759 2623 re<-

326 2638 430 2675 misit:
457 2638 517 2671 sed
532 2638 615 2671 malo
633 2639 730 2671 iatius
746 2644 899 2671 manante
915 2650 955 2671 eo
970 2643 1168 2683 perventum
1184 2641 1236 2671 est
1248 2663 1256 2676 ‚
1280 2644 1317 2670 ut
1341 2636 1488 2680 quisquis
1510 2636 1544 2669 in
1559 2635 1666 2668 virum
1681 2645 1761 2680 pro-

326 2684 402 2716 bum
418 2683 560 2727 iniquam
577 2683 727 2716 obtinere
742 2694 874 2716 causam
892 2688 1038 2727 cuperet,
1054 2683 1200 2716 Leonem
1212 2681 1333 2723 adiret,
1350 2682 1463 2725 illique
1476 2685 1761 2714 conti-eversorum

324 2729 487 2761 bonorum
504 2733 600 2772 parte
615 2739 655 2761 ac
667 2728 806 2762 Caesari
822 2728 1000 2761 constituta
1011 2753 1021 2769 ‚
1041 2728 1151 2760 statim
1170 2731 1286 2760 contra
1310 2726 1362 2759 ius
1377 2727 1498 2770 fasque
1510 2737 1529 2758 e
1545 2725 1639 2768 regia
1653 2724 1762 2757 disee-

326 2773 424 2807 deret
440 2773 530 2808 victa
545 2784 658 2808 causa.
704 2773 763 2807 Sic
778 2773 848 2808 Leo
867 2784 936 2807 rem
950 2772 1174 2820 pecuniariam
1190 2771 1420 2817 amplissimam
1434 2771 1516 2807 fecit
1528 2796 1538 2814 ‚
1568 2774 1605 2804 et
1618 2769 1688 2804 late
1701 2778 1763 2814 pa-
