1858 3126
570 149 645 193 DE
678 148 965 194 AEDIFICIIS
998 148 1073 193 111.
1140 145 1187 194 4.
1342 159 1344 161 ’
1506 150 1602 195 253

153 264 284 324 κύκλῳ
303 264 399 315 τοὺς
426 265 639 318 πολεμίους
663 265 892 319 κατέπληξε.
960 264 1026 305 καὶ
1048 259 1243 319 φρούριον
1267 261 1311 303 de*
1335 261 1532 304 Σατάλων
1558 263 1605 306 οὗ

152 337 286 391 πολλῷ
305 331 460 376 ἄποθεν
476 333 618 391 ἐχυρὸν
640 332 741 389 ἄγαν
762 333 802 375 ἓν
815 331 934 392 χώρα
953 333 1182 389 Ὀσροηνῶν
1205 332 1429 388 καλουμένῃ
1453 331 1606 389 ᾠκοδο-

148 401 319 458 μήσατο.

278 464 360 512 Ἠν
387 469 434 511 δέ
452 486 490 511 τι
521 467 717 526 φρούριον
739 468 780 510 ἓν
807 469 902 524 τῇδε
922 471 974 524 τῇ
998 465 1117 526 χώρᾳ
1148 467 1189 510 ἕν
1217 466 1445 526 ἅκρωνυχίᾳ
1474 466 1605 524 λόφου

116 536 431 595 ὅκατακρήμνου
455 539 715 593 πεποιημένον
733 542 817 586 τοῖς
839 534 964 577 πάλαι
987 534 1220 594 ἀνθρώποις
1227 567 1241 587 ,
1275 535 1300 578 ὃ
1320 536 1370 590 δὴ
1388 535 1608 590 Πομπήιος

149 609 192 650 ἓν
212 614 296 657 τοῖς
315 606 397 648 ἅνω
412 605 574 662 χρόνοις
600 605 622 648 ὃ
644 604 848 659 Ῥωμαίων
867 605 1092 661 στρατηγὸς
1113 604 1255 655 ἐξελὼν
1281 607 1348 646 καὶ
1369 609 1442 659 τῆς
1463 604 1606 661 χώρας

147 680 206 734 τῷ
228 676 390 733 πολέμῳ
417 674 554 732 κύριος
571 674 741 731 γεγονὼς
760 671 1002 729 ἓκρατύνατό
1024 691 1066 715 τε
1095 672 1151 722 ὥς
1169 672 1347 727 μάλιστα
1371 675 1436 715 καὶ
1461 672 1605 716 Κολώ-

147 761 255 787 νειαν
289 742 544 798 ἐπωνόμασε·
581 745 646 784 καὶ
683 746 801 784 τοῦτο
831 736 902 783 οὖν
925 740 1063 799 χρόνῳ
1094 742 1317 796 πεπονηκὸς
1345 741 1525 800 τοσούτῳ
1557 743 1602 784 τὸ
1626 743 1659 778 D

147 817 308 867 πλῆθος
332 813 523 866 βασιλεὺς
538 810 816 859 Ἰουστινιανὸς
835 808 1064 852 ἀνεσώσατο
1092 809 1258 863 δυνάμει
1277 815 1328 866 τῇ
1346 809 1469 866 πάσῃ.
1538 812 1606 853 καὶ

92 892 138 928 10
143 880 336 938 χρήματα
365 882 500 934 μέντοι
526 881 741 937 προέμενος
773 877 986 935 ἀνάριθμα
1009 885 1093 928 τοῖς
1116 881 1210 935 τῇδε
1234 879 1475 936 ᾠκημένοις,
1510 878 1605 936 ἐρύ-

144 967 258 1004 ματα
289 948 514 1002 ἑκασταχοῦ
544 947 781 1006 διεπράξατο
812 949 853 989 zv
879 954 964 997 τοῖς
994 947 1127 990 αὐτῶν
1157 949 1277 997 ἰδίοις
1307 947 1444 1003 ἀγροῖς
1475 946 1502 1001 ἢ
1533 948 1603 989 νέα

146 1020 380 1072 δείμασθαι,
415 1017 442 1072 ἢ
465 1016 864 1072 ἀνοικοδομήσασθαι
887 1017 1028 1072 σαθρὰ
1046 1014 1249 1071 γεγονότα.
1319 1015 1419 1058 ὥστε
1443 1017 1603 1058 ἅπαντα

118 1089 123 1093 ’
143 1085 288 1140 σχεδόν
313 1104 351 1128 τι
382 1084 646 1143 ὀχυρώματα,
682 1085 758 1127 ὅσα
782 1086 832 1138 δὴ
854 1087 1034 1128 ἐνταῦθα
1056 1087 1263 1138 ξυμβαίνει
1289 1082 1384 1126 εἶναι
1396 1117 1408 1135 ,
1435 1085 1604 1127 'Iov—ou-

142 1159 282 1198 ’νιανοΰ
305 1156 503 1209 βασιλέως
527 1153 711 1210 τυγχάνει
742 1154 838 1208 ἔργα
871 1154 979 1196 ὄντα.
1049 1156 1228 1196 ἐνταῦθα
1258 1153 1302 1195 δὲ
1330 1155 1396 1194 καὶ
1425 1152 1605 1210 φρούρια

89 1235 132 1271 15
145 1222 431 1282 ᾠκοδομήσατο
460 1222 506 1266 τό
535 1240 575 1265 τε
599 1223 840 1279 Βαιβερὸιὺν
867 1220 1112 1275 καλούμενον
1141 1224 1208 1263 καὶ
1238 1223 1283 1265 τὸ
1307 1222 1468 1279 Ἀρίων.
1537 1224 1604 1263 καὶ

141 1292 188 1334 τὸ
209 1293 451 1347 Λυσιόρμον
481 1290 723 1333 ἀνενεώσατο
755 1291 976 1345 πεπονηκὸς
1004 1290 1082 1345 ἤδη
1109 1291 1183 1332 σὺν
1209 1296 1267 1348 τῷ
1286 1291 1602 1347 Λυταραρίζων.

141 1358 184 1403 ἕν
201 1377 244 1403 τε
255 1362 407 1416 χωρίῳ,
429 1358 525 1415 ὅπερ
544 1361 584 1400 Γ
582 1365 756 1415 ερμανοῦ
772 1364 938 1401 καλοῦσι
959 1363 1178 1416 φοσσοῖτον,
1203 1357 1398 1416 φρούριον
1415 1361 1598 1413 ἐδείματο
1623 1359 1654 1394 Ρ
1677 1362 1721 1398 58

139 1429 240 1471 νέον.
309 1428 414 1470 ἀλλὰ
439 1429 505 1469 καὶ
526 1429 771 1481 Σεβαστείας
796 1430 863 1469 καὶ
892 1426 1152 1477 Νικοπόλεως
1184 1432 1265 1470 τῶν
1288 1427 1498 1484 Ἀρμενίας
1527 1428 1600 1470 πό-

141 1500 241 1540 λεων
263 1497 315 1539 τὰ
336 1498 457 1550 τείχη,
489 1496 570 1537 ἐπεὶ
591 1500 908 1538 καταπεσεῖσθαι
931 1495 1090 1546 πάντως
1115 1496 1265 1549 ἔμελλε,
1300 1501 1604 1552 τεταλαιπωρη-

85 1566 244 1620 Ξομένα
277 1569 336 1622 τῷ
362 1563 479 1619 μήκει
507 1568 582 1607 τοῦ
610 1563 784 1622 χρόνου,
825 1563 1244 1619 ἄνοικοδομησάμενος
1274 1567 1486 1620 πεποίηται
1517 1567 1602 1609 νέα.

141 1636 208 1676 καὶ
240 1634 356 1688 ἱερῶν
380 1650 422 1675 τε
451 1634 518 1675 καὶ
546 1635 824 1689 μοναστηρίων
858 1635 1038 1676 ἐνταῦθα
1073 1635 1309 1687 οἰκοδομίας
1343 1635 1605 1690 ἐξείργασται.

140 1701 183 1745 ἕν
201 1719 244 1745 τε
265 1702 343 1759 γὰρ
366 1706 418 1758 τῇ
443 1701 775 1744 Θεοδοσιουπόλει
799 1702 899 1745 νειὸν
923 1707 974 1759 τῇ
995 1700 1178 1760 θεοτόκῳ
1200 1702 1395 1757 ἀνέθηκε,
1430 1705 1496 1744 καὶ
1525 1721 1604 1758 μο-

230 1833 267 1867 2.
290 1828 514 1876 Ὀσροηνῶν]
547 1830 629 1866 Non
651 1834 704 1866 est
731 1831 815 1866 haec
834 1831 1011 1874 Osroene,
1035 1831 1078 1866 de
1103 1843 1170 1877 qua
1196 1834 1307 1866 actum
1328 1843 1432 1878 supra
1458 1844 1492 1878 p.
1507 1832 1553 1868 42
1567 1834 1604 1868 b.

232 1877 291 1912 sed
307 1877 371 1911 alia
392 1878 483 1922 regio
497 1903 507 1920 ,
532 1878 623 1911 cuius
641 1889 758 1911 nomen
773 1879 921 1911 fortasse
937 1888 1073 1919 verum,
1096 1878 1152 1911 vel
1171 1883 1264 1911 certe
1281 1878 1387 1911 minus
1405 1887 1604 1923 corruptum

230 1923 340 1957 codex
365 1923 482 1957 Tolos.
514 1923 562 1957 sic
586 1924 698 1968 prodit
725 1934 798 1957 cum
830 1923 866 1956 in
889 1928 985 1957 textu
1012 1928 1084 1957 tum
1108 1924 1151 1956 ad
1187 1924 1368 1967 marginem
1402 1921 1604 1967 ὀροσηνῶν.

229 1969 410 2004 Armeniae
426 1980 518 2014 pars,
543 1970 630 2003 unde
650 1970 731 2003 urbs
746 1968 883 2010 Satala,
908 1969 1000 2002 cuius
1015 1969 1070 2002 hic
1086 1968 1211 2002 mentio
1228 1969 1288 2009 fit,
1313 1981 1382 2002 non
1405 1971 1524 2014 procul
1539 1971 1603 2004 ab-

229 2021 320 2056 erat,
342 2015 539 2094 thiimaeo
565 2020 653 2049 teste
676 2015 851 2049 dicebatur
873 2011 1046 2059 Ὀρσήνη.
1093 2014 1193 2048 Hanc
1215 2016 1307 2048 forte
1329 2015 1517 2061 Procopius
1544 2016 1604 2050 de-

226 2060 385 2105 signavit.
455 2061 555 2095 [Διτ.

138 2173 338 2210 exteriorem
355 2173 574 2208 circumdedit
588 2173 675 2208 adeo
690 2173 876 2218 insignem,
899 2176 938 2208 ut
953 2174 1068 2209 hostes
1090 2173 1370 2220 obstupefecerit.
1417 2173 1602 2209 Castellum

136 2220 216 2256 item
235 2220 324 2254 haud
342 2220 459 2266 procul
475 2220 594 2253 Satala
610 2220 860 2255 munitissimum
877 2221 1024 2254 condidit
1039 2221 1071 2254 in
1090 2221 1257 2254 OsroEne.

227 2266 303 2308 Qua
327 2266 363 2299 in
392 2265 564 2312 provincia
587 2266 758 2300 castellum
775 2271 875 2300 vetus
900 2267 996 2301 collis
1023 2266 1220 2312 praecipitis
1235 2266 1398 2300 verticem
1421 2265 1601 2301 insidebat.

135 2311 178 2347 ld
202 2312 365 2366 quondam
389 2323 464 2345 cum
489 2317 715 2357 expugnasset
728 2312 911 2358 Pompeius
927 2313 1071 2346 Romani
1095 2313 1263 2347 exercitus
1288 2312 1494 2357 imperator,
1519 2324 1602 2357 pro-

136 2357 247 2393 vinno.
262 2358 348 2392 bello
364 2358 517 2399 subacta,
542 2359 708 2392 munierat
721 2358 828 2403 ipsum
844 2359 972 2397 sedulo,
991 2363 1026 2392 et
1042 2359 1215 2393 Coloniam
1232 2358 1476 2403 appellaverat.
1523 2359 1604 2392 Hoc

138 2403 236 2438 etiam
248 2403 448 2438 Iustinianus
461 2405 550 2448 Aug.
568 2407 665 2438 tanto
680 2404 841 2449 temporis
855 2404 966 2450 spatio
982 2405 1234 2443 labefactatum,
1255 2404 1342 2438 omni
1359 2415 1424 2449 ope
1440 2405 1600 2438 restituit.

135 2447 245 2484 Porro
259 2449 432 2496 pecuniam
447 2449 718 2484 innumerabilem
732 2450 876 2495 largitus
892 2450 1174 2496 provincialibus,
1199 2451 1234 2484 id
1251 2450 1436 2494 concessit,
1464 2455 1502 2484 ut
1527 2461 1601 2483 mu-

136 2494 282 2529 nitiones
307 2495 430 2542 passim
455 2495 489 2530 in
514 2495 582 2529 suis
604 2495 698 2540 agris
722 2496 777 2530 vel
799 2507 906 2530 novas
924 2496 1130 2540 excitarent,
1155 2497 1211 2531 vel
1227 2496 1380 2530 ruinosas
1395 2496 1598 2530 reficerent:

137 2539 187 2574 ita
201 2546 238 2575 nt
251 2551 479 2587 quaecumque
494 2547 610 2576 extant
625 2542 658 2575 in
681 2542 745 2576 illis
759 2542 912 2587 partibus
930 2543 1151 2586 munimenta,
1176 2543 1286 2576 omnia
1310 2543 1382 2576 fere
1406 2542 1473 2575 sint
1495 2541 1599 2574 Iusti-

138 2584 229 2619 niani
241 2587 326 2632 Aug.
347 2598 460 2632 opera.
515 2587 642 2622 Ibidem
659 2589 797 2622 castella
811 2589 1013 2623 Baeberdon
1029 2593 1064 2622 et
1078 2591 1190 2623 Areon
1208 2589 1343 2622 molitus
1360 2594 1431 2622 est:
1455 2587 1599 2631 Lysior-

139 2639 228 2664 mum
242 2631 308 2666 iam
327 2631 438 2668 debile
455 2633 634 2668 renovavit
649 2646 722 2668 cum
739 2635 956 2679 Lytararizo.
1004 2635 1042 2668 In
1063 2635 1138 2669 loco
1149 2661 1158 2678 ‚
1184 2635 1239 2680 qui
1257 2634 1418 2668 Germani
1434 2634 1598 2666 fossatum

139 2674 283 2720 dicitur,
305 2688 427 2713 novum
454 2679 624 2714 castellum
647 2680 743 2715 fecit.
789 2680 925 2715 Moenia
949 2692 1085 2726 quoque
1109 2680 1292 2715 Sebastiae
1318 2684 1354 2713 et
1378 2678 1602 2722 Nicopoleos,

141 2731 229 2766 quae
244 2726 323 2756 suut
335 2723 436 2758 urbes
453 2726 639 2770 Armeniae,
664 2738 738 2761 cum
752 2726 802 2761 sic
818 2738 902 2761 aevo
921 2728 1075 2761 confecta
1090 2731 1225 2767 essent,
1247 2731 1283 2759 ut
1299 2736 1414 2758 eorum
1434 2724 1530 2756 ruina
1546 2724 1602 2756 in-

140 2770 268 2808 staret,
288 2779 376 2802 nova
390 2770 521 2804 fabrica
535 2772 717 2817 reparavit.
763 2773 951 2807 Praeterea
969 2783 1083 2806 sacras
1104 2773 1206 2806 aedes
1228 2776 1262 2805 et
1284 2769 1488 2804 monasteria
1505 2770 1598 2803 aedi-

139 2812 258 2847 ficavit
277 2812 313 2848 in
328 2813 395 2849 illis
409 2815 574 2860 partibus.
621 2817 756 2853 Etenim
772 2819 1039 2864 Theodosiopoli
1054 2818 1211 2864 templum
1227 2816 1343 2862 posuit
1358 2815 1413 2849 dei
1429 2815 1600 2860 genitrici,
