1800 3126
323 184 422 230 436
774 187 832 228 IN
865 186 1009 230 HIST.
1045 187 1296 232 ARGANAM

323 300 404 331 stor
431 292 614 332 Vitaliani
650 292 806 343 tyranni
842 292 914 330 sub
944 294 1172 341 Anastasio,
1211 291 1351 332 deinde
1379 297 1563 347 magister
1597 297 1749 334 officio-

323 362 424 396 rum,
455 348 505 386 ad
533 361 650 399 quem
674 354 809 384 extant
826 349 1033 385 Iustiniani
1055 350 1252 399 rescripta.
1308 350 1367 387 De
1388 352 1532 403 Cyrillo
1561 355 1748 403 magistro

319 405 511 451 militum,
541 403 631 439 vide
659 404 778 440 libros
809 401 856 439 de
884 404 978 440 bell.
998 405 1105 441 Pers.
1135 411 1174 440 et
1198 403 1324 442 Vand.

427 457 598 505 P.104,
632 460 695 498 16.
761 459 947 495 Puellam
977 457 1136 495 duxisse
1170 473 1210 495 se
1237 457 1353 496 lzaud
1389 460 1637 513 imperviam]
1674 462 1747 498 Cui

318 513 379 564 (ut
407 515 560 550 Plinius
596 514 769 563 loquitur
805 514 834 550 1.
863 517 889 554 7
929 527 962 550 c.
990 515 1058 564 16)
1098 522 1319 551 concretum
1343 515 1515 565 genitale
1541 530 1620 554 non
1648 523 1748 555 erat.

318 570 411 616 Vel,
451 575 496 605 ut
534 569 588 604 ait
626 569 827 605 cornelius
857 569 991 606 Celsus
1026 570 1054 606 l.
1084 573 1109 610 7
1139 582 1172 606 c.
1201 569 1268 608 28.
1307 569 1386 607 Cui
1412 572 1620 608 nataralia
1647 573 1748 609 inter

317 637 357 660 se
403 625 563 660 minime
602 624 894 672 conglutinatis
939 626 1021 661 orie
1067 624 1317 661 concubitum
1366 639 1445 661 non
1488 624 1746 664 admitterent.

316 680 397 715 Has
430 679 582 728 puellas
620 680 758 716 Aetius
796 686 834 716 et
875 679 1011 716 Graeci
1045 686 1184 717 vocant
1227 676 1441 731 ἆτρήτους,
1480 681 1747 731 imperfossas.

315 733 420 771 Scite
447 734 679 771 Saturninus
703 735 852 771 notavit
879 737 1054 771 vitiatam
1083 733 1375 785 Chrysomallae
1404 735 1540 772 filiam.

426 790 472 825 P.
497 788 586 835 105,
620 793 657 828 1.
713 790 926 826 Sublatam
955 794 1046 835 (ceu
1066 803 1213 840 pueros
1241 791 1284 827 in
1307 789 1406 827 ludo
1429 791 1644 837 litterario)
1669 792 1746 829 Sa-

315 845 521 881 turninum
549 843 764 894 caederent]
795 846 904 882 Viros
932 846 1102 882 illustres
1127 844 1201 881 hac
1231 845 1388 883 affectos
1412 847 1627 895 ignominia
1657 853 1746 883 ante

198 905 227 938 A
251 903 293 939 85
317 898 548 936 Theodorae
585 906 762 950 tempora
797 913 876 937 non
915 900 1007 950 legi.
1063 899 1314 937 Theodoram
1351 902 1526 939 imitatus
1567 907 1624 938 est
1656 901 1746 938 Ste-

314 953 468 1005 phanus
506 956 644 991 aerarii
681 955 919 1005 praefectus,
959 957 1026 1006 qui
1062 957 1267 992 Iustiniani
1306 957 1466 992 iunioris
1500 962 1669 992 matrem
1703 955 1747 996 ἐν

314 1007 476 1060 σχήματι
505 1006 633 1061 ὥσπερ
661 1008 753 1056 τούς
788 1011 932 1057 παῖδας
962 1011 1003 1050 οἰ
1030 1010 1311 1063 γραμματισταὶ
1346 1011 1407 1061 (ut
1435 1011 1476 1048 S.
1506 1009 1746 1062 Nicephorus

311 1063 503 1115 loquitur)
534 1063 865 1113 quemadmodum
886 1064 1000 1114 apud
1019 1068 1234 1114 magistros·
1256 1068 1371 1116 pueri
1398 1066 1532 1110 solent,
1561 1067 1745 1117 vapulare

312 1120 437 1156 iussit.
495 1119 539 1156 Si
566 1118 670 1156 hunc
699 1132 789 1156 cum
819 1119 904 1156 aliis
933 1119 1049 1157 huius
1078 1119 1260 1158 historiae
1292 1121 1387 1158 locis
1417 1121 1614 1168 conferas,
1651 1120 1770 1172 quid⁴

312 1175 501 1220 catamiti,
539 1175 603 1210 vel
631 1181 782 1211 catomo
812 1173 927 1211 caedi
954 1177 1004 1212 sit
1031 1174 1201 1222 videbis,
1246 1175 1351 1226 quod
1386 1188 1500 1226 saepe
1525 1178 1567 1213 in
1594 1183 1746 1226 marty-

312 1242 401 1266 rum
429 1230 519 1266 vitis
547 1230 729 1279 legimus.
785 1232 919 1280 Neque
957 1231 1062 1266 enim
1096 1238 1156 1268 est
1184 1229 1353 1268 demisso
1384 1233 1507 1281 capite
1544 1230 1743 1282 suspendi,

312 1285 378 1322 vel
417 1285 614 1321 sublatum
661 1286 703 1320 in
741 1283 925 1322 humeros
973 1284 1104 1333 caedi,
1153 1292 1196 1322 ut
1232 1287 1305 1322 viri
1343 1284 1447 1323 docti
1484 1287 1743 1336 explicarunt.

311 1341 413 1377 Nam
448 1353 489 1390 p.
521 1340 573 1379 13
611 1346 650 1376 et
685 1337 738 1379 54
775 1339 939 1377 Photius
978 1347 1015 1377 et
1051 1341 1249 1390 Astrologi
1285 1347 1422 1378 neutro
1456 1340 1574 1378 modo
1615 1339 1745 1378 affecti

313 1401 424 1441 sunt,
466 1395 535 1445 qui
562 1401 693 1431 tamen
721 1391 810 1434 κατ’
837 1393 969 1446 ὤμους
997 1395 1065 1434 καὶ
1091 1398 1196 1435 νῶτα
1229 1396 1434 1446 vapulasse
1463 1395 1662 1444 dicuntur,
1699 1403 1744 1433 ut

310 1450 545 1487 Saturninus
573 1448 651 1487 hic.
706 1451 771 1486 Ex
799 1457 932 1488 nostra
958 1449 1008 1487 ad
1034 1449 1132 1488 haec
1160 1451 1246 1488 loca
1272 1453 1610 1502 interpretatione,
1647 1450 1745 1502 quid

313 1506 484 1542 catomis
507 1504 622 1542 caedi
650 1506 698 1542 sit
725 1506 936 1555 intelliges.

421 1561 468 1597 P.
495 1559 587 1607 105,
617 1562 656 1599 3.
717 1560 806 1610 Quo
825 1561 1021 1611 supplicio
1041 1559 1227 1597 loannem
1250 1558 1522 1611 Cappadocem
1550 1560 1740 1612 affecerit,

310 1614 426 1652 libris
454 1615 551 1651 aliis
579 1613 781 1665 diximus]
828 1617 915 1653 Lib.
947 1618 967 1654 1
1011 1615 1103 1652 bell.
1141 1617 1249 1652 Pers.
1289 1623 1464 1653 extremo
1503 1615 1742 1666 Cappadocis

310 1671 467 1706 ruinam
493 1669 579 1706 fuse
606 1672 874 1721 prosequitur,
913 1668 1224 1721 Theodoraeque
1252 1670 1436 1717 insidias,
1467 1677 1505 1707 et
1533 1670 1743 1708 crudelita-

310 1732 404 1772 tem,
434 1737 479 1761 ac
506 1725 710 1761 Iustiniani
738 1726 1038 1763 conniventiam.
1095 1725 1248 1762 Ibidem
1277 1725 1324 1761 de
1350 1727 1532 1762 Antistite
1561 1724 1635 1763 hoc
1663 1727 1742 1776 Cy-

310 1781 466 1827 ziceno,
504 1791 624 1831 quem
649 1781 863 1818 Eusebium
890 1781 1087 1818 nominat:
1129 1781 1163 1818 is
1193 1781 1355 1818 concilio
1385 1782 1742 1832 Constantinopoli-

310 1841 402 1872 tano
427 1835 618 1872 interfuit.

419 1891 466 1927 P.
492 1892 589 1938 107,
619 1889 659 1928 8.
716 1890 962 1926 Belus-arium
989 1891 1163 1926 evocavit
1191 1890 1474 1926 insimulatum
1502 1889 1739 1941 tyrannidis]

178 1951 207 1985 Ρ
227 1950 292 1986 152
312 1945 427 1982 Falsa
457 1944 737 1995 perduellionis
765 1947 934 1995 suspicio
963 1951 1022 1981 ter
1049 1946 1091 1982 iu
1119 1946 1352 1981 Belisarium
1379 1958 1511 1995 sparsa
1539 1953 1609 1983 est.
1666 1946 1743 1983 Se·-

309 2001 392 2037 mel
430 2013 520 2036 cum
554 2001 595 2035 in
626 1999 785 2037 Perside
815 2002 1027 2037 contineret
1058 2002 1293 2045 exercitum,
1331 2002 1544 2037 Iustiniano
1573 2003 1743 2050 graviter

310 2061 556 2105 aegrotante,
585 2061 629 2091 ut
659 2062 716 2092 est
744 2067 860 2105 supra
887 2067 977 2105 pag.
1008 2057 1070 2095 17.
1132 2055 1402 2101 Marcellinus3
1432 2055 1663 2092 Belisan'us
1690 2054 1740 2092 de

310 2113 454 2147 oriente
481 2117 667 2147 evocatus·
694 2111 738 2146 in
765 2110 956 2160 offensam
976 2110 1281 2172 periculumque
1308 2111 1514 2147 incurrens
1536 2123 1673 2160 grave,
1703 2117 1741 2147 et

309 2164 489 2202 invidiae
514 2165 744 2211 subiacens,
784 2178 929 2201 rursus·
955 2165 1167 2201 remittitur
1197 2163 1255 2200 ad
1281 2164 1457 2204 Italiam.
1514 2167 1661 2202 lterum
1697 2167 1739 2202 in

309 2220 441 2256 Africa
467 2226 555 2269 post
584 2219 780 2256 devictum
809 2220 1067 2267 Gelimerem3
1099 2218 1204 2269 quod
1231 2218 1295 2255 hic
1323 2218 1485 2267 indicat,
1515 2227 1553 2256 et
1580 2221 1738 2257 uberius

310 2273 424 2312 docet
451 2275 661 2324 Procopius
688 2275 716 2310 l.
746 2276 773 2314 2
802 2275 897 2311 bell.
917 2273 1040 2312 Vand.
1098 2275 1234 2312 Tertio
1264 2287 1354 2311 cum
1381 2275 1462 2311 iam
1491 2287 1615 2312 senex
1643 2288 1738 2326 age·-

309 2337 368 2366 ret
407 2330 754 2379 Constantinopoli.
792 2328 993 2398 Σέργιον
1023 2324 1234 2368 οἶνὲπεισαν
1273 2328 1534 2395 ὁμολογῆσαι,
1579 2329 1632 2377 ως
1669 2330 1738 2370 καὶ

306 2379 493 2431 Ἰσαάκιος
521 2382 544 2423 o‘
572 2379 894 2451 ἇργυροπρατης,
930 2382 998 2423 καὶ
1027 2386 1186 2432 Παῦλος
1215 2382 1240 2423 ὁ
1276 2399 1480 2437 κουρατωρ
1507 2386 1737 2436 Βελισαρίου

307 2438 519 2492 ἐγίνωσκον
553 2454 626 2490 την
663 2438 818 2490 σκέψιν.
875 2438 1142 2490 συσχεθέντων
1181 2434 1414 2490 οἷμφοτέρων
1450 2438 1516 2479 καὶ
1555 2439 1738 2480 ἐκδοθέν-

307 2509 386 2534 των
416 2495 631 2547 Προκοπίω
667 2497 723 2548 τῷ
743 2489 914 2561 ἕπαρχῳ
951 2492 1161 2534 κατέθεντο
1199 2494 1266 2533 καὶ
1289 2498 1474 2534 κατεῖπον
1483 2496 1749 2561 Βελισαρίου

307 2551 381 2588 τοῦ
415 2549 634 2601 πατρικίου.
691 2534 842 2588 Αὐτίκα
877 2547 902 2588 o‘
938 2546 1121 2599 βασιλευς
1154 2547 1311 2600 γέγονεν
1346 2547 1426 2589 ’ὑπὸ
1467 2545 1734 2601 ἀγανάκτησιν

308 2605 551 2672 Βελισαρίου.
612 2605 670 2658 Τῇ
702 2603 855 2656 πέμπτῃ
885 2606 959 2643 τοῦ
986 2604 1228 2654 Δεκεμβρίου
1254 2601 1374 2654 μηνὸς
1401 2603 1585 2670 ἐποίησεν
1614 2605 1639 2644 o‘
1655 2606 1732 2672 βα-

308 2656 437 2706 σιλευς
465 2643 664 2698 Σιλέντιον
690 2657 847 2711 ἐνέγκας
882 2657 949 2697 καὶ
985 2656 1051 2699 τὸν
1088 2655 1302 2697 ὁσιώτατον
1327 2674 1585 2727 πατριαρχην
1600 2655 1732 2698 Εὐτύ-

306 2728 392 2765 χιον
414 2710 596 2760 κελεύσας
618 2709 934 2779 αναγνωσθῆναι
945 2728 1015 2759 τας
1043 2707 1173 2752 αὐτῶν
1196 2713 1437 2763 καταθέσεις,
1464 2714 1532 2754 καὶ
1558 2711 1731 2761 οἰκούσας

305 2765 532 2823 Βελισάριος
559 2768 583 2811 o‘
610 2769 811 2823 πατρίκιος
839 2765 1012 2821 μεγάλως
1037 2765 1232 2821 ἐβαρύθη.
1290 2768 1356 2809 καὶ
1383 2769 1545 2822 πέμψας
1571 2768 1594 2812 o‘
1617 2770 1728 2821 βασι-
