1754 3132
178 154 243 200 58
771 158 1036 201 PROCOPII

70 276 90 307 Ρ
114 275 158 310 27
180 283 293 321 ματα
324 265 490 328 οὐδεμιᾷ
521 263 700 321 ὀκνήσει,
735 268 895 324 χωρίων
922 285 963 310 τε
990 265 1157 319 ἁλώσεις
1190 270 1254 311 καὶ
1283 266 1435 313 πόλεων
1457 269 1612 327 ε’μπρη-ἰ

178 331 307 388 σμοῦς
327 336 393 376 καὶ
417 334 520 377 ὅλων
540 335 673 376 ἐθνῶν
698 335 1050 389 ἀνδραποδισμοὺς
1074 334 1115 386 ἒξ
1137 337 1266 385 αἰτίας
1290 338 1477 390 οὐδεμιᾶς
1497 338 1609 391 ἕχον-

59 409 86 441 Α
111 407 157 443 40
181 417 244 443 τα.
282 400 384 444 ὥστε
403 401 443 444 εἶ’
455 418 515 451 τις
534 400 692 443 ἄνωθεν
709 400 868 443 ἅπαντα
886 403 937 444 τὰ
952 401 1161 454 Ῥωμαίοις
1179 404 1459 458 ξυνενεχθέντα
1473 410 1608 447 σταθ-

173 465 358 522 μώμενος
388 468 627 523 ἀντισηκοῖν
659 468 763 509 αὐτὰ
794 467 951 518 τούτοις
984 469 1133 521 ἐθέλει,
1180 472 1291 512 δοκεῖ
1312 489 1382 524 μοι
1407 470 1457 513 ἂν
1487 472 1611 514 πλείω

175 533 302 590 φόνον
335 533 527 590 εὑρέσθαι
564 533 797 588 ἀνθρώπων
828 536 928 590 πρὸς
956 541 1027 578 τοῦ
1050 535 1199 591 ἀνδρὸς
1218 539 1334 580 τοῦδε
1353 535 1562 591 ξυμβάντα
1581 537 1642 592 ’ἢό

175 603 217 643 ἓν
245 606 303 659 τῷ
333 602 441 660 ἄλλῳ
473 603 592 643 παντὶ
620 603 734 644 αἰῶνι
763 607 997 657 γεγενῆσθαι
1025 602 1225 657 τετύχηκε.
1291 609 1373 646 τῶν
1402 605 1446 646 δὲ
1477 603 1611 647 ἄλλων

171 666 394 722 χρημάτων
427 670 466 717 ἔς
497 669 569 722 μὲν
588 668 661 722 τὴν
680 669 931 724 ἀναίσθητον
962 675 1100 724 κτῆσιν
1134 667 1376 719 ἀοκνότατος
1407 666 1478 725 ἦν·
1516 671 1612 713 οὐδὲ

173 736 251 790 γὰρ
283 735 377 777 οὐδὲ
405 740 558 790 σκῆψιν
585 736 698 789 ἠξίου
722 737 810 778 τινὰ
837 738 1133 792 παραπέτασμα
1167 742 1240 779 τοῦ
1273 739 1428 779 δικαίου
1450 742 1610 792 περιβε-

175 802 376 855 βλημένος
403 807 485 844 τῶν
515 802 562 844 οὗ
596 801 881 857 προσηκόντων
915 802 1183 856 ἐπιβατεύειν·
1219 805 1436 859 γενομένων
1471 805 1515 846 δὲ
1548 806 1610 846 οῗ-

176 871 289 911 κείων
318 868 579 923 ἑτοιμότατος
594 865 642 923 ἦν
662 870 860 929 ἀλογίστῳ
883 872 1089 930 φιλοτιμίᾳ
1111 878 1359 926 περιφρονεῖν
1379 887 1422 912 τε
1442 871 1508 913 καὶ
1525 877 1610 920 τοῒς
1622 878 1665 914 10

176 934 404 992 βαρβάροις
433 940 647 992 προΐεσθαι
673 937 799 979 οὐδενὶ
820 936 937 995 λόγῳ.
1006 941 1070 979 καὶ
1091 938 1135 980 τὸ
1157 936 1314 991 ξύμπαν
1333 938 1475 989 εἰπεῖν,
1508 935 1612 993 χρή-

127 1014 156 1048 Β
178 1021 290 1057 ματα
319 1003 410 1046 οὕτε
444 1003 566 1052 αὐτὸς
596 1003 694 1057 εἶχεν
717 1004 807 1046 οἷίτε
831 1004 964 1047 ἄλλων
983 1006 1072 1046 τινὰ
1093 1005 1190 1058 ἔχειν
1213 1009 1294 1046 τῶν
1317 1003 1506 1047 ἁπάντων
1532 1004 1609 1057 εἴα,

176 1069 311 1125 ὥσπερ
333 1071 381 1113 οὗ
401 1071 722 1126 φιλοχρηματίας
741 1070 986 1125 ἧσσώμενος,
1022 1072 1124 1114 ἀλλὰ
1142 1069 1288 1130 φθόνῳ
1310 1072 1348 1120 ἐς
1367 1071 1464 1120 τοὺς
1479 1075 1611 1113 ταῦτα

175 1137 439 1192 κεκτημένους
463 1135 661 1190 ἐχόμενος.
707 1139 902 1188 ἐξοικίσας
921 1134 991 1180 οὖν
1019 1139 1150 1197 ῥᾷστα
1170 1139 1240 1181 τὸν
1259 1142 1433 1182 πλοῦτον
1454 1138 1496 1180 ἐκ
1511 1136 1611 1180 Ῥω-

175 1206 307 1259 μαίων
325 1209 397 1258 τῆς
415 1208 487 1260 γῆς
503 1205 639 1253 πενίας
659 1205 900 1260 δημιουργὸς
921 1204 1047 1246 ἅπασι
1063 1205 1229 1260 γε’γονεν.
1619 1211 1663 1247 15

123 1281 156 1316 c
312 1268 372 1313 θ’.
438 1271 707 1328 Ἰουστινιανῷ
739 1273 812 1323 μὲν
844 1267 914 1314 οὗν
943 1272 995 1314 τὰ
1021 1273 1060 1319 ἐς
1081 1273 1151 1314 τὸν
1173 1269 1322 1328 τρόπον
1342 1269 1419 1314 ὅσα
1437 1286 1479 1324 γε
1501 1268 1611 1325 ἡμᾶς

171 1335 379 1381 δύνασθαι
408 1336 564 1394 φράσαι
592 1339 691 1394 τῇδέ
718 1357 772 1392 πη
803 1337 914 1392 εἶχεν.
985 1338 1101 1394 ἔγημε
1124 1339 1168 1381 δὲ
1189 1346 1378 1394 γυναῖκα,
1417 1336 1441 1391 ἢ
1464 1336 1611 1380 ’ὅντινα

170 1404 324 1463 τρόπον
344 1406 532 1460 γενομένη
551 1422 594 1446 τε
612 1407 679 1446 καὶ
697 1413 894 1462 τραφεῖσα
914 1407 978 1447 καὶ
998 1407 1101 1464 τῷδε
1118 1409 1175 1463 τῷ
1196 1403 1403 1464 ἀνθρώπῳ
1423 1406 1464 1453 ἐς
1480 1402 1610 1460 γάμον

173 1475 429 1528 ξυναφθεΐσα
462 1470 675 1527 πρόρριζον
701 1471 912 1525 Ῥωμαίοις
939 1473 1012 1526 τὴν
1038 1473 1239 1514 πολιτείαν
1265 1472 1491 1527 ἐξέτριψεν,
1535 1469 1612 1526 ἐγὼ

171 1537 357 1594 δηλώσω.
420 1537 603 1588 Ἀκάκιος
622 1534 672 1594 ἦν
691 1556 751 1588 τις
769 1541 810 1581 ἒν
828 1540 1036 1597 Βυζαντίῳ
1054 1537 1304 1594 θηριοκόμος
1323 1542 1405 1581 τῶν
1424 1539 1466 1580 ἐν
1485 1546 1664 1592 xum-20

168 1607 287 1664 γεσίῳ
319 1605 477 1660 θηρίων
503 1607 649 1661 μοίρας
678 1607 907 1662 πρασίνων,
951 1605 1070 1662 ὅνπερ
1097 1604 1375 1662 ἄρκτοτρόφον
1403 1608 1608 1647 καλοῦσιν.

174 1668 294 1722 οὗτος
324 1671 344 1715 ὃ
373 1672 474 1728 ἀνὴρ
498 1673 763 1722 Ἀναστασίου
791 1673 865 1727 τὴν
896 1671 1176 1729 αὐτοκράτορα
1200 1673 1327 1727 ἀρχὴν
1347 1672 1507 1727 ἔχοντος
1524 1671 1611 1713 ἐτε-

172 1738 341 1795 λεύτησε
372 1737 480 1798 νόσῳ
509 1741 665 1783 παίδων
695 1741 733 1783 οἳ
761 1740 1104 1795 ἀπολελειμμένων
1130 1744 1252 1797 τριῶν
1278 1737 1428 1794 θήλεος
1453 1739 1606 1794 γένους,

265 1868 320 1904 12.
344 1865 429 1904 οὔτε
450 1866 593 1914 ἄλλων]
616 1866 704 1905 οὐδὲ
727 1867 844 1905 ἄλλων
867 1868 936 1903 ΑΡ.
1074 1871 1127 1905 16.
1149 1867 1196 1904 τοὶ
1219 1866 1276 1913 ἐς]
1299 1866 1337 1910 ἐς
1357 1863 1405 1903 τοὶ
1427 1865 1496 1901 ΔΡ.

175 1983 327 2016 actutum
356 1980 556 2015 sententiam
587 1981 682 2022 tulit,
714 1981 906 2026 litterisque
939 1981 1102 2015 confectis
1127 1985 1255 2014 temere
1284 1977 1438 2013 decrevit
1459 1977 1607 2011 locorum

175 2026 332 2066 excidia,
359 2026 489 2059 urbium
511 2027 689 2066 incendia,
713 2027 911 2071 populorum
935 2026 1152 2070 direptiones.
1199 2026 1316 2064 Quare
1336 2023 1367 2058 si
1389 2022 1464 2067 quis
1486 2022 1564 2056 inde
1586 2031 1610 2055 a.

174 2070 342 2116 principio
366 2077 525 2115 repetere
554 2082 652 2104 casus
678 2072 899 2105 Romanorum
933 2070 1083 2114 singulos
1116 2081 1257 2113 cumque
1281 2069 1332 2102 his
1354 2068 1437 2102 velit
1458 2066 1608 2100 commit-

174 2121 270 2155 tere,
302 2126 377 2148 mea
409 2116 543 2160 quidem
575 2117 743 2150 sententia
764 2117 864 2159 longe
888 2116 1000 2160 plures
1020 2115 1171 2149 inveniet
1190 2116 1302 2148 factas
1324 2113 1367 2147 ab
1390 2114 1454 2146 hoc
1476 2111 1607 2146 homine

174 2160 297 2193 caedes
321 2171 417 2204 quam
441 2172 482 2193 ex
505 2160 592 2194 omni
616 2166 694 2194 ante
717 2168 794 2194 acto
817 2167 978 2205 tempore.
1034 2161 1073 2194 In
1093 2159 1298 2205 privatorum
1323 2162 1429 2192 mutas
1451 2157 1606 2190 fortunas

171 2204 354 2250 praecipiti
385 2206 550 2239 aviditate
579 2206 772 2247 ferebatur,
810 2217 919 2250 neque
950 2205 1092 2250 aliquam
1122 2205 1205 2238 iuris
1238 2203 1384 2248 speciem
1416 2201 1608 2246 praetexuit

171 2249 301 2294 rapinis
324 2250 506 2291 bonorum3
529 2261 615 2295 quae
639 2262 710 2284 cum
734 2250 769 2283 in
793 2262 872 2284 aere
895 2261 955 2284 suo
977 2251 1138 2291 fuissent,
1164 2249 1229 2282 iam
1253 2248 1335 2282 nihil
1362 2247 1520 2288 ducebat,
1544 2245 1606 2278 sed

172 2294 291 2327 insana
322 2295 548 2328 munificentia
581 2295 735 2339 nullaque
764 2296 896 2329 ratione
918 2295 1073 2329 barbaris
1102 2294 1309 2329 effundebat.
1357 2293 1403 2326 Et
1425 2296 1463 2324 ut
1485 2290 1606 2334 paucis

172 2339 366 2379 absolvam,
399 2351 507 2384 neque
539 2340 589 2374 ini
621 2344 716 2373 erant
749 2340 932 2385 pecuniae,
959 2351 1069 2384 neque
1101 2344 1138 2373 ut
1170 2339 1245 2372 aliis
1267 2342 1402 2377 essent,
1431 2334 1605 2387 μαῖαι-ἰδῇς

170 2383 269 2426 quasi
303 2395 368 2417 non
400 2384 545 2418 avaritia
567 2386 673 2419 solum
696 2396 755 2419 eas
777 2390 973 2429 appeteret,
1007 2385 1067 2418 sed
1091 2384 1191 2418 etiam
1215 2391 1443 2428 possessorum
1464 2379 1605 2413 invidia.

172 2428 233 2462 Sic
255 2433 335 2506 tota}
351 2428 573 2463 Romanorum
597 2430 725 2464 ditione
755 2430 858 2464 facile
889 2429 1017 2464 divitiis
1047 2430 1229 2470 exhausta,
1261 2425 1422 2472 egestatis
1452 2423 1604 2459 omnibus

169 2478 292 2508 auctor
335 2473 394 2508 uit.

261 2519 296 2552 9.
342 2518 418 2551 Hoc
439 2517 646 2552 lastinianus
669 2522 744 2552 erat
767 2517 922 2564 ingenio,
956 2518 986 2553 si
1008 2523 1118 2553 tamen
1140 2516 1252 2551 verbis
1272 2514 1355 2549 illud
1377 2512 1524 2549 assecuti
1545 2523 1604 2547 su-

176 2572 262 2596 mus.
306 2562 454 2596 Uxorem
483 2563 513 2596 is
544 2564 679 2603 habuit,
715 2563 807 2598 cuius
836 2575 912 2598 mox
941 2569 1050 2597 ortum
1081 2563 1188 2596 dicam
1221 2565 1256 2595 et
1287 2560 1540 2599 educationem,
1568 2561 1604 2591 et

176 2606 341 2651 quomodo
371 2607 448 2641 huic
479 2607 556 2641 viro
577 2608 693 2641 iuncta
714 2608 922 2643 matrimonio
944 2609 1163 2642 Romanorum
1184 2605 1338 2640 funditus
1359 2604 1483 2638 evertit
1504 2604 1606 2637 Rem-

177 2652 355 2696 publicam.
398 2652 543 2686 Aeacius
573 2653 706 2696 quidam
728 2657 803 2686 erat
824 2653 980 2697 Byzantii
1002 2651 1120 2686 bestiis
1142 2651 1185 2685 ad
1208 2649 1503 2695 amphitheatrales
1522 2659 1605 2692 pra-

175 2697 325 2730 sinorum
348 2696 543 2731 venationes
564 2698 694 2731 alendis
715 2698 921 2741 praefectus,
943 2709 1039 2742 quem
1062 2701 1183 2730 vocant
1205 2695 1381 2730 ursarium.
1425 2693 1492 2728 Hic
1513 2695 1603 2728 Ana-

177 2742 284 2776 stasio
314 2742 471 2788 principe
496 2742 611 2777 morbo
641 2742 764 2788 periit,
795 2743 905 2777 tribus
934 2741 1075 2777 femellis
1097 2741 1242 2783 relictis,
1265 2739 1462 2782 Comitana,
1485 2739 1602 2774 Theo-
