1754 3132
596 115 864 160 HISTORIA
897 114 1110 159 ARCANA
1146 116 1190 160 5.
1307 168 1310 170 v
1561 117 1623 162 37

155 231 221 273 καὶ
255 225 415 284 ξῦμπας
440 226 460 271 ὃ
481 226 692 282 Ῥωμαίων
722 226 899 284 στρατὸς
931 226 1072 282 εἴχετο.
1144 225 1208 270 διὸ
1229 226 1281 282 δὴ
1300 224 1394 271 οἷίτε
1412 231 1495 270 τῶν
1518 228 1624 273 ἄπο-

152 295 345 341 λωλότων
364 314 400 339 τι
419 293 677 350 ἀνεσώσατο,
707 296 812 339 ἀλλὰ
832 297 898 338 καὶ
915 294 1075 351 Ῥώμην
1093 293 1385 352 προσαπώλεσε
1405 298 1472 339 καὶ
1491 296 1622 340 τᾶλλα

153 365 209 416 ὥς
233 368 355 408 εἶπεΐν
377 363 553 410 ἅπαντα.
618 365 769 422 ἐγένετο
792 365 836 408 δὲ
856 363 1165 422 φιλοχρήματος
1188 365 1228 407 ἓν
1251 362 1386 424 τούτῳ
1409 369 1467 424 τῷ
1488 363 1621 425 χρόνῳ

151 433 316 478 πάντων
345 431 526 489 μάλιστα
560 436 627 476 καὶ
658 435 825 490 κέρδους
852 436 1025 491 αἲσχροῦ
1048 432 1289 489 ἐπιμελητὴς
1310 432 1620 489 ἀκριβέστατος,

117 512 138 546 5
152 502 221 546 ἅτε
244 503 362 546 οὒδὲν
383 503 426 544 ἐκ
445 502 648 556 βασιλέως
667 501 965 556 κεκομισμένος,
998 502 1180 552 Ἰταλοὺς
1199 501 1335 556 ἀμέλει
1353 502 1499 557 σχεδὸν
1517 500 1622 545 πάν-

149 589 249 624 τας,
286 573 401 627 οἵπερ
425 570 583 629 ᾤκηντο
605 572 667 613 ἐπὶ
681 569 898 626 Ῥαβέννης
921 572 985 612 καὶ
1006 573 1214 623 Σικελίας,
1254 572 1320 613 καὶ
1341 571 1383 613 εἴ
1397 588 1470 614 του
1492 570 1620 613 ἄλλου

148 646 390 695 κατατυχεῖν
407 640 448 682 ἒν
467 640 631 699 ἐξουσίᾳ
659 638 771 694 ἔσχεν
783 673 796 692 ,
832 640 1023 694 ἔληίσατο
1045 639 1178 682 οὐδενὶ
1197 637 1338 698 κόσμῳ
1352 673 1365 692 ,
1403 639 1620 696 λογισμοῦς
1644 649 1674 683 Β

148 711 278 763 δῆθεν
305 711 387 751 τῶν
409 709 670 763 βεβιωμένων
693 706 1092 765 καταπραττόμενος.
1149 708 1258 751 οὕτω
1279 712 1377 764 γοῦν
1398 710 1465 750 καὶ
1484 706 1620 764 Ἡρω-

147 777 289 820 aaaron·
315 776 464 832 μετιών
485 774 683 832 χρήματα
706 776 815 834 ᾔτει,
853 775 1017 818 ἅπαντα
1037 781 1096 835 τῷ
1117 775 1331 835 ἀνθρώπῳ
1356 778 1620 820 ἔπανασείων.

93 858 136 890 10
149 843 209 896 οἷς
239 846 290 902 δὴ
322 847 468 895 ἐκεῖνος
496 843 728 900 ἀχθόμενος
762 843 994 896 ἀπετάξατο
1019 847 1094 899 μὲν
1123 850 1180 904 τῷ
1206 844 1418 900 Ῥωμαίων
1439 850 1620 904 στρατῷ,

147 913 274 958 αὑτὸν
305 915 349 956 δὲ
377 913 506 963 εὐθὺς
538 911 609 964 ξύν
641 931 683 956 τε
708 920 794 964 τοῖς
822 914 1030 967 ἓπομένοις
1055 916 1120 956 καὶ
1140 918 1198 973 τῷ
1221 915 1431 972 Σπολετίῳ
1454 915 1621 974 Τωτίλα

146 985 212 1026 καὶ
245 986 286 1026 Γ
283 980 427 1032 ότθοις
459 981 661 1025 ἐνέδωκεν.
735 981 845 1032 ὅπως
875 983 919 1025 δὲ
941 982 1055 1041 αὐτῷ
1076 1000 1118 1025 τε
1141 985 1207 1026 καὶ
1222 980 1390 1040 Ἰωάννῃ
1410 987 1468 1041 τῷ
1492 985 1620 1025 Beca-

142 1055 287 1094 λιανοῧ
311 1051 518 1109 ἀδελφιδῷ
540 1052 835 1106 διχοστατῆσαι
855 1052 1030 1106 συνέβη,
1071 1050 1170 1110 ὅπερ
1199 1051 1248 1094 τὰ
1275 1049 1487 1105 Ῥωμαίων
1513 1049 1621 1107 πρά-

142 1137 280 1177 γματα
311 1117 494 1175 μάλιστα
523 1119 720 1176 ἔσφηλεν,
759 1120 906 1162 αὐτίκα
928 1117 1116 1175 δηλώσω.
1188 1121 1229 1170 ἔς
1250 1124 1373 1162 τοῦτο
1398 1119 1621 1173 ἀπεχθείας

87 1197 130 1232 15
147 1193 344 1247 Γερμανῷ
363 1186 389 1243 ἡ
409 1190 572 1243 βασιλὶς
591 1184 720 1243 ἦλθεν
739 1186 1033 1243 ἔπιδηλότατόν
1053 1207 1094 1231 τε
1117 1187 1245 1231 ἅπασι
1266 1188 1310 1231 τό
1332 1187 1457 1243 ἴχθος
1478 1187 1616 1241 ἔποιέι,

142 1257 247 1301 ὥστε
271 1257 384 1315 αὐτῷ
408 1255 613 1311 κηδεύειν,
652 1258 796 1311 καίπερ
818 1258 1022 1311 βασιλέως
1046 1257 1202 1316 ἀνεψιῷ
1223 1257 1308 1300 ὄντι
1321 1290 1334 1310 ,
1370 1255 1523 1310 ἐτόλμα
1546 1256 1619 1300 οὖ-

141 1329 246 1377 ὁεὶς,
286 1325 471 1382 ἅνυμῳοί
495 1343 540 1368 τε
571 1325 684 1383 αὐτῷ
719 1326 757 1367 οἶ
790 1328 931 1375 παῖδες
950 1323 1161 1381 γεγόνασι,
1199 1326 1340 1381 με’χρις
1363 1325 1468 1380 αὐτὴ
1488 1327 1614 1378 ἒβίου.
1640 1336 1671 1370 C

138 1395 166 1449 ἣ
195 1412 238 1438 τε
270 1391 463 1450 θυγάτηρ
494 1393 607 1451 αὐτῷ
632 1393 833 1436 Ἰουστίνα
856 1395 920 1436 ἐπὶ
951 1394 1227 1436 ὀκτωκαίδεκα
1251 1393 1320 1448 ἔτη
1346 1392 1542 1449 ἡβήσασα
1560 1394 1617 1436 ἔτι
1641 1406 1671 1440 Α
1695 1406 1741 1442 23

138 1462 382 1519 ἀνυμέναιος
416 1458 479 1517 ἦν.
553 1460 621 1504 διά
643 1479 704 1504 τοι
731 1467 855 1506 τοῦτο
882 1461 1001 1518 ἡνίκα
1021 1460 1215 1519 Ἰωάννης
1245 1462 1347 1520 πρὸς
1367 1465 1615 1521 Βελισαριόυ

229 1598 263 1632 6.
291 1594 457 1642 ᾤκηυτο]
483 1594 595 1639 Vulgo
622 1591 791 1639 ᾤ’κοιντο.
907 1596 962 1631 11.
989 1591 1129 1639 αὑτὸν]
1155 1595 1268 1640 Vulgo
1295 1590 1423 1629 αὐτὸν.
1528 1594 1612 1629 ibid.

228 1642 419 1687 Σπολετίῳ
444 1652 486 1675 ex
510 1641 607 1675 Bello
632 1642 756 1676 Gotth.
782 1641 914 1676 addunt
938 1641 1044 1676 Alem.
1068 1642 1119 1675 P=
1144 1653 1208 1676 om.
1224 1644 1275 1682 A,
1299 1641 1413 1687 posito
1433 1641 1614 1676 asterisco.

231 1689 285 1724 12.
336 1688 560 1724 Βιταλιανοῦ
607 1687 714 1721 Alem.
759 1699 802 1721 ex
845 1688 920 1723 MS.
962 1688 1105 1722 Mediol.
1149 1692 1185 1722 et
1229 1688 1277 1721 P:
1325 1688 1528 1733 βιταλιανῷ
1571 1689 1613 1721 Α.

231 1735 285 1770 17.
307 1734 430 1779 μέχρις
454 1730 550 1776 αὐτή
574 1734 642 1767 τοῦ
666 1735 752 1779 βίου
779 1736 819 1768 Α.
854 1734 984 1775 „Alter
1009 1735 1118 1768 codex
1143 1735 1226 1768 Vat.
1249 1732 1375 1778 μέχρις
1400 1732 1521 1768 αὐτοῦ
1546 1735 1616 1767 τοῦ

229 1781 329 1828 βίου,
352 1780 450 1826 quasi
472 1784 548 1814 toto
573 1780 666 1813 vitae
691 1786 846 1826 tempore
859 1780 1026 1814 Germani
1050 1780 1150 1814 liberi
1174 1780 1324 1814 lustinus
1349 1785 1384 1815 et
1403 1780 1615 1814 Iustinianus

228 1828 303 1862 sine
325 1827 490 1861 uxoribus
514 1825 657 1859 fuerint.
705 1827 808 1860 Haud
841 1826 892 1860 ita
924 1834 987 1860 est.
1038 1827 1157 1867 Quare
1188 1826 1368 1870 legendum
1399 1838 1521 1860 censeo
1554 1825 1613 1869 μέ»

229 1886 308 1919 χρις
332 1870 426 1918 αὐτὴ
451 1871 576 1919 ἐβίου,
609 1884 732 1918 nempe
763 1872 968 1907 Theodora:
1004 1872 1111 1916 idque
1134 1872 1169 1905 in
1193 1872 1345 1906 historiis
1368 1873 1495 1907 clarum
1521 1875 1614 1906 est.“

229 1921 347 1956 Anum.
487 1920 542 1954 19.
569 1918 810 1964 Βελισσαρίου
831 1918 939 1953 Alem.
967 1918 1006 1952 P.
1054 1916 1284 1964 βελισσοῖριον
1310 1921 1350 1955 Α.

135 2034 290 2069 exercitu
314 2033 438 2069 timore
461 2033 653 2079 perculsum
679 2033 712 2068 in
740 2033 846 2067 aciem
871 2033 1043 2068 deducere
1066 2033 1188 2080 potuit.
1222 2033 1341 2074 Quare
1364 2031 1517 2067 afflictas
1539 2031 1610 2065 Ita-

133 2082 200 2116 iiae
224 2092 281 2115 res
305 2092 374 2115 non
396 2080 574 2121 restituit3
607 2081 687 2126 quin
711 2080 851 2114 Romam
876 2082 997 2122 etiam,
1019 2085 1054 2114 et
1078 2081 1106 2114 si
1132 2091 1220 2125 quae
1245 2080 1312 2114 alia
1337 2079 1472 2123 reliqua
1497 2082 1609 2117 erant,

133 2129 178 2162 de
201 2127 355 2162 manibus
378 2126 521 2172 insuper
546 2127 670 2160 amisit.
718 2126 815 2160 Nihil
840 2138 881 2160 ex
906 2127 1043 2161 aerario
1068 2127 1231 2160 Caesaris
1255 2126 1299 2160 ad
1323 2126 1388 2159 hoc
1412 2123 1536 2158 bellum
1560 2122 1611 2156 ini

132 2174 222 2215 fuit3
246 2173 391 2219 proinde
412 2173 478 2206 hoc
500 2177 655 2217 tempore
681 2172 852 2217 profunda
875 2173 1050 2207 laboravit
1074 2172 1243 2214 avaritia,
1269 2182 1436 2216 omneque
1461 2169 1608 2203 studium

132 2219 178 2254 ad
201 2224 305 2266 turpe
328 2218 564 2265 compendium
589 2218 772 2253 convertit.
819 2218 879 2252 Sic
903 2219 1009 2252 Italos
1032 2219 1107 2252 sere
1131 2230 1262 2259 omnes,
1296 2218 1528 2256 Ravennates,
1553 2215 1610 2248 Si«

131 2266 296 2312 culosque
318 2265 500 2311 indigenas
525 2265 713 2310 expilavit,
740 2268 775 2298 et
799 2265 828 2297 si
853 2276 941 2310 quos
966 2265 1050 2299 aiios
1075 2266 1214 2299 fortuna
1240 2265 1276 2297 in
1300 2264 1374 2298 eius
1399 2264 1608 2307 potestatem

132 2311 360 2353 coniecisset3
395 2323 414 2344 a
449 2311 572 2356 quibus
597 2310 711 2344 nescio
737 2321 804 2355 quo
829 2310 903 2345 iure
928 2317 1109 2345 anteactae
1135 2311 1229 2344 vitae
1253 2309 1499 2355 cogitationum
1525 2319 1609 2352 poe—

132 2368 196 2392 nas
220 2357 348 2402 exegit.
396 2356 456 2390 Sic
481 2357 516 2390 in
540 2356 772 2391 Herodianum
797 2356 1118 2398 animadversurus,
1147 2356 1312 2403 pecunias
1343 2354 1466 2401 petiit,
1501 2353 1609 2386 minas

131 2414 249 2439 omnes
278 2403 480 2443 intendens3
522 2413 663 2448 quarum
698 2403 757 2437 ille
790 2411 968 2447 pertaesus
1004 2403 1129 2437 dictum
1164 2402 1325 2436 Romanis
1360 2406 1607 2435 sacramentum

133 2460 284 2491 exuens,
310 2461 385 2483 cum
410 2449 481 2482 suis
506 2449 707 2482 cohortibus
731 2460 838 2493 seque
864 2453 900 2483 et
923 2450 1100 2494 Spoletum
1125 2449 1287 2490 Totilae,
1312 2447 1524 2490 Gotthisque
1548 2444 1608 2476 de-

133 2495 230 2530 didit.
285 2495 390 2529 Libet
422 2495 476 2529 hic
510 2506 654 2528 narrare
686 2505 842 2537 causam,
878 2496 1098 2540 quamobrem
1131 2507 1151 2530 a
1184 2494 1352 2529 Belisario
1385 2492 1496 2526 alieno
1531 2500 1607 2522 esse

133 2541 243 2575 animo
267 2540 421 2587 coeperit
444 2541 590 2574 Ioannes
623 2539 788 2574 Vitaliani
820 2554 863 2575 ex
897 2554 1015 2576 sorore
1047 2554 1172 2586 nepos3
1206 2539 1337 2585 ingenti
1368 2550 1452 2572 sane
1483 2536 1606 2569 damno

134 2588 195 2630 rei,
206 2587 433 2622 Romanorum
457 2587 628 2632 publicae.
661 2586 811 2621 Tantum
835 2588 872 2621 in
897 2589 1105 2622 Germanum
1129 2590 1285 2632 Augusta
1307 2586 1452 2630 gerebat
1476 2580 1603 2634 odium,

131 2639 271 2678 tamque
294 2633 448 2668 omnibus
471 2632 708 2674 manifestum,
729 2638 767 2667 ut
791 2634 906 2668 nunus
929 2646 1003 2667 cum
1027 2635 1106 2675 ino,
1132 2634 1217 2668 licet
1241 2629 1461 2678 Imperatoris
1486 2628 1604 2661 fratris

133 2678 226 2719 filio,
250 2679 419 2713 connubia
442 2678 587 2723 iungere
610 2678 765 2714 auderet.
810 2680 901 2714 Nam
926 2680 1000 2713 eius
1025 2680 1144 2722 liberi,
1170 2679 1283 2723 quoad
1307 2678 1366 2711 ina
1391 2675 1503 2714 vixit,
1528 2672 1606 2705 nul-

133 2725 186 2758 las
209 2724 350 2768 nuptias
373 2724 488 2770 adepti
513 2730 602 2758 sunt.
639 2724 771 2759 Iustina
796 2737 880 2760 vero
905 2726 976 2760 fflia
999 2733 1157 2761 octavum
1181 2726 1246 2760 iam
1272 2728 1306 2758 et
1330 2721 1495 2756 decimum
1521 2729 1607 2762 age-

132 2771 192 2804 bat
217 2781 350 2812 annum,
375 2781 486 2816 neque
511 2770 591 2804 dum
614 2775 727 2804 tamen
752 2771 947 2817 nuptiarum
972 2771 1135 2809 soiemnia
1158 2773 1364 2808 celebrarat.
1413 2767 1509 2810 Ergo
1530 2775 1603 2798 cum
