1754 3132
560 119 829 165 HISTORIA
861 119 1079 164 ARCANA
1113 118 1160 166 9.
1535 117 1600 164 63

131 235 236 294 αὕτῇ
255 234 297 278 ἕν
315 233 446 296 ἀγορᾷ
466 238 549 279 τῶν
569 234 866 291 ἐπιεικεστέρων
883 230 1086 289 ἐντύχοιεν
1096 265 1110 286 ,
1135 226 1445 286 ἀποκλινόμενοι
1469 247 1602 275 σπου·

131 307 184 363 δῇ
206 301 470 361 ὖπεχώρουν,
514 302 574 359 μή
602 321 676 347 του
707 308 791 347 τῶν
820 303 993 357 ἱματίων
1020 306 1096 357 τῆς
1126 298 1357 358 ἀνθρώπου
1392 297 1602 354 ἁψάμενοι

126 376 370 428 μεταλαχεῖν
396 376 470 416 τοῦ
501 370 736 427 μιάσματος
764 369 914 415 τούτου
946 369 1120 422 δόξειαν.
1173 365 1224 425 ἦν
1262 369 1342 426 γὰρ
1373 375 1462 419 τοῖς
1492 367 1602 425 ὁρῶ-

128 457 195 484 σιν
216 440 351 491 ἶίλλως
372 458 414 484 τε
436 443 504 484 καὶ
526 441 756 498 ἀρχομένης
776 438 932 496 ἡμέρας
949 438 1201 497 βλάσφημος
1222 436 1380 488 οἰωνός.
1438 439 1481 488 ἐς
1502 438 1604 493 μέν-

93 517 193 554 ὄτοι
225 509 302 560 τὰς
332 512 609 566 συνθεατρίας
635 507 873 566 ἀγριώτατα
903 507 1042 552 εἰώθει
1075 509 1117 559 ἐς
1147 508 1209 551 ἀεὶ
1236 507 1601 562 σκορπιαίνεσθαι·

123 580 332 638 βασκανίᾳ
355 579 434 635 γὰρ
459 583 590 636 πολλῇ
611 578 750 632 sikero.
817 575 1028 636 Ἑκηβόλῳ
1052 578 1097 620 δὲ
1115 575 1291 634 ὕστερον
1318 577 1459 636 Τυρίῳ
1480 575 1602 632 ἀνδρὶ

123 647 200 703 τὴν
228 647 358 702 ἀρχὴν
388 645 674 704 παραλαβόντι
702 644 985 695 πενταπόλεως
1015 647 1057 696 ἐς
1085 646 1139 688 τὰ
1169 645 1362 701 αἴσχιστα
1390 642 1600 701 ὖπηρετῆ-
1622 659 1655 695 1)

124 732 256 760 σουσα
277 717 431 768 εἵπετο,
469 715 574 758 ἀλλά
595 733 633 758 τι
653 720 710 773 τῷ
733 714 947 774 ἀνθρώπῳ
969 721 1323 771 προσκεκρουκυΐα
1346 714 1513 756 ἐνθένδε
1536 713 1602 756 ὅτι

122 782 298 839 τάχιστα
331 782 614 840 ἀπηλαύνετο·
649 784 713 827 διὸ
747 784 798 838 δ’)
832 784 937 841 αὐτῇ
966 783 1217 840 ἀπορεῖσθαι
1246 787 1329 826 τῶν
1366 781 1600 838 ἀναγκαίων

69 865 114 900 10
125 853 336 904 ξυνέπεσεν
348 887 362 906 ,
399 853 500 910 ἅπερ
531 853 578 896 τὸ
612 853 755 896 λοιπὸν
789 854 993 908 ἐπορίζετο
1016 853 1091 908 τὴν
1112 852 1154 902 ἔς
1177 856 1299 907 σῶμα
1318 852 1599 907 παρανομίαν,

122 916 226 980 ᾗπερ
246 922 406 965 εἴθιστο
420 955 434 975 ,
472 922 732 978 ἐργαζομένη.
805 922 846 971 ἒς
864 923 940 975 μὲν
965 916 1038 964 οἷν
1053 919 1359 975 Ἀλεξάνδρειαν
1380 920 1433 963 τὰ
1453 925 1602 976 πρῶτα

122 985 230 1045 ἧκεν.
303 990 440 1033 ἔπειτα
472 991 517 1033 δὲ
539 995 677 1032 πᾶσαν
699 990 773 1046 τὴν
801 990 853 1033 ἕω
876 995 1155 1046 περιελθοῦσα
1182 991 1224 1039 ἒς
1246 988 1476 1041 Βυζάντιον
1499 991 1602 1032 ε’πα·

81 1079 86 1082 ·
120 1063 263 1114 νῆκεν,
300 1060 467 1119 ἐργασίᾳ
484 1060 676 1114 χρωμένη
695 1060 736 1101 ἓν
757 1057 870 1102 πόλει
893 1058 1068 1117 ἕκίστῃ,
1100 1058 1150 1115 ἣν
1169 1076 1210 1114 γε
1230 1057 1497 1112 ὀνομάζοντι,
1537 1056 1599 1101 οἶ-

118 1146 195 1182 μαι
211 1161 223 1180 ,
263 1126 476 1185 ἀνθρώπῳ
510 1128 584 1170 οὐκ
617 1128 667 1170 ἄν
696 1146 793 1170 ποτε
821 1130 941 1178 ἵλεως
964 1126 984 1171 ὃ
1008 1128 1108 1177 θεὸς
1127 1127 1187 1182 εἴη
1202 1161 1215 1180 ,
1254 1126 1390 1182 ὥσπερ
1412 1127 1486 1170 οὐκ
1506 1126 1601 1170 ἆνε-

64 1205 108 1240 15
115 1196 294 1251 χομένου
312 1201 387 1240 τοῦ
409 1199 605 1251 δαίμονος
618 1195 758 1255 χῶρόν
775 1215 867 1240 τινα
886 1202 959 1253 τῆς
981 1194 1202 1254 Θεοδώρας
1220 1195 1445 1246 ἀκολασίας
1465 1195 1601 1252 ἀγνῶ-

116 1282 171 1309 τα
202 1263 319 1309 εἶναι.

259 1332 383 1377 Οὕτω
401 1334 476 1389 μὲν
496 1333 688 1389 τετέχθαι
707 1351 749 1377 τε
770 1335 868 1391 τῇδε
888 1337 940 1391 τῇ
955 1333 1112 1389 γυναικὶ
1131 1333 1199 1376 καὶ
1220 1329 1600 1390 τετρᾶφθαιξυνὲ-

113 1406 173 1458 ,8η
205 1403 273 1444 καὶ
301 1400 405 1460 ὖπὲρ
438 1405 664 1458 δημοσίους
691 1403 851 1453 πολλὰς
879 1400 1092 1460 διαβοήτῳ
1112 1406 1357 1458 γεγενῆσθαι
1378 1402 1417 1451 ἐς
1439 1399 1600 1451 πάντας

116 1468 382 1526 ἀνθρώπους.
455 1473 537 1514 ἐπεὶ
564 1472 608 1514 δὲ
630 1472 798 1528 ἀφίκετο
823 1473 863 1521 ἒς
884 1469 1114 1523 Βυζάντιον
1140 1466 1290 1523 αὖθις,
1319 1468 1493 1527 ἠράσθη
1523 1469 1602 1512 αὗ-

58 1544 191 1595 Ξοτῆς
206 1539 495 1590 Ἰουστινιανὸς
526 1539 659 1597 ἔρωτα
687 1541 864 1591 ἐξαίσιον
886 1538 997 1592 οἷον,
1031 1541 1098 1582 καὶ
1121 1539 1174 1582 τὰ
1195 1543 1340 1596 πρῶτα
1363 1540 1602 1594 ἐπλησίαζεν
1623 1549 1654 1584 Ρ
1677 1550 1723 1585 29

115 1605 173 1659 ὥς
189 1609 396 1666 ἐρωμένη,
434 1609 578 1666 καίπερ
602 1608 732 1664 αὐτὴν
754 1609 972 1666 ἀναγαγὼν
990 1610 1031 1658 ἐς
1049 1608 1097 1651 τὸ
1122 1612 1207 1651 τῶν
1229 1609 1454 1663 πατρικίων
1474 1607 1600 1658 ἀξίω·
1623 1619 1654 1654 A
1678 1618 1724 1656 43

110 1695 189 1732 μα.
217 1702 222 1707 ·
259 1675 436 1732 δύναμιν
454 1679 592 1721 τοίνυν
612 1678 794 1729 ἐξαισίαν
816 1678 907 1722 τινὰ
928 1679 996 1721 καὶ
1012 1674 1212 1733 χρήματα
1237 1677 1421 1727 ἐπιεικῶς
1437 1675 1600 1732 μεγάλα

202 1775 240 1811 2.
271 1771 324 1820 μή
348 1774 440 1820 του]
476 1772 527 1819 μή
549 1786 625 1810 που
649 1774 756 1810 Alem.
896 1773 930 1810 4.
964 1772 1002 1816 ἐς
1024 1773 1152 1819 μέντοι
1174 1793 1222 1800 —-
1246 1773 1385 1819 εἴχετο]
1414 1773 1544 1808 Suidas
1567 1784 1600 1809 s.

204 1832 240 1855 v.
288 1821 608 1865 σκορπιαίνεσθαι.
774 1823 831 1858 10.
881 1819 920 1862 ἐς
966 1821 1098 1866 σῶμα]
1145 1819 1183 1862 ἐς
1228 1818 1272 1855 τὸ
1322 1822 1431 1865 σῶμα
1478 1820 1600 1855 Reisk.

205 1867 263 1903 17.
299 1863 399 1903 οὕτω
430 1865 520 1912 μὲν]
554 1864 623 1902 οὖν
656 1866 755 1902 addit
788 1867 909 1902 Reisk.
1086 1869 1143 1902 18.
1182 1865 1276 1910 ὑπὲρ
1310 1885 1357 1891 -
1391 1864 1600 1922 διαβόητον

203 1913 313 1948 Alem.
347 1914 388 1948 P.
438 1913 476 1955 ἐς
506 1931 553 1939 -·
583 1913 793 1959 διαβοήτους
824 1916 866 1949 Α.
913 1912 952 1956 ἐς
983 1914 1191 1959 δημοσίους
1222 1911 1368 1959 πόρνας
1401 1914 1597 1959 διαβοητφ

204 1958 346 1995 Reisk.=
368 1960 460 1995 unde
483 1958 674 2008 διαβοήτῳ
699 1960 822 1995 ascivi.

112 2036 232 2078 Quare
254 2037 351 2074 vitae
374 2038 521 2074 sanioris
546 2038 699 2074 homines
722 2040 932 2086 quicumque
954 2038 1089 2075 obviam
1112 2039 1204 2074 illam
1229 2038 1434 2074 habuissent
1451 2037 1488 2072 in
1506 2037 1598 2080 foro,

109 2083 295 2119 vitabundi
317 2095 358 2120 ae
380 2085 631 2129 subduxerunt,
657 2097 701 2120 ne
724 2086 870 2120 vestium
895 2090 1060 2121 contactu
1084 2090 1216 2121 tantum
1241 2085 1354 2120 scelus
1378 2085 1414 2118 in
1437 2096 1476 2119 se
1499 2083 1597 2119 deri-

110 2134 229 2164 vatum
253 2133 447 2176 putaretur.
495 2131 590 2172 Quin
615 2132 725 2177 prima
748 2132 844 2176 luce,
874 2133 1001 2178 quibus
1024 2133 1060 2166 in
1084 2137 1308 2177 conspectum
1335 2131 1510 2174 venisset,
1532 2131 1599 2166 ha-

109 2175 260 2212 bebatur
290 2177 367 2212 avis
396 2177 560 2213 infausta.
607 2179 649 2212 In
672 2178 888 2213 mulierculas
912 2179 1064 2213 eiusdem
1088 2178 1219 2213 theatri
1241 2182 1280 2212 ut
1304 2188 1343 2213 se
1366 2176 1598 2212 truculentius

109 2226 270 2267 gereret,
304 2222 412 2258 livida
442 2224 683 2260 malevolentia
713 2236 824 2271 usque
846 2225 1099 2261 stimulabatur.
1145 2225 1234 2259 Post
1256 2225 1344 2259 haec
1368 2235 1444 2258 cum
1467 2223 1597 2257 Penta-

109 2268 200 2314 polis
230 2269 412 2315 praefecto
442 2270 620 2305 Hecebolo
651 2271 764 2316 Tyrio
795 2270 832 2306 in
859 2283 932 2306 eam
958 2269 1170 2316 provinciam
1195 2270 1314 2312 venit,
1347 2269 1482 2304 scilicet
1504 2268 1597 2302 illius

108 2313 347 2360 voluptatibus
368 2316 560 2359 servitura3
592 2317 654 2352 sed
677 2316 715 2351 in
738 2316 806 2351 viri
829 2317 1054 2352 offensionem
1075 2317 1252 2361 incidens,
1286 2316 1382 2350 illinc
1406 2327 1426 2350 e
1446 2314 1598 2360 vestigio

109 2361 336 2404 exturbatnr;
371 2373 481 2407 eoque
514 2363 787 2398 necessariorum
810 2367 971 2408 egestate
994 2374 1134 2409 pressa,
1166 2362 1234 2398 sibi
1257 2363 1346 2397 haec
1370 2360 1598 2408 suppeditare

110 2405 248 2452 cogitur
271 2418 314 2441 ex
339 2413 502 2443 consueta
529 2409 687 2454 corporis
710 2409 967 2455 prostitutione.
1017 2409 1261 2444 Alexandriam
1297 2408 1440 2455 primum
1473 2407 1597 2452 appel-

109 2450 174 2494 lit,
209 2451 355 2488 Oriente
385 2453 513 2489 deinde
546 2460 621 2489 totu
658 2459 870 2502 peragrato,
904 2454 1110 2500 Byzantium
1133 2455 1338 2497 reducitur,
1371 2465 1444 2488 eam
1468 2453 1596 2497 ubique

110 2502 220 2551 artem
242 2509 429 2543 exercens,
462 2511 563 2546 quam
585 2513 629 2537 ne
652 2501 804 2536 nominet
827 2501 985 2547 quidem,
1021 2502 1120 2536 deum
1145 2502 1274 2537 habere
1298 2500 1360 2546 qui
1385 2499 1450 2534 sibi
1476 2498 1595 2543 propi-

109 2546 196 2578 tium
217 2543 314 2582 velit.
361 2545 422 2580 Sic
455 2551 550 2581 certe
582 2547 765 2583 daemones
796 2551 962 2583 curarunt
993 2552 1035 2583 ut
1063 2547 1180 2583 nullus
1212 2550 1306 2582 esset
1327 2544 1596 2581 Theodorianae

108 2598 238 2624 vacuus
258 2589 494 2636 impudicitiae
514 2593 622 2633 locus.

146 2679 157 2689 ·
202 2635 259 2670 Ita
279 2637 376 2672 nasci
399 2643 435 2672 et
457 2638 597 2673 educari
620 2640 709 2674 hauc
731 2638 890 2675 feminam
913 2638 1084 2685 contigit,
1112 2643 1151 2675 et
1172 2638 1356 2674 multarum
1382 2635 1460 2670 fieri
1483 2646 1594 2669 mere-

111 2683 246 2719 mcum*
268 2682 359 2727 apud
393 2695 508 2719 omnes
539 2686 703 2721 mortales
732 2686 835 2731 longe
867 2686 1136 2721 celeberrimam.
1191 2685 1246 2719 Ut
1275 2696 1360 2719 vero
1386 2681 1595 2726 Byzantium

109 2726 230 2768 rediit,
252 2725 384 2772 ingenti
408 2730 483 2764 eius
507 2742 622 2766 amore
645 2732 774 2766 exarsit
796 2732 1020 2767 Iustinianus.
1056 2733 1107 2767 Et
1129 2731 1240 2778 primo
1265 2742 1340 2766 cum
1365 2741 1406 2762 ea
1430 2733 1594 2773 tanquam

109 2771 240 2808 amasia
262 2774 488 2820 versabatur,
508 2776 593 2813 licet
614 2778 660 2814 ad
683 2778 870 2814 Patricium
889 2778 1095 2825 dignitatem
1118 2781 1253 2813 evecta.
1300 2775 1385 2811 Fuit
1408 2774 1495 2810 haec
1519 2779 1594 2808 sta-
