1800 3126
300 171 398 218 394
746 177 804 220 IN
837 176 979 218 HIST.
1012 177 1264 221 ARGANAM

297 282 510 332 gurationis
550 282 719 320 carmine
759 281 953 320 describit.
1010 283 1244 323 Seniorem‘}
1283 289 1419 326 Nonne
1452 285 1588 326 vident
1621 287 1725 326 illud

295 339 488 377 nomisma
520 351 619 375 anno
639 339 856 374 Iustiniani.
914 351 952 378 Β.
982 339 1152 377 secundo
1183 355 1320 379 cusmn
1347 342 1494 381 fuisse?
1523 346 1607 381 Imo
1633 357 1724 380 cum

296 392 345 429 de
373 392 446 430 hac
475 407 515 430 re
553 395 795 430 consulerem
829 394 1137 431 illustrissimum
1167 396 1280 434 Card.
1309 400 1563 436 Barberinum
1595 401 1724 436 virum

296 447 344 485 de
381 450 488 486 omni
522 461 662 498 genere
703 449 919 485 litterarum
954 450 1054 486 bene
1090 453 1296 499 meritum,
1337 466 1389 490 ex
1424 454 1613 492 ditissimo
1651 467 1723 491 suo

293 516 468 550 musaeo,
501 505 542 539 in
572 516 649 554 quo
679 511 825 540 certant
851 505 952 541 inter
978 518 1020 542 se
1047 519 1176 542 rerum
1207 509 1416 558 antiquitas
1446 516 1484 546 et
1512 510 1722 559 opulentia,

294 558 373 595 duo
411 560 573 609 protulit
609 571 725 595 aurea
759 561 991 597 nomismata
1021 569 1156 611 quarto
1186 569 1224 599 et
1252 569 1364 600 sexto
1394 576 1494 601 anno
1521 565 1725 602 Iustiniani

295 627 412 660 cusa3
452 616 491 649 in
522 614 661 664 quibus
699 621 758 651 ter
785 614 1042 653 nihilominus
1078 619 1239 667 repetita
1267 625 1326 655 est
1352 618 1480 655 littera
1516 630 1554 655 G.
1612 620 1725 655 Alte-

294 682 382 705 rum
403 668 468 705 hic
498 671 652 720 accipe:
682 671 848 707 alterum
873 670 1051 708 dabimus
1076 673 1189 709 infra.
1245 674 1459 710 Incisorum
1485 675 1553 710 ille
1582 674 1724 711 abusus

294 731 366 760 est.
436 726 481 760 In
519 725 595 761 alio
639 738 802 762 nummo
839 725 882 765 ἐκ
920 729 992 765 τοῦ
1029 726 1208 766 ἐναντίου
1253 735 1483 778 peccarunt,
1521 735 1565 765 ut
1598 728 1724 766 vides.

295 778 399 828 [vid.
429 780 495 829 fig.
526 779 579 830 4.]
645 793 685 818 Ι).
715 792 753 818 Ν.
782 793 986 819 ms'rmns.
1020 795 1087 820 ET.
1115 794 1390 821 msrmunus.
1422 796 1459 821 1³.
1490 796 1526 821 r.
1555 794 1651 820 Aue.
1681 785 1726 820 in

295 847 373 884 quo
402 835 550 872 litteras
578 836 808 885 singulares,
839 843 878 873 et
897 844 1115 874 extremam
1138 849 1233 875 Auo.
1258 840 1454 888 geminare
1480 839 1725 890 oportuisset.

294 891 442 928 Verum
469 889 567 927 haec
597 893 783 929 curiosius
811 894 1015 944 persequi,
1045 906 1124 930 nou
1147 892 1263 931 huius
1293 901 1350 932 est
1374 895 1456 930 otii.

179 949 209 983 A
230 949 276 985 46
407 947 452 982 P.
483 946 559 993 68,
591 950 632 987 7.
699 947 850 988 Nullus
883 962 927 984 ex
962 955 1121 998 senatu,
1150 955 1221 986 etc.
1255 947 1545 1000 prohibendam
1579 949 1728 985 censuit

295 1014 377 1037 rem
405 999 686 1053 detestabilem]
735 1003 977 1040 Contrarium
1004 1005 1208 1041 Aimoinus
1237 1005 1265 1040 l.
1294 1008 1321 1045 2
1350 1018 1384 1041 c.
1414 1004 1452 1044 5.
1511 1002 1631 1053 Quod
1646 1004 1729 1052 fa-

296 1063 406 1092 ctum
432 1056 671 1093 vehementer
698 1057 908 1094 abhorruit
930 1059 1127 1109 populus,
1157 1066 1393 1109 cunctusque
1416 1066 1600 1106 senatus,
1629 1057 1727 1094 adeo

294 1118 340 1148 ut
362 1112 506 1160 palam
535 1112 752 1148 clamarent
779 1114 976 1161 nefariam
1013 1128 1091 1150 rem
1114 1114 1260 1164 secisse
1286 1114 1539 1165 Augustum,
1577 1120 1622 1150 ut
1643 1127 1728 1162 pu-
1753 1146 1755 1150 .

294 1166 421 1203 blicae
450 1166 683 1203 abiectionis
710 1175 885 1204 scortum
911 1168 989 1204 sibi
1008 1170 1211 1218 copularet
1229 1171 1269 1206 in
1287 1171 1598 1207 matrimonium.
1633 1169 1729 1205 Hac

299 1222 447 1258 Caesar
479 1224 708 1273 exagitatus
737 1224 904 1271 iniuria,
927 1224 1138 1274 plerosque
1165 1232 1391 1261 senatorum
1410 1223 1595 1274 pertrahi
1622 1224 1729 1260 iubet

294 1275 354 1313 ad
378 1291 516 1317 necem.
577 1279 690 1327 Quae
708 1292 768 1314 res
788 1279 831 1315 in
858 1285 1016 1315 tantum
1033 1282 1241 1329 perterruit
1260 1279 1426 1329 plebem,
1457 1286 1501 1316 ut
1519 1278 1597 1315 sibi
1617 1280 1729 1329 quis-

294 1347 367 1383 que
391 1340 562 1370 metuens
590 1333 801 1370 conatibus
828 1335 913 1370 eius
941 1335 983 1370 in
1006 1341 1207 1383 posterum
1236 1336 1395 1371 minime
1417 1334 1576 1371 obbiare
1602 1332 1730 1370 aude-

293 1396 359 1440 νειἴ
417 1391 523 1425 Haec
558 1402 650 1425 vera
679 1390 849 1426 siluisset
877 1389 1120 1440 Procopius?
1159 1391 1321 1427 fortasse
1359 1391 1566 1426 Aimoinus
1603 1390 1729 1425 innuit

267 1445 393 1480 ‚iacta
422 1445 463 1480 in
491 1446 752 1481 Iustinianum
782 1458 869 1480 eam
899 1445 946 1480 ob
976 1458 1058 1480 rem
1089 1447 1260 1482 convicia
1295 1447 1338 1482 in
1370 1446 1469 1482 circo
1497 1451 1535 1481 et
1563 1442 1727 1491 theatro,

293 1498 401 1550 quod
432 1506 469 1536 et
497 1501 539 1535 in
572 1501 657 1537 aliis
687 1501 885 1536 autoribus
914 1501 1097 1549 legimus.

404 1557 450 1591 P.
483 1557 548 1602 68,
578 1556 616 1593 9.
679 1556 833 1592 Nullus
858 1555 1120 1604 Antis-titum]
1161 1553 1426 1605 Epiphaniam
1455 1554 1730 1592 Constantino-

293 1611 513 1660 politanum
534 1609 795 1660 patriarcham
823 1609 887 1646 hic
916 1612 1122 1661 praecipue
1158 1612 1290 1660 carpit,
1322 1623 1399 1661 quo
1428 1609 1634 1656 ἐπιθέντος
1661 1607 1732 1655 τοὶς

150 1673 180 1706 P
205 1673 272 1708 123
295 1670 446 1716 χεῖρας,
475 1679 620 1702 manus
649 1667 864 1716 imponente
891 1679 998 1702 more
1024 1668 1214 1702 maiorum
1240 1667 1475 1702 Iustinianus
1505 1664 1626 1702 adivi-t
1653 1666 1730 1701 im·-

294 1723 468 1772 perium,
498 1728 542 1757 ut
571 1722 739 1772 Cyrillus
767 1719 1111 1772 Scythopolitanus
1140 1721 1323 1771 explicat.

405 1778 450 1812 P.
482 1779 548 1823 68,
585 1781 650 1816 10.
711 1777 790 1826 Qui
822 1790 909 1812 eam
941 1775 1142 1812 dominam
1170 1783 1265 1812 esset
1294 1775 1612 1825 compellaturus]
1643 1775 1732 1811 Sci-

294 1833 388 1870 licet
417 1839 454 1868 et
485 1829 589 1868 hunc
617 1834 798 1882 Procopii
828 1833 959 1868 locum
987 1838 1171 1881 urgeant,
1202 1833 1270 1882 qui
1298 1832 1411 1867 illum
1439 1832 1617 1880 Gregorii
1643 1843 1732 1866 ma-

296 1889 365 1938 gni
393 1887 505 1924 nobis
536 1887 768 1935 obtrudunt,
807 1888 874 1923 ubi
908 1889 1134 1923 Mauritium
1170 1889 1445 1937 imperatorem
1475 1893 1513 1922 et
1541 1887 1732 1922 Constan-

295 1945 394 1979 tiam
421 1945 641 1992 Augustam
674 1944 941 1980 sanctissimus
978 1943 1158 1993 pontifex
1191 1942 1372 1979 dominos
1405 1948 1530 1978 vocat.
1586 1942 1733 1990 Procoss

296 2001 386 2049 pius
417 2011 536 2050 quam
565 2000 735 2035 nominis
763 1999 870 2035 illius
897 1999 1042 2035 fastum
1070 2000 1274 2048 vituperet,
1304 1996 1425 2034 habes
1454 1997 1614 2046 infrap.
1639 1994 1732 2035 134.

298 2055 531 2103 Gregorius,
575 2055 718 2105 aliique
747 2056 865 2104 prisci
900 2054 1120 2104 pontifices,
1160 2060 1198 2089 et
1227 2053 1384 2089 orientis
1414 2053 1586 2102 episcopi
1615 2063 1734 2102 quam

295 2109 487 2157 modeste,
518 2116 555 2145 et
574 2111 914 2160 συγκαταβατικῶς
932 2108 974 2145 id
995 2111 1154 2158 egerint,
1186 2120 1320 2145 omnes
1339 2107 1578 2156 intelligunt.
1633 2107 1733 2142 Nam

297 2166 466 2201 Romani
496 2163 656 2215 quidem
684 2165 897 2214 pontifices,
929 2177 1025 2215 quos
1049 2177 1100 2200 ex
1128 2176 1202 2200 usu
1230 2163 1394 2213 reipubl.
1425 2161 1616 2209 dominos,
1645 2173 1733 2198 eos-

298 2219 391 2256 dem
428 2221 510 2255 iure
543 2219 644 2256 filios
674 2220 935 2270 appellabant.
993 2218 1205 2256 Adrianus
1231 2220 1458 2268 Episcopus
1485 2229 1620 2254 servus
1649 2230 1735 2253 ser-

296 2288 438 2314 vorum
468 2273 531 2310 dei
559 2273 732 2311 dominis
763 2276 958 2325 piissimis
986 2282 1022 2311 et
1056 2275 1317 2327 serenissimis
1351 2287 1401 2310 ac
1428 2271 1735 2322 triumplialibus

298 2329 630 2380 imperatoribus,
662 2331 772 2380 filiis
809 2328 1027 2380 diligendis
1062 2331 1104 2367 in
1132 2328 1202 2365 deo
1237 2336 1272 2366 et
1300 2328 1459 2366 domino
1486 2335 1618 2365 nostro
1647 2327 1734 2364 Iesu

301 2386 459 2424 Christo
493 2386 751 2423 Constantino
781 2393 817 2422 et
848 2386 983 2423 Irenae
1011 2386 1226 2436 Augustis.
1282 2386 1334 2422 Et
1361 2386 1402 2421 iu
1435 2390 1620 2420 contextu
1648 2384 1734 2432 epi·-

298 2442 445 2479 stolae:
483 2442 669 2478 Piis-simi
709 2448 744 2478 et
785 2442 1115 2492 tranquillissimi
1153 2439 1304 2477 domini
1339 2447 1375 2476 et
1407 2439 1499 2488 filii.
1555 2437 1734 2475 Eandem

300 2495 563 2547 compellandi
586 2497 754 2533 somnam
782 2498 1000 2534 observavit
1018 2494 1187 2546 Agatho,
1218 2509 1307 2532 cum
1335 2496 1375 2531 in
1395 2492 1619 2545 epigrapha,
1648 2500 1734 2529 tum

299 2554 343 2589 in
371 2559 558 2589 contextu
593 2565 723 2588 earum
755 2553 994 2599 litterarum,
1035 2565 1131 2603 quas
1167 2565 1237 2601 pro
1267 2551 1430 2587 concilio
1460 2549 1734 2586 Constantino-

301 2608 474 2658 politano
515 2615 625 2645 sexto
673 2607 731 2647 ad,
752 2609 1048 2644 Constantinum
1076 2608 1301 2643 Heraclium
1344 2611 1382 2641 et
1418 2605 1623 2642 Tiberium
1649 2606 1734 2640 Au-

303 2671 436 2713 gustos
467 2662 586 2700 dedit.
643 2665 707 2699 Ex
739 2663 990 2700 orientalibus
1029 2668 1161 2698 autem
1199 2662 1390 2711 episcopis
1424 2661 1540 2711 plane
1576 2660 1733 2696 fuerunt

305 2726 344 2755 et
373 2719 514 2770 quibus
551 2732 596 2756 eo
635 2720 693 2756 uti
727 2720 885 2756 nomine
923 2731 1003 2755 non
1035 2718 1172 2764 libuit,
1212 2723 1256 2753 ut
1283 2717 1444 2754 Leontio
1473 2715 1732 2766 Tripolitano,

306 2788 424 2826 quem
453 2788 524 2813 sua
552 2781 657 2813 aetas
687 2773 848 2817 Κανόνα
875 2775 945 2826 τῆς
972 2772 1187 2825 ἐκκλησίας,
1215 2772 1398 2811 ecclesiae
1424 2782 1616 2822 normam,
1642 2769 1734 2807 licet
