1800 3126
277 134 372 180 350
723 138 780 181 IN
814 138 956 181 I-IIST.
992 139 1241 182 ARGANAM

379 245 500 293 Ρ.16,
514 243 558 283 8.
589 244 737 283 Contra
747 243 975 295 Silverium]
1002 243 1131 283 Editio
1141 247 1318 298 Procopii
1327 249 1551 299 Augustana
1567 248 1686 294 habet

270 298 469 351 Λιβέριον,
497 300 722 347 Liberium5
750 301 925 338 Vaticani
945 299 1108 348 codices,
1136 303 1339 353 Latinique
1361 306 1575 355 scriptores,
1605 307 1687 343 Sil-

268 357 430 395 verium.
488 357 588 392 Hinc
608 354 740 391 videre
767 356 858 392 licet
880 355 1035 393 Silverii
1060 369 1197 394 necem
1219 359 1358 394 iniuria
1387 358 1550 396 adscribi
1574 363 1687 411 Vigi-

268 411 322 447 lio
353 410 536 460 pontifici.
589 411 791 447 Liberatus
820 409 1131 461 Carthaginensis
1163 425 1196 450 c.
1219 415 1287 453 22.
1321 413 1519 463 Vigiliue,
1547 417 1686 467 inquit,

267 479 316 502 ne
337 464 424 502 aede
440 465 664 515 pelleretur,
692 465 894 503 Beli-sario
919 465 1142 504 mandavit.
1203 465 1332 506 Trade
1347 468 1447 506 mihi
1466 470 1687 521 Silverium‚

268 521 422 571 alioqui
449 534 524 557 non
547 533 712 570 possum
725 520 865 570 facere
886 520 996 572 quod
1013 535 1040 558 a
1061 535 1120 559 me
1140 523 1284 572 exigis,-
1312 523 1373 560 ita
1394 524 1581 562 Silveriue
1603 533 1688 563 tra-

266 576 376 612 ditus
405 581 461 612 est
496 573 651 612 duobus
684 576 831 627 Vigilii
860 575 1150 627 defi’nsoribu8‚
1179 583 1215 614 et
1245 579 1371 614 servis
1398 579 1504 628 εἰμες
1542 582 1612 630 qui
1644 583 1688 618 in

268 631 523 667 Palmariam
547 631 723 668 insulam
749 630 969 682 adductus,
997 632 1070 669 sub
1087 645 1228 670 ‘eorum
1252 631 1437 670 custodia
1458 633 1598 684 defecit
1623 637 1688 673 in·-

269 684 372 725 edia.
429 687 639 736 Procopius
667 685 732 723 hic
757 694 795 724 et
814 688 1005 725 sicarium
1033 690 1207 724 nominat
1235 689 1456 738 Eugenium
1470 691 1687 728 Antoninae

270 741 500 788 satellitem,
525 748 562 777 et
584 742 793 779 Silverium
813 755 893 780 non
912 742 1041 779 inedia
1060 749 1257 790 enectum,
1286 742 1357 780 sed
1376 743 1476 781 ferro
1489 772 1499 791 ,
1529 751 1595 781 aut
1607 746 1689 782 alia

270 797 507 845 sanguinarii
533 795 703 834 hominis
725 804 831 846 arte3
861 797 1078 836 cuiusmodi
1101 799 1248 836 scelera
1272 797 1433 846 iisdem,
1463 799 1602 850 quibus
1625 798 1690 836 hic

272 852 417 897 verbis,
447 847 674 903 ἐργάζεσθαι
689 853 849 903 μίασμα,
871 855 1086 903 piaculum
1109 861 1290 904 patrare,
1318 854 1462 905 ubique
1479 855 1689 905 Procopius

275 904 490 943 describere
512 907 623 944 solet.
656 908 685 944 l.
704 909 732 946 2
760 909 853 945 bell.
872 909 996 947 Vand.
1019 908 1067 945 de
1084 911 1231 956 Uliare,
1262 911 1330 959 qui
1351 909 1490 946 iaculo.
1503 911 1691 946 Ioannem

274 961 486 1009 occiderat,
515 963 708 1014 μηδεμίαν
725 962 764 1010 ἐς
785 959 902 1003 αὐτὸν
921 963 1104 1016 γενέσθαι
1121 966 1241 1009 τίσιν,
1269 961 1336 1004 ἅτε
1351 960 1424 1004 οὐκ
1444 963 1488 1004 ἐκ
1503 965 1694 1017 προνοίας

270 1014 315 1056 τό
336 1017 484 1067 μίασμα
507 1016 769 1068 εἰργασμένον.
825 1019 980 1056 nullam
1002 1018 1049 1056 de
1068 1019 1139 1056 illo
1155 1033 1324 1071 poenam
1346 1018 1576 1057 sumendam
1601 1033 1693 1067 esee,

271 1073 344 1122 qui
363 1084 439 1108 non
462 1070 559 1107 data
578 1085 696 1121 opera
708 1074 920 1121 piaculum
934 1081 1145 1124 patrasset.
1199 1076 1249 1111 Et
1271 1075 1300 1111 l.
1322 1077 1340 1115 1
1367 1075 1459 1112 bell.
1485 1073 1617 1112 Gotth.
1642 1075 1692 1112 de

268 1138 364 1163 nece
383 1125 711 1174 Amalasuuthae,
742 1124 938 1175 Θεύδατος
961 1130 1118 1169 πείθειν
1142 1126 1287 1181 ἤθελεν
1316 1128 1370 1177 ὥς
1392 1126 1514 1170 αὐτοῦ
1535 1126 1692 1182 οὐδαμῆ

267 1180 545 1229 ἐπαινοῦντος,
585 1177 673 1221 ἄλλ’
703 1179 757 1229 ὥς
789 1179 954 1233 μάλιστα
991 1178 1181 1224 ἀκουσίου
1212 1183 1420 1237 ἔργασθείη
1442 1183 1498 1225 .τό
1531 1186 1691 1236 μίασμα.

274 1235 496 1273 ΤΙιεοᾶαἰιιε·
515 1235 753 1287 persuadere
785 1237 986 1288 studebat,
1023 1238 1340 1290 haudquaquam
1367 1253 1409 1277 ae
1438 1240 1692 1291 approbante,

265 1290 337 1328 eed
350 1292 472 1342 plane
496 1293 622 1329 invito
646 1305 672 1330 a
697 1293 859 1330 Gottlzis
879 1292 926 1330 id
943 1295 1070 1331 scelus
1088 1297 1340 1332 commissum
1345 1296 1497 1344 faisse.
1552 1296 1625 1332 Illa
1645 1295 1694 1332 de

264 1347 408 1397 Vigilio
431 1348 634 1385 Liberatus
658 1350 846 1396 narravit,
878 1351 1008 1387 animo
1036 1352 1077 1387 in
1101 1349 1270 1387 eundem
1294 1363 1374 1388 non
1400 1352 1456 1388 ita
1480 1351 1693 1398 benevolo;

263 1415 358 1439 nam
374 1403 548 1440 Africani
573 1404 621 1440 ob
645 1404 914 1442 confirmatam
936 1418 959 1442 a
976 1407 1118 1456 vigilio
1143 1408 1320 1457 quintam
1337 1407 1693 1457 Constantinopoli-

263 1465 397 1494 tanam
422 1458 647 1509 Synodum‚
679 1459 729 1496 de
754 1461 878 1498 tribus
908 1462 1118 1511 capitibus,
1146 1474 1226 1499 non
1257 1462 1386 1498 solum
1415 1463 1566 1512 scriptis
1588 1473 1693 1498 >eum

263 1514 563 1562 lacessiverunt,
591 1522 635 1551 ut
659 1515 864 1553 Facundus
885 1517 1197 1564 Hermianensi83
1226 1516 1297 1554 sed
1321 1523 1359 1554 et
1383 1517 1588 1566 epistolam
1619 1515 1690 1552 sub

266 1570 349 1606 eius
365 1572 524 1606 nomine
542 1570 589 1606 ab
609 1569 813 1608 haereticis
834 1571 1036 1608 confictam
1052 1573 1128 1622 ipsi
1145 1573 1363 1619 vulgarunt,
1393 1576 1431 1606 et
1450 1569 1501 1606 ad
1518 1576 1692 1621 posteros

267 1627 583 1672 transmiserunt,
612 1638 753 1676 nempe
771 1627 974 1664 Liberatus
997 1629 1037 1664 in
1053 1626 1263 1672 breviario,
1295 1631 1333 1661 et
1354 1626 1485 1662 Victor
1501 1626 1693 1662 Tunnen-

267 1681 398 1715 nensis
426 1681 467 1714 iu
493 1678 697 1724 chronico3
728 1695 773 1715 ac
793 1681 960 1729 denlque
987 1678 1233 1716 anathemate
1258 1681 1372 1716 illum
1396 1681 1583 1730 impetere
1608 1682 1692 1718 ausi

269 1741 371 1770 suut.
426 1735 627 1770 Postremo
646 1734 849 1771 Liberatus
871 1733 919 1770 de
939 1748 1032 1771 nece
1057 1735 1213 1772 Silverii
1235 1737 1386 1786 scripsit
1411 1747 1510 1786 quae
1535 1736 1582 1772 ab
1605 1737 1692 1773 alus

268 1795 490 1839 acceperat:
528 1791 739 1839 Procopius
773 1802 865 1826 vero
900 1788 1043 1827 horum
1075 1791 1183 1827 testis
1212 1790 1288 1827 fuit
1322 1791 1516 1839 oculatus,
1544 1792 1692 1828 Romae

268 1850 360 1880 tuuc
381 1843 526 1894 degens
548 1851 588 1880 et
606 1843 710 1895 apud
729 1846 967 1881 Antoninam
985 1847 1082 1882 tanti
1098 1847 1254 1883 sceleris
1273 1846 1471 1882 artificem.

377 1901 422 1936 P.
444 1901 505 1946 16,
529 1901 593 1940 17.
652 1900 747 1936 Nisi
762 1900 948 1951 Plautius]
978 1899 1212 1952 Theophani
1231 1908 1288 1938 est
1306 1901 1517 1949 Photinus,
1545 1899 1594 1937 de
1613 1913 1692 1952 quo

268 1954 370 1990 infra
386 1953 434 1990 ad
452 1967 541 2004 pag.
555 1955 604 1996 15
623 1954 757 1995 liu.34
774 1955 838 1992 ed.
857 1963 1025 2003 nostrae,
1044 1957 1223 1993 Belisarii
1239 1958 1452 2007 privignus,
1472 1957 1692 1993 Antoninae

267 2009 371 2046 filius
395 2023 446 2046 ex
467 2012 593 2060 priore
615 2012 768 2048 marito.
828 2013 873 2047 Iu
889 2011 1089 2048 Persidem
1111 2018 1266 2048 secutus
1285 2019 1342 2048 est
1361 2012 1593 2048 Belisariutn
1615 2010 1692 2047 du-

267 2077 379 2111 cem3
410 2066 480 2102 sub
504 2078 581 2116 quo
605 2067 646 2102 in
669 2067 781 2102 Italia
805 2068 931 2116 prima
961 2065 1153 2117 stipendia
1176 2067 1341 2114 fecerat,
1371 2065 1460 2113 νέος
1478 2063 1534 2105 ὤν
1554 2065 1608 2105 ἔτι
1625 2065 1693 2106 καὶ

151 2123 179 2158 Ρ
201 2123 246 2159 92
268 2122 423 2167 πρῶτον
451 2116 675 2171 ὖπηνήτης,
703 2117 963 2168 ξυνετότατός
989 2136 1029 2160 τε
1058 2121 1125 2161 καὶ
1156 2118 1311 2171 φύσεως
1343 2118 1455 2172 ἰσχύν
1485 2118 1586 2173 ’ὑπὲρ
1618 2118 1693 2172 τὴν

264 2173 421 2225 ἠλικίαν
440 2171 630 2224 δηλώσας.
687 2175 823 2212 adnuo
840 2178 994 2226 primae
1021 2177 1229 2228 lanugini-s·
1253 2175 1496 2225 adolescens,
1517 2175 1695 2227 pruden-

266 2230 327 2266 tia
345 2231 676 2280 praestantiaque
691 2238 862 2268 naturae
870 2232 1039 2283 pollens,
1066 2246 1193 2283 supra
1215 2246 1339 2283 quam
1359 2233 1588 2281 aeta-eferre
1601 2245 1692 2282 pos-

264 2291 334 2321 εει.
389 2286 552 2335 Procop.
583 2286 612 2322 l.
639 2288 657 2325 1
693 2284 741 2322 de
773 2287 866 2323 bell.
892 2286 1026 2325 Gotth.
1081 2289 1187 2325 Dum
1213 2290 1358 2325 Romae
1389 2287 1547 2338 agebat,
1576 2293 1693 2338 atque

264 2341 460 2377 Antonina
488 2348 614 2377 mater
638 2340 871 2379 Theodorae
900 2345 1136 2394 imperatrici
1166 2350 1320 2394 gratum
1351 2343 1500 2380 factura
1526 2342 1691 2380 silverio

265 2395 438 2445 pontifici
458 2395 641 2433 tendebat
658 2396 832 2445 insidias,
866 2396 916 2434 ad
933 2399 1156 2449 pontificem
1173 2400 1279 2437 venit
1296 2400 1338 2448 in
1354 2399 1522 2436 Basilica
1539 2399 1585 2434 B.
1603 2399 1692 2434 Ma-

266 2452 346 2486 riae
363 2450 530 2488 Sabinae
549 2453 788 2500 latitantem5
817 2466 953 2504 quem,
985 2453 1076 2492 data
1094 2454 1190 2503 fide,
1219 2453 1311 2491 inde
1327 2455 1370 2490 iu
1386 2454 1575 2504 palatium
1596 2466 1692 2491 evo-

266 2507 383 2542 cavit.
439 2507 641 2544 Liberatus
662 2507 843 2559 Carthag.
871 2522 904 2546 c.
924 2512 992 2551 22.

169 2566 200 2599 A
222 2566 244 2600 5
377 2562 423 2598 P·
445 2565 509 2609 17,
537 2561 575 2601 4.
632 2564 777 2600 Decem
811 2565 943 2601 millia
972 2562 1107 2616 pondo
1139 2563 1254 2614 auri]
1293 2563 1437 2600 Graece
1467 2569 1526 2600 est
1553 2559 1692 2603 ἓκατόν

267 2611 511 2668 κεντηνᾶρια.
570 2619 679 2654 Hanc
695 2619 927 2656 numerandi
954 2622 1143 2658 rationem
1170 2620 1317 2670 passim
1336 2617 1402 2655 hic
1426 2625 1464 2655 et
1479 2619 1520 2654 in
1539 2619 1690 2670 reliqua

268 2669 429 2708 historia
458 2680 618 2723 usurpat
641 2675 870 2725 Procop1us,
900 2681 938 2711 et
968 2676 996 2712 l.
1021 2678 1039 2714 1
1067 2674 1114 2711 de
1137 2674 1231 2711 bell.
1251 2676 1358 2712 Pers.
1377 2675 1432 2711 ita
1461 2672 1609 2711 reducit
1637 2671 1688 2709 ad

269 2727 478 2766 calculum·
534 2727 633 2769 ἕλκει
659 2730 790 2782 λίτρας
823 2728 865 2771 τὸ
894 2726 1149 2783 κεντηνᾶριον
1179 2727 1334 2780 ἑκατὸν,
1362 2725 1438 2781 ἀφ’
1465 2723 1512 2770 οὗ
1541 2726 1591 2781 δή
1621 2725 1686 2769 καὶ
