1754 3132
221 154 285 200 44
804 157 1066 200 PROCOPII

169 270 200 304 D
224 265 270 308 τὸ
300 263 516 320 πρότερον,
555 266 771 308 ἐπιτελέσαι
800 268 844 308 δὲ
869 267 920 309 τὰ
952 266 1234 321 ἐπιτεταγμένα
1266 266 1359 309 οὐδ’
1383 265 1437 317 ὣς
1453 270 1653 322 βεβουλῆ-

219 337 336 378 σθαι.
405 335 540 387 τρίτον
575 333 620 375 τὲ
643 334 680 374 οἳ
709 334 928 376 ἐπιστᾶσαν
958 334 1031 388 τὴν
1056 338 1129 376 τοῦ
1151 333 1303 390 ὀνείρου
1326 333 1422 388 ι’)’ψιν
1443 335 1652 390 ἀπειλῆσαι

217 401 292 451 μὲν
314 399 364 441 τὰ
384 398 581 454 ἀνήκεστα
595 432 607 451 ,
644 399 692 454 ἢν
710 400 767 453 μὴ
791 401 843 442 τὰ
865 400 1132 455 ἐπηγγελμένα
1162 401 1317 454 ποιοίη,
1348 402 1516 444 ἐπειπεῖν
1535 419 1576 444 τε
1597 400 1652 451 ὥς

217 467 344 508 αὐτοῦ
369 484 409 508 τε
435 472 506 508 τοῦ
535 465 757 521 ἀνθρώπου
783 469 848 508 καὶ
877 473 951 522 τῆς
978 468 1199 522 ξυγγενείας
1223 468 1340 521 χρέος
1359 468 1397 509 οἶ
1415 467 1516 522 μέγα
1543 467 1651 522 ὄργι-

215 534 458 590 σθησομένῳ
478 535 516 581 ἐς
534 532 681 587 χρόνον
700 533 769 575 τὸν
787 533 957 577 ὄπισθεν
978 535 1050 588 εἴη.
1121 532 1210 576 τότε
1227 535 1299 586 μὲν
1321 530 1392 576 οὗν
1410 533 1537 584 οὕτως
1548 535 1650 576 Ἵου-
1663 546 1684 579 5

214 602 336 658 στίνῳ
366 608 553 655 περιεῖναι
586 601 730 654 ξυνέβη
747 633 759 652 ,
796 599 1006 655 προϊόντος
1025 602 1070 643 δὲ
1089 605 1160 642 τοῦ
1179 599 1328 654 χρόνου
1353 602 1391 650 ἒς
1408 601 1509 656 μέγα
1531 599 1653 643 δυνά-

215 685 322 720 μεως
353 662 471 715 οὗτος
496 667 711 716 ’Ῑουστῖνος
741 666 951 724 ἐχώρησεν.
1023 667 1198 722 ἄρχοντα
1220 667 1297 722 γὰρ
1318 667 1440 710 αὐτὸν
1457 666 1654 710 Ἀναστά-

215 751 300 781 σιος
322 734 511 785 βασιλεὺς
536 733 809 788 κατεστήσατο
833 740 913 778 τῶν
935 736 975 776 ἓν
1001 738 1184 792 παλατίῳ
1203 731 1404 789 φυλάκων.
1459 733 1594 789 ἐπειδή
1613 751 1653 777 τε

216 799 236 842 ὃ
259 802 448 853 βασιλεὺς
469 802 510 851 ἐξ
528 799 758 855 ἀνθρώπιον
776 801 996 858 ἠφάνιστο,
1034 801 1155 850 αὐτὸς
1174 805 1223 857 τῇ
1242 805 1314 854 τῆς
1337 800 1462 855 ἀρχῆς
1489 799 1654 854 δυνάμει

214 867 288 922 τὴν
305 870 514 921 βασιλείαν
538 869 761 923 παρέλαβε,
800 870 1058 925 τυμβογέρων
1078 869 1151 922 μὲν
1168 867 1334 922 γεγονώς
1354 867 1431 922 ἤδη
1443 900 1456 920 ,
1486 866 1652 923 ἆμάθη-
1667 884 1710 916 10

216 951 287 983 τος
316 936 360 976 δὲ
385 933 634 990 γραμμάτων
665 934 855 979 ἁπάντων
883 938 947 978 καὶ
981 937 1027 978 τὸ
1059 936 1110 989 δὴ
1139 934 1346 989 λεγόμενον
1367 933 1657 990 ἀναλφάβητος

98 1001 274 1045 1⁵00ch
337 1001 792 1044 οὐ’“’Ῥί
940 1001 951 1018 '
1142 1000 1209 1016 ”’
1375 1004 1386 1019 ³

151 1036 173 1046 „-
287 1034 299 1054 ,
406 1019 563 1058 γεγονος
581 1020 622 1044 εν
683 1021 774 1057 ωμα
792 1021 850 1052 οις
873 1020 1068 1058 προτερον
1090 1020 1208 1044 τουτο
1236 1019 1289 1057 γε.
1353 1001 1582 1056 ειθισμένου
1613 1003 1656 1044 δὲ

90 1588 120 1621 A

214 1067 435 1124 γράμματα
469 1072 593 1112 οἰκεῖα
621 1077 705 1119 τοῖς
735 1072 908 1124 βιβλίοις
937 1071 1135 1112 ἐντιθέναι
1164 1069 1232 1112 τὸν
1268 1069 1462 1122 βασιλέα,
1499 1068 1575 1111 ὅσα
1606 1067 1656 1110 ἂν

217 1137 528 1191 ἐπαγγέλλοντος
550 1136 676 1178 αὐτοῦ
696 1139 866 1191 γίνοιτο,
904 1137 1026 1184 αὐτὸς
1043 1136 1178 1189 μέντοι
1202 1135 1293 1179 οὔτε
1316 1134 1544 1191 ἐπήγγελλεν
1563 1134 1656 1178 οὔτε

216 1210 299 1251 τοῖς
320 1203 613 1257 πρασσομένοις
633 1206 951 1252 ’ξυνεπίστασθαι
973 1202 1056 1253 οἷός
1077 1221 1119 1245 τε
1139 1199 1200 1258 ἦν.
1271 1201 1315 1251 ὃς
1337 1203 1380 1244 δὲ
1401 1201 1655 1258 παρεδρεύειν
1669 1217 1709 1250 15

215 1270 328 1327 αὐτῷ
345 1270 482 1324 ἔλαχεν
501 1270 627 1326 ἀρχὴν
645 1270 718 1323 τὴν
736 1275 808 1313 τοῦ
828 1271 1076 1323 καλουμένου
1095 1272 1346 1325 κοιαίστορος
1355 1267 1544 1325 Πρόκλος
1564 1269 1656 1312 ὅνο-

211 1355 286 1390 μα,
317 1337 440 1386 αὐτὸς
461 1338 510 1391 δὴ
535 1336 747 1395 αὐτονόμῳ
768 1336 906 1394 γνώμῃ
928 1337 1087 1380 ἅπαντα
1112 1337 1320 1393 ἔπρασσεν.
1359 1335 1468 1386 ὅπως
1487 1338 1532 1378 δὲ
1547 1354 1656 1392 μαρ-

211 1405 354 1459 τυρίαν
375 1409 448 1459 τῆς
464 1405 664 1456 βασιλέως
691 1405 823 1459 χειρὸς
851 1405 974 1459 ἔχοιεν
985 1438 998 1456 ,
1027 1403 1087 1453 οἷς
1108 1406 1295 1447 ἐπίκειται
1314 1403 1359 1446 τὸ
1383 1403 1497 1460 ἴργον
1517 1408 1654 1455 τοῦτο,

210 1470 412 1526 ἐπενοήθη
443 1471 553 1515 τάδε.
623 1471 730 1529 ξύλῳ
749 1472 992 1530 εἰργασμένῳ
1011 1477 1159 1527 βραχεῖ’
1175 1469 1469 1526 ἓγκολάψαντες
1489 1469 1655 1527 μορφήν

211 1556 299 1580 τινα
326 1537 577 1594 γραμμάτων
603 1537 829 1595 τεττάρων,
869 1539 970 1594 ἅπερ
999 1540 1225 1594 ἀναγνῶναι
1253 1543 1302 1595 τῇ
1322 1539 1519 1580 Λατίνων
1539 1542 1654 1594 φωνῇ
1667 1551 1711 1585 20

143 1589 188 1665 23
213 1604 406 1657 δύναται,
438 1608 618 1662 γραφίὸα
646 1624 688 1649 τε
719 1611 837 1663 βαφῇ
864 1605 1096 1660 βάψαντες,
1133 1600 1159 1663 ᾗ
1179 1610 1359 1659 βασιλεῖς
1378 1602 1544 1662 γράφειν
1566 1603 1656 1648 εἷώ-

214 1678 362 1726 θασιν,
400 1675 676 1731 ἒνεχειρῖζοντο
707 1678 763 1732 τῷ
793 1678 955 1728 βασιλεῖ
983 1671 1127 1732 τούτῳ.
1199 1675 1264 1715 καὶ
1287 1673 1334 1715 τὸ
1353 1670 1495 1725 ξύλον,
1534 1666 1654 1727 οὗπερ

304 1796 358 1829 10.
381 1791 635 1839 τυμβογέρων]
657 1792 783 1826 Suidas
805 1802 832 1826 a.
858 1792 890 1826 h.
914 1804 949 1827 v.
1096 1792 1179 1825 ibid.
1206 1788 1398 1834 ἅμάθητος
1419 1809 1464 1815 -
1487 1786 1655 1833 ἀναλφά-

302 1840 434 1884 βητος]
469 1838 596 1872 suidas
620 1849 647 1873 s.
673 1850 702 1870 v.
726 1835 929 1877 Ἰουστῖνος.
1069 1838 1122 1872 14,
1155 1835 1364 1881 ἐπήγγελλεν
1387 1835 1427 1870 P.
1474 1833 1653 1879 ἐπήγγειλ-

303 1888 363 1917 λεν
388 1887 425 1917 Α.
567 1884 619 1919 15.
643 1883 985 1926 ,,ξυνεπίστασθαι]
1011 1883 1246 1924 ξυνέπεσθαι,
1270 1887 1331 1915 aut
1352 1882 1653 1922 ξυνεφίστασθαι.

305 1929 406 1962 Prius
428 1929 602 1962 rectius.“
638 1928 760 1961 Rfflsx.
902 1930 953 1963 18.
986 1927 1041 1968 οἷς
1065 1926 1239 1962 ἐπίκειται
1263 1927 1299 1960 Ρ.
1349 1924 1371 1968 ἡ
1395 1925 1415 1946 *
1438 1926 1457 1946 *
1481 1926 1500 1946 *
1522 1924 1654 1962 ἐπίκει-

303 1988 362 2008 ται
387 1976 426 2008 Α.
562 1975 617 2008 22.
642 1972 851 2018 ἐνεχείριζον
876 1972 917 2009 δὲ
939 1976 989 2019 τῷ
1011 1975 1151 2019 βασιλεῖ
1171 1971 1307 2016 ταύτην
1337 1971 1452 2007 Reisk.

213 2087 329 2110 somno
354 2075 426 2109 visa
450 2075 585 2117 forent,
609 2079 775 2119 nocteque
798 2074 996 2119 insequente
1019 2074 1136 2108 iisdem
1160 2074 1195 2107 in
1219 2073 1334 2118 quiete
1356 2072 1440 2106 visis
1461 2077 1497 2106 et
1520 2072 1658 2114 auditis,

214 2133 255 2155 ac
287 2120 499 2155 nihilominus
530 2120 713 2164 neglectim
746 2121 847 2154 tertio
880 2121 922 2153 ab
947 2119 1062 2154 eadem
1086 2120 1144 2153 illa
1167 2120 1283 2164 specie
1312 2117 1534 2152 atrocioribus
1558 2117 1655 2151 minis

215 2166 432 2209 exagitatur,
456 2170 496 2199 ut
516 2165 609 2199 dicto
634 2170 772 2210 pareat:
798 2165 884 2198 Nam
903 2166 988 2206 hoc,
1010 2165 1140 2209 inquit,
1164 2163 1313 2204 homine,
1335 2163 1500 2207 huiusque
1516 2163 1657 2208 propin-

214 2211 289 2254 quis
309 2222 395 2255 opus
418 2222 491 2244 cum
515 2210 631 2255 primis
654 2210 739 2251 erit,
770 2212 903 2255 quando
927 2210 978 2243 ira
1001 2211 1082 2244 mibi
1105 2221 1179 2243 mox
1203 2209 1437 2242 concitabitur.
1483 2207 1543 2241 Sic
1565 2219 1654 2242 mor-

213 2261 279 2288 tem
305 2255 452 2289 evadere
475 2255 603 2290 Iustino
627 2255 782 2298 contigit.
829 2255 1001 2299 Tempore
1033 2254 1156 2288 deinde
1187 2254 1411 2298 procedente,
1444 2263 1594 2296 magnam
1624 2251 1655 2286 is

211 2301 430 2343 consequitur
474 2301 678 2344 potentiam,
719 2300 950 2334 Praetorianis
984 2299 1145 2333 militibus
1178 2300 1372 2343 praefectus
1403 2298 1445 2331 ab
1477 2297 1654 2332 Anastasio

211 2346 389 2390 Principe:
431 2346 488 2390 qui
513 2346 569 2379 ubi
593 2346 666 2379 fato
690 2345 877 2386 concessit,
902 2357 942 2378 ea
964 2345 1071 2378 fretus
1094 2344 1242 2378 Iustinus
1266 2343 1480 2387 praefectura
1503 2341 1652 2387 capessi-

209 2390 260 2423 vit
283 2390 482 2435 Imperium,
496 2411 499 2417 «
514 2402 617 2424 senex
639 2392 706 2424 iam
730 2391 812 2424 licet
834 2391 1023 2435 capularis,
1047 2396 1100 2432 et,
1125 2390 1215 2434 quod
1241 2388 1399 2423 Romanis
1421 2387 1564 2422 antehac
1586 2398 1651 2420 non

209 2435 344 2476 evenit,
379 2436 463 2468 adeo
488 2435 675 2469 litterarum
701 2446 824 2479 expers
848 2441 902 2477 et,
937 2435 1025 2479 quod
1048 2434 1195 2475 dicitur,
1227 2433 1492 2477 analphabetus‚
1517 2437 1554 2466 ut
1577 2443 1650 2466 cum

208 2481 260 2514 sui
285 2480 392 2514 soleat
416 2481 557 2514 nominis
584 2481 697 2524 apices
720 2481 840 2514 libellis
871 2480 991 2514 indere
1013 2481 1196 2524 Princeps,
1234 2490 1306 2512 cum
1330 2477 1412 2522 quid
1433 2477 1576 2522 imperat
1598 2477 1648 2510 fa-

208 2525 388 2566 ciundum,
422 2525 495 2567 ipse
532 2537 640 2569 neque
673 2526 839 2569 imperare
864 2538 972 2570 neque
999 2536 1132 2569 compos
1156 2535 1231 2557 esse
1254 2529 1368 2567 posset
1391 2533 1504 2556 rerum
1527 2532 1649 2565 geren-

209 2572 349 2611 darum,
382 2570 442 2604 sed
477 2570 638 2609 Pruclus,
674 2571 733 2614 qni
756 2571 870 2604 officio
896 2571 1093 2612 Quaestoris
1113 2569 1319 2613 fungebatur
1343 2567 1442 2611 eique
1465 2567 1649 2607 assidebat,

209 2617 319 2650 omnia
342 2616 474 2649 faceret
497 2626 559 2660 pro
584 2615 737 2648 arbitrio.
784 2615 908 2649 Verum
932 2622 970 2649 ut
994 2614 1127 2658 aliquod
1148 2612 1366 2657 Imperatoris
1389 2623 1504 2646 manus
1518 2615 1650 2646 extaret

210 2666 466 2704 argumentum,
500 2672 521 2694 a
544 2660 742 2703 magistratu
756 2685 766 2701 ,
789 2662 844 2704 qui
869 2661 903 2694 id
929 2660 1074 2694 muneris
1101 2659 1227 2700 habet,
1246 2657 1475 2700 excogitatum
1499 2658 1564 2691 boc
1585 2661 1650 2690 est.

209 2706 377 2740 Tabellae
399 2706 536 2749 ligneae
560 2706 750 2750 perpolitae
777 2706 914 2739 formam
938 2711 1085 2748 quatuor
1106 2704 1279 2737 literarum
1293 2728 1301 2744 ,
1328 2713 1414 2746 quae
1438 2702 1507 2744 legi
1528 2701 1648 2735 Latine

211 2756 369 2796 possent,
400 2750 610 2784 incidendam
634 2756 775 2791 curant,
811 2762 919 2795 eaque
941 2750 1055 2784 libello
1079 2748 1258 2793 imposita,
1283 2747 1428 2782 calamus
1451 2747 1564 2782 colore
1587 2745 1647 2781 im-
