1800 3126
559 116 749 161 NOTAE
784 115 1082 162 ALEMANNI.
1451 116 1548 164 365

91 229 200 270 dices
220 228 398 270 Vaticani
417 224 636 276 Ἰουστῖνος-
693 230 841 268 Verum
871 241 924 266 ex
953 226 1095 266 eadem
1121 227 1193 265 illa
1213 225 1555 280 Chalcondyliana

90 287 263 326 editione
291 287 374 324 iam
403 284 472 324 diu
500 292 656 338 poterat
693 283 797 323 illud
824 284 1017 323 mendum
1045 285 1156 333 tolli,
1186 285 1220 323 si
1252 287 1341 337 quis
1374 287 1555 323 animum

90 343 348 391 attendisset3
376 355 472 380 nam
499 345 542 381 in
571 356 668 382 voce
695 339 916 395 ἆμᾶθητος,
947 341 1048 380 haec
1078 341 1219 380 eadem
1247 344 1431 393 Procopii
1461 356 1555 380 sen-

90 401 213 440 tentia
239 400 439 451 profertur
470 401 625 451 integro
655 400 795 437 Iustiui
827 399 1005 437 nomine.
1062 400 1116 437 At
1142 400 1331 451 frequens
1360 412 1455 437 sane
1494 406 1554 436 est

87 457 341 495 librariorum
368 457 504 508 lapsus
533 458 575 494 in
612 455 674 495 his
705 455 858 494 duobus
887 457 1030 493 Iustini
1063 468 1108 493 ac
1136 457 1344 494 Iustiniani
1375 456 1552 494 vocabu-
1574 457 1603 490 P
1625 456 1690 491 102

88 513 152 563 lis,
182 526 274 550 cum
301 515 344 550 in
373 512 450 551 hac
478 512 664 562 historia,
694 520 739 551 ut
766 513 881 561 infra,
913 519 952 550 et
979 514 1022 549 in
1050 514 1159 550 notis
1189 514 1380 550 censoriis
1408 527 1554 551 mone-

87 569 240 618 bimus,
278 576 366 607 tum
396 570 492 608 alibi
522 569 629 622 apud
655 570 894 620 Evagrfflm,
938 570 1117 621 aliosque
1149 571 1382 621 scriptores,
1421 572 1478 607 ita
1508 577 1553 608 ut

86 627 164 666 viri
192 627 417 678 gravissimi
450 641 539 664 eam
570 628 620 665 ob
657 640 742 664 rem
772 626 892 677 longe
923 639 946 662 a
977 628 1142 664 veritate
1171 625 1360 666 historiae
1391 627 1551 665 aberra-
1574 629 1606 664 V
1630 628 1696 664 347

87 683 179 724 rint.
235 685 338 722 Nam
366 682 584 722 Athalarici
614 682 851 721 Gotthorum
889 683 995 732 regis
1031 683 1178 733 legatio
1220 682 1269 720 de
1309 697 1407 735 pace
1450 697 1553 736 quae

86 737 256 778 habetur
284 741 312 778 l.
329 740 369 789 8,
399 742 541 778 variar.
575 739 799 778 cassiodori
820 740 933 790 epist.
953 740 975 779 1
1007 738 1058 776 ad
1076 741 1274 777 Iustinum
1304 748 1374 788 est,
1407 754 1552 792 quem-

87 795 307 835 admodum
347 797 518 848 legimus
560 798 603 834 in
633 798 821 835 Vaticano
866 795 1024 843 codice3
1064 809 1145 833 non
1189 795 1239 833 ad
1274 799 1551 846 Iusssnianmn,

86 860 132 891 ut
163 854 299 891 titulus
329 851 512 892 editionis
539 854 773 891 Parisiensis
800 866 895 904 prae
925 865 967 890 se
1007 852 1105 900 fert,
1145 860 1184 889 et
1213 854 1274 890 vir
1303 853 1440 892 doctus
1471 857 1553 891 Ba-

86 910 222 948 ronius
253 908 410 948 credere
449 923 531 948 non
561 909 767 947 dubitavit.
827 908 1037 962 Siquidem
1067 910 1121 946 ait
1147 907 1425 948 Athalaricus:
1461 913 1552 962 pri-

86 965 251 1004 mordia
283 967 422 1019 itaque
458 974 621 1018 nostra,
664 967 816 1004 solatia
858 973 1089 1004 mereantur
1117 968 1323 1018 principis·
1362 967 1552 1020 longaevi

83 1021 240 1062 habere.
295 1023 419 1075 Atqui
445 1024 686 1061 Iustinianus
726 1024 874 1075 κομιδῆ
906 1022 1022 1074 νέος,
1063 1021 1287 1061 admodum
1321 1023 1553 1062 adolescens

85 1086 170 1117 erat
206 1079 268 1132 (ut
295 1082 430 1119 statim
459 1079 593 1118 subdit
621 1079 854 1132 Procopius)
893 1093 985 1117 cum
1021 1078 1271 1118 Athalaricus
1310 1094 1399 1118 eam
1436 1082 1552 1131 lega-

84 1137 236 1174 tionem
262 1135 492 1175 adornabat.
550 1138 617 1175 Ait
635 1144 862 1189 praeterea3
892 1150 964 1175 vos
988 1138 1207 1187 genitorem
1235 1151 1369 1174 meum
1399 1139 1442 1175 in
1463 1139 1555 1176 Ila-

85 1192 147 1231 lia
173 1193 384 1244 palmatae
412 1193 600 1231 claritate
631 1195 863 1234 decorastis.
923 1192 1005 1231 Sed
1035 1194 1192 1243 genitor
1220 1192 1440 1231 Athalarici
1468 1196 1556 1232 Eu-

25 1268 27 1270 ·
83 1247 260 1288 tharicus
297 1256 387 1287 ante
415 1263 563 1288 novem
588 1263 713 1288 annos
742 1263 864 1302 quam
893 1249 1136 1286 Iustinianus
1165 1249 1311 1287 Caesar
1348 1257 1474 1300 esset,
1515 1258 1556 1289 et

84 1305 134 1343 ab
164 1319 211 1344 eo
242 1306 381 1343 consul
410 1308 534 1343 creari
560 1312 718 1357 posset,
760 1306 980 1357 palmatam
1016 1303 1200 1343 induerat
1228 1307 1272 1343 in
1301 1308 1439 1356 Italia,
1478 1321 1555 1346 nec

84 1359 154 1400 diu
182 1368 286 1414 post,
317 1359 425 1399 diem
449 1362 613 1400 obierat.
669 1363 738 1400 Ait
760 1361 947 1410 demum3
978 1359 1180 1399 desiderio
1205 1377 1364 1415 quoque
1393 1378 1556 1402 concor-

83 1415 178 1457 diae
192 1417 346 1470 sactus
373 1425 431 1456 est
452 1432 528 1470 per
549 1432 667 1456 arma
684 1419 825 1470 filius,
856 1420 1049 1470 quamvis
1075 1418 1190 1457 vobis·
1211 1433 1313 1470 pene
1340 1419 1557 1459 videbatur

83 1489 326 1528 aequaevus.
383 1476 490 1526 Ergo
519 1476 762 1514 Iustinianus
802 1476 871 1528 qui
912 1488 994 1513 non
1035 1476 1167 1514 solum
1196 1477 1316 1527 plena
1345 1478 1556 1528 pubertate

84 1531 346 1570 Eutharicum
373 1544 456 1570 non
483 1531 756 1584 praecedebat,
787 1531 859 1570 sed
878 1533 1027 1585 κομιδῆ
1044 1531 1145 1581 νέος,
1172 1533 1298 1583 plane
1322 1533 1556 1573 adolescens

84 1595 189 1639 erat,
218 1602 356 1627 senem
379 1587 601 1640 adoptavit,
634 1603 656 1626 a
686 1603 764 1642 quo
792 1589 930 1627 multis
961 1602 1156 1627 annorum
1186 1588 1357 1629 decuriis
1387 1605 1554 1644 supera-

83 1646 213 1683 batur.
270 1647 378 1696 Lege
415 1645 658 1683 Iornandum
696 1647 765 1684 lib.
795 1660 871 1684 rer.
901 1647 1028 1685 Getic.
1060 1653 1256 1685 extremo.
1315 1650 1424 1685 Haec
1462 1649 1552 1686 obi-

84 1708 168 1751 ter,
208 1700 280 1739 sed
321 1704 543 1740 necessario
571 1705 824 1751 monuimus3
863 1703 978 1754 plura
1007 1704 1111 1741 infra
1142 1702 1192 1740 ad
1222 1718 1264 1755 p.
1295 1704 1349 1745 45
1379 1706 1450 1742 lin.
1485 1706 1551 1756 15,

86 1758 167 1801 135
195 1759 267 1796 lin.
296 1759 362 1800 16.
419 1759 471 1796 Et
499 1760 541 1795 in
568 1760 679 1796 Notis
710 1761 897 1797 censoriis
929 1759 991 1796 ad.
1022 1773 1064 1810 p.
1093 1761 1148 1801 27
1178 1761 1249 1798 lin.
1281 1763 1349 1802 36.

194 1816 243 1852 P.
266 1813 333 1863 44,
363 1815 430 1854 12.
487 1815 676 1866 Proclus]
706 1817 819 1853 Alius
850 1823 909 1853 est
933 1817 1097 1853 Proclus
1126 1817 1295 1866 insignis
1323 1816 1552 1855 mathema-

83 1871 204 1920 ficus,
235 1872 303 1923 qui
331 1870 408 1908 hoc
436 1877 615 1922 tempore
643 1872 830 1920 florebat,
863 1879 902 1909 et
930 1874 1130 1911 Anastasii
1158 1874 1409 1924 imperatoris
1439 1888 1551 1912 mor-

83 1934 167 1966 tem
197 1929 385 1976 coniecit,
418 1935 456 1965 et
484 1929 670 1966 Vitaliani
702 1930 870 1966 classem
900 1930 1003 1965 miro
1036 1929 1198 1967 artificio
1231 1931 1466 1979 combussit,
1507 1939 1552 1968 ut

83 1985 337 2023 Marcellinus
366 1991 406 2021 et
429 1985 621 2035 Evagrius
650 1993 823 2023 narrant.
882 1987 957 2022 Hic
986 1998 1080 2023 vero
1111 1986 1187 2023 fuit
1216 1987 1333 2023 Pauli
1366 1989 1550 2039 Byzantii

81 2042 187 2079 filius
215 2042 311 2078 iuris
344 2042 686 2090 consultissimus,
727 2039 832 2095 α’νήρ
863 2043 1018 2089 δίκαιος
1054 2041 1122 2082 καὶ
1151 2043 1367 2094 χρημάτων
1397 2040 1551 2095 ἅδωρό·

81 2103 209 2146 τατός,
238 2097 355 2135 homo
386 2099 535 2149 iustus,
565 2099 770 2150 nullisque
798 2098 1092 2150 largitionibus
1118 2099 1449 2150 corrumpendus,
1483 2103 1552 2152 qui

83 2155 280 2195 Iustinum
303 2155 586 2206 imperatorem
614 2157 910 2207 paratissimum
937 2154 988 2193 ad
1008 2153 1227 2193 chosroem
1249 2156 1432 2194 Cabadae
1452 2160 1552 2195 Per-

84 2223 218 2250 sarum
242 2212 347 2262 regis
376 2211 506 2248 filium
533 2213 609 2250 sibi
638 2211 935 2264 adoptandum,
974 2226 996 2249 a
1025 2214 1221 2250 sententia
1246 2212 1460 2264 deterruit,
1501 2229 1554 2252 ne

84 2266 135 2306 ad
152 2269 306 2316 Persas,
334 2268 532 2319 inquiens,
562 2271 834 2307 Romanorum
860 2271 1074 2322 imperium
1100 2271 1267 2308 veniret.
1327 2270 1442 2318 Quod
1470 2273 1554 2308 im·-

83 2331 245 2377 perante
272 2326 423 2362 Iustino
455 2326 639 2363 universa
667 2327 847 2364 Romana
875 2327 1098 2379 respublica
1136 2327 1184 2364 ab
1214 2325 1334 2365 huius
1374 2342 1466 2378 ore,
1509 2336 1554 2366 ut

85 2381 139 2418 ait
166 2381 396 2432 Procopius,
425 2380 629 2432 penderet,
660 2382 732 2420 sub
763 2384 847 2422 eius
875 2384 990 2435 signo
1022 2396 1145 2421 aeneo
1175 2385 1370 2437 scriptum
1398 2385 1441 2423 id
1469 2395 1553 2423 erat

85 2437 440 2489 Constantinopoli.

254 2491 438 2546 Πρόκλος
465 2490 539 2546 ἔγω
567 2490 843 2543 Βυζάντιος,
832 2493 878 2536 ὂν
905 2494 998 2564 περὶ
1028 2496 1143 2549 δῶμα

250 2547 499 2618 τηλεθάοντα
526 2551 640 2602 δίκης
665 2548 870 2604 βασιλήίος
898 2548 1080 2605 ’ἥρπασεν
1108 2549 1226 2606 αὐλὴ,

253 2601 354 2673 οφρ’
384 2605 471 2658 εἴην
489 2603 623 2675 στόμα
649 2606 791 2650 πιστὸν
818 2608 1045 2661 ἐρισθενέος
1074 2611 1274 2662 βασιλῆος.
1574 2615 1601 2648 Α
1631 2617 1672 2651 19

254 2657 430 2714 αγγέλλει
457 2658 499 2702 δ’
528 2660 596 2704 οδε
623 2663 761 2717 χαλκὸς
786 2662 884 2706 ὅσον
891 2665 1029 2738 γέρας
1058 2666 1163 2707 ἐστὶν
1192 2663 1366 2706 ἀέθλων.

255 2716 324 2757 καὶ
345 2733 393 2758 τα
422 2716 494 2770 μὲν
522 2720 648 2762 εἴκελα
677 2719 809 2762 πάντα
836 2722 906 2763 καὶ
933 2723 1016 2764 υἱέϊ
1039 2723 1108 2763 καὶ
1137 2738 1223 2775 γεν
1211 2725 1328 2776 τῆρι,

256 2772 300 2815 ἐν
328 2770 367 2817 δ’
395 2772 559 2819 υποὲτων
590 2774 776 2832 ῥάβδοισι
803 2776 899 2828 πάϊς
927 2780 1066 2832 νίκησε
1093 2782 1229 2831 τοκῆα
