1800 3126
583 122 772 168 NOTAE
805 121 1099 166 ALEMANNI.
1145 188 1154 197 .
1467 121 1570 170 439

111 233 317 275 tummcdo
345 225 547 286 superest,
577 246 722 286 nempe
750 233 910 272 libellus
939 247 1011 286 pro
1040 232 1166 271 tribus
1194 231 1389 284 capitibus
1419 234 1569 273 Graece

111 301 153 332 et
169 293 310 331 Latine
339 290 495 339 editus3
525 289 574 328 de
604 304 682 344 quo
703 290 876 328 Liberat.
908 304 941 328 c.
963 289 1032 331 24.
1089 290 1273 328 Meminit
1303 290 1469 328 aliarum
1497 294 1569 329 Iu-

108 349 269 389 stiniani
298 346 612 399 disputationum
642 361 733 385 cum
763 348 919 387 Victore
948 349 1179 396 Tunnensi‚
1212 348 1379 398 aliisque
1407 348 1568 386 Africa-

106 407 170 445 nis
189 405 396 457 Episcopis
424 404 534 442 idem
553 406 685 444 Victor
713 406 756 442 in
785 403 969 442 chronico
997 404 1047 442 ad
1077 417 1226 442 annum
1252 405 1462 441 Iustiniani
1490 407 1567 442 tri-

107 464 304 514 gesimum
342 468 540 500 octavum.
605 462 743 500 Refert
780 460 960 499 eiusdem
997 460 1241 512 theologicas
1279 460 1566 512 disputationes

105 532 198 558 cum
238 518 462 558 severianis
498 519 705 570 Episcopis
743 519 996 556 Innocentius
1023 520 1276 556 Maronianus
1316 519 1358 554 iu
1398 517 1565 568 epistola

104 574 159 614 ad
174 573 415 614 Thematem
430 576 719 627 presbyterum.
776 573 1009 614 Eustathius
1036 577 1079 612 111
1106 577 1187 614 vita
1211 575 1338 613 sancti
1360 572 1564 626 Eutychii.

100 627 338 673 Ἐπίστασθε
374 632 522 680 πάντες
557 631 599 672 οἱ
632 630 874 684 μεμνημένοι
909 629 952 672 τὸ
980 629 1181 684 ζητητικόν
1208 646 1290 672 των
1319 631 1445 671 θείων
1474 631 1563 684 δογ-

102 684 242 741 μάτων
267 704 340 729 τον
378 687 422 729 ἐν
451 684 608 758 εὐσεβεῖ
639 691 693 757 τῇ
727 685 836 740 λήξει
871 683 1174 738 Ἰουστινιανοῦ,
1213 704 1299 736 πως
1329 685 1466 736 νυκτὸς
1494 686 1564 728 καὶ

101 743 252 798 ἡμέρας
286 742 389 798 ὑπὲρ
423 760 500 797 την
536 747 617 785 τοῖν
656 742 787 785 ἄλλων
827 741 1018 814 ἇπάνῖων
1057 745 1253 798 φροντίδα
1281 760 1430 795 ταυτην
1459 740 1563 796 εἶχεν

102 799 168 843 ἀεὶ
197 817 252 851 ως
278 802 375 853 μίαν
401 802 471 842 καὶ
499 798 650 854 μόνην,
689 816 761 841 του
786 816 882 853 μετα
906 797 1070 842 πάντων
1097 817 1178 842 των
1208 801 1418 867 αἷρετικων
1447 803 1564 852 συζη-

100 863 204 908 τεῖν,
233 857 302 899 καὶ
335 859 539 910 συναίρειν
566 855 705 926 λόγον,
742 872 791 898 ον
821 858 1029 910 κατίσχυεν
1060 873 1115 906 ως
1142 855 1191 900 τοὶ
1220 854 1347 898 πολλοὶ
1375 854 1442 898 δια
1473 860 1563 897 συλ-

80 917 300 982 ·λογισμων
326 917 517 955 πνθανων
546 913 615 955 καὶ
644 910 950 962 αποδεικτικῶν,
990 914 1060 954 καὶ
1092 930 1304 970 γραφικων
1333 915 1563 967 μαρτυριῶν

98 985 372 1025 τροπουμενος
398 967 557 1019 αὐτούς.
615 971 758 1010 Nostis
786 985 918 1009 omnes
945 978 1140 1036 quotquot
1169 972 1409 1009 meministis
1438 984 1562 1022 quam

98 1029 250 1082 curiose
277 1029 377 1080 piae
414 1029 626 1066 memoriae
663 1026 920 1066 lastinianus
965 1030 1010 1066 in
1048 1027 1281 1066 divinorum
1321 1026 1562 1078 dogmatum

98 1086 406 1137 investigatione
445 1091 701 1135 versaretur3
747 1083 934 1136 quodque
971 1083 1045 1122 diu
1083 1092 1280 1136 noctuque
1309 1083 1562 1135 posthabitis

96 1141 283 1180 omnibus
309 1142 412 1179 aliis
438 1143 567 1193 curis,
596 1141 716 1179 illam
738 1155 870 1179 tunam
899 1148 936 1179 et
962 1142 1095 1180 solam
1123 1155 1337 1194 nunquam
1365 1142 1563 1178 intermit-

94 1205 210 1247 teret,
251 1212 335 1250 qua
369 1196 428 1236 ad
461 1196 759 1250 disputandum
797 1211 930 1236 omnes
959 1198 1212 1249 provocabat
1243 1198 1487 1243 haereticos,
1524 1203 1562 1234 et

93 1257 271 1293 rationes
300 1256 344 1293 in
368 1252 544 1292 medium
574 1252 867 1306 proferendas,
901 1255 1050 1307 quibus
1086 1256 1156 1293 ille
1194 1254 1316 1292 valde
1346 1253 1561 1306 praevale·

93 1312 187 1358 bat;
222 1325 315 1349 cum
349 1319 397 1349 ut
421 1312 650 1363 plurimum
678 1310 833 1349 eosdem
870 1311 1092 1349 haereticos
1121 1311 1411 1363 probabilibus
1439 1308 1559 1348 modo

90 1367 496 1418 ratiocinationibus,
524 1366 643 1406 modo
672 1366 1107 1418 demonstrationibus,
1143 1367 1260 1406 modo
1291 1366 1464 1420 denique
1491 1381 1563 1404 sa-

91 1439 254 1464 crarum
281 1426 521 1463 testimoniis
549 1424 780 1462 litterarum
808 1424 1049 1476 confutaret.
1106 1427 1192 1462 Hac
1220 1425 1372 1463 scilicet
1402 1423 1561 1462 divina-

91 1495 183 1520 rum
219 1495 353 1520 rerum
391 1481 556 1520 scientia
596 1481 756 1519 inflatus
795 1482 985 1520 ecclesiae
1032 1488 1093 1519 tot
1129 1483 1239 1532 leges
1276 1481 1560 1533 praescribere,
1582 1483 1615 1520 A
1637 1483 1683 1519 88

90 1551 273 1591 novaque
304 1538 492 1590 dogmata
519 1536 675 1575 tradere
705 1551 825 1577 ausus
855 1545 928 1578 est.
983 1539 1044 1576 De
1082 1537 1225 1577 studiis
1253 1552 1347 1577 vero
1379 1537 1562 1590 philoso-

91 1594 212 1647 phiae
241 1597 445 1647 Agapetus
473 1596 684 1633 Iustiniani
713 1595 1030 1644 contubernalis,
1071 1602 1111 1632 et
1142 1596 1332 1633 ecclesiae
1362 1596 1560 1633 Constan-

91 1653 376 1703 tinopolitanae
404 1653 602 1690 Diaconus
639 1653 683 1689 in
711 1653 938 1690 Paraenesi.
995 1649 1067 1703 ἐφ’
1093 1650 1195 1704 1ἡμῖν
1232 1647 1450 1704 ἐνεδείχθη
1465 1653 1562 1720 ητῆς

92 1705 259 1756 &ignotas
296 1724 319 1750 ο
354 1704 517 1762 χρόνος,
558 1705 607 1748 ὃν
634 1708 802 1776 προεῖπέ
829 1724 889 1756 τις
915 1723 999 1748 των
1027 1711 1208 1749 παλαιῶν
1239 1707 1425 1754 ἔσεσθαι,
1464 1722 1562 1750 οταν

92 1761 124 1818 ἢ
159 1761 378 1816 φιλόσοφοι
415 1760 704 1833 βασιλεύσωσιν
739 1761 768 1817 ἢ
807 1766 984 1817 βασιλεῖς
1012 1761 1331 1817 φιλοσοφήσωσι.
1387 1764 1456 1805 καὶ
1482 1761 1562 1835 γαρ

89 1823 412 1874 φιλοσοφοῦντες
440 1816 646 1872 ἠ’ξιῶθητε
676 1822 898 1872 βασιλείας,
925 1819 995 1869 και
1025 1819 1332 1874 βασιλεύσαντες
1361 1837 1436 1862 ουκ
1466 1817 1565 1861 απέ-

90 1891 206 1931 στητε
235 1878 489 1929 φιλοσοφίας.
551 1877 714 1915 Nostris
742 1877 987 1929 temporibus
1024 1886 1228 1916 ostensum
1257 1885 1315 1915 est
1342 1891 1562 1929 prosperae

88 1937 200 1974 vitae
227 1942 406 1987 tempus;
447 1931 560 1985 quod
586 1932 799 1985 praedixit
837 1933 1010 1985 quidam
1041 1948 1085 1971 ex
1121 1934 1320 1973 veteribus
1345 1935 1561 1983 futurum,

90 2006 184 2029 cum
227 1992 294 2029 vel
326 1989 565 2043 philosophi
611 1997 855 2042 regnarent,
906 1990 970 2028 vel
1010 2004 1121 2042 reges
1155 1990 1563 2042 philosopharentur.

90 2050 203 2088 Nam
229 2045 560 2100 philosophando
591 2045 713 2099 digni
739 2046 874 2085 habiti
908 2060 1030 2098 regno
1067 2049 1183 2097 estis,
1216 2054 1252 2084 et
1291 2045 1500 2098 regnando
1532 2061 1559 2083 a
1581 2052 1611 2087 P
1638 2052 1703 2088 154

81 2104 349 2158 philosophia
377 2118 456 2142 non
485 2101 723 2142 descivistis.
780 2105 883 2142 Tres
918 2110 1006 2140 tum
1045 2104 1150 2142 orbis
1185 2110 1382 2141 terrarum
1419 2102 1561 2141 habuit

88 2175 203 2214 reges
230 2159 501 2214 philosophos,
534 2160 825 2210 Iusstuianum,
861 2159 1085 2210 Chosroe'm,
1116 2159 1165 2198 de
1196 2162 1307 2198 cuius
1335 2159 1558 2198 eruditione

87 2221 171 2270 agit
198 2217 393 2270 Agathias
421 2219 450 2255 l.
481 2220 508 2257 2
537 2225 576 2255 et
613 2216 940 2265 leeodalzatum,
980 2219 1043 2254 cui
1082 2216 1185 2255 hanc
1218 2215 1383 2256 laudem
1419 2218 1558 2254 tribuit

87 2277 304 2327 Procopius
339 2275 368 2312 1.
401 2276 424 2315 1
452 2274 548 2312 bell.
577 2273 715 2312 Gotth.
755 2272 932 2312 Cassiod.
965 2273 995 2311 l.
1027 2274 1080 2315 10
1114 2276 1205 2313 Var.
1264 2275 1324 2311 De
1359 2275 1556 2326 iurispru-

89 2331 244 2382 dentia,
285 2345 364 2384 qua
391 2337 596 2383 praeterea
623 2332 866 2369 Iustinianus
894 2329 1093 2382 pollebat,
1127 2329 1304 2368 diximus
1338 2329 1391 2367 ad
1418 2345 1458 2382 p.
1486 2332 1555 2370 63.

87 2390 150 2426 De
184 2391 360 2428 musicae
399 2388 543 2440 peritia
581 2387 851 2439 Theophanes
888 2387 1038 2439 profert
1074 2389 1272 2426 Graecum
1298 2388 1554 2439 Troparium,

89 2445 134 2484 id
162 2453 244 2495 est,
272 2444 492 2497 hymnum,
532 2458 654 2497 quem
684 2444 733 2483 de
761 2443 909 2482 Christi
938 2442 1146 2483 divinitate
1176 2452 1214 2482 et
1243 2445 1472 2483 oeconomia
1504 2442 1556 2480 ad

91 2503 377 2541 ecclesiasticos
403 2500 588 2540 modulos
618 2503 886 2550 concinnavit,
917 2498 1117 2554 hodieque
1146 2503 1287 2546 Graeci
1315 2507 1462 2538 canunt
1488 2500 1555 2536 in-

91 2565 154 2597 ter
188 2561 400 2598 missarum
427 2559 635 2598 solemnia.
692 2557 1010 2597 Architecturam
1047 2560 1103 2596 ita
1140 2559 1333 2606 callebat,
1371 2564 1415 2595 ut
1442 2557 1552 2594 mul·-

93 2622 226 2654 torum
259 2615 530 2661 aedificiorum
571 2614 902 2668 ichnographias,
941 2622 982 2654 et
1018 2614 1285 2668 sciagraphias
1321 2615 1407 2665 ipse
1449 2612 1554 2650 deli-

94 2673 244 2722 nean-it,
273 2679 314 2712 et
339 2671 506 2712 modum
535 2673 749 2712 artificibus
778 2674 1097 2726 praescripserit.
1136 2671 1186 2710 de
1213 2671 1364 2722 templo
1394 2677 1554 2709 sanctae

94 2727 291 2781 Sophiae,
329 2727 378 2768 de
406 2731 526 2783 regiis
556 2729 721 2770 aedibus
749 2732 966 2770 Heraeanis
993 2737 1035 2770 et
1067 2736 1185 2782 portu
1211 2734 1380 2766 testatur
1405 2729 1554 2764 Proco-

97 2785 188 2838 pius
217 2787 319 2828 1.1.
347 2785 491 2839 aedifi,
528 2786 578 2827 de
616 2788 772 2828 civitate
799 2789 907 2827 Dara
946 2787 977 2827 l.
1005 2790 1053 2837 2,
1094 2785 1144 2825 de
1179 2785 1332 2838 templo
1371 2782 1554 2836 deiparae

400 2855 409 2871 Ι
