1858 3126
316 138 409 185 254
883 141 1142 184 PROCOPII

312 248 504 306 ναστῆρια
521 249 560 293 ἵν
577 269 617 295 τε
634 251 767 308 χωρίῳ
785 255 842 307 τῷ
859 252 1083 307 καλουμένῳ
1100 251 1280 307 Πέτριος,
1308 250 1380 293 κᾶν
1398 255 1454 308 τῷ
1471 251 1723 306 Κουκαρίζων

313 318 563 360 ἀνενεώσατο,
630 319 669 360 ἴν
693 336 733 360 τε
755 316 965 359 Νικοπόλει
993 317 1037 359 τὸ
1060 322 1137 358 τῶν
1165 316 1279 372 ἁγίων
1301 317 1590 374 τεσσαράκοντα
1612 318 1720 358 πέντε

313 385 549 438 καλούμενον
571 383 832 439 μοναστήριον
843 415 855 434 ,
890 386 954 425 καὶ
979 384 1081 440 ἱερὸν
1104 386 1141 423 Γ
1139 386 1283 440 εωργίῳ
1311 389 1367 441 τῷ
1392 384 1562 440 μάρτυρι
1589 385 1628 425 ἓν
1645 386 1720 424 Βι-

313 453 438 502 ζανοῖς
466 453 656 504 ἐδείματο.
720 455 791 504 τῆς
817 468 857 492 τε
887 449 1250 500 Θεοδοσιουπόλεως
1276 450 1440 504 ἄγχιστα
1461 449 1722 506 μοναστήριον

263 524 291 558 Β
315 518 550 560 ἀνενεώσατο
572 523 649 560 τῶν
669 516 960 573 τεσσαράκοντα
981 517 1192 573 μαρτύρων
1214 516 1521 569 ἐπικαλούμενον.
1731 515 1754 549 5

437 580 515 625 3Ην
537 586 582 626 ὁέ
606 602 642 625 τι
661 586 806 640 χωρίον
827 586 867 625 ἓν
891 591 972 633 τοῖς
992 585 1202 640 Ἀρμενίοις
1223 583 1266 624 τὸ
1288 584 1453 625 παλαιὸν
1471 589 1623 638 μικροῖς
1649 600 1721 624 κα-

312 652 511 703 λουμένοις
535 651 579 692 οὗ
602 654 734 707 πολλῷ
757 651 906 692 ἄποθεν
923 656 1102 704 ποταμοῦ
1120 649 1347 706 Εὐφράτου,
1381 650 1446 705 ἐφ’
1469 645 1514 692 οὗ
1534 650 1583 703 δὴ
1605 648 1723 702 λόχος

304 716 506 769 Ῥωμαίων
531 723 778 773 στρατιωτῶν
803 720 954 773 ἵδρυτο.
1022 718 1227 771 Memmi]
1263 718 1333 770 μὲν
1363 716 1406 758 τὸ
1431 717 1601 772 χωρίον,
1633 717 1722 758 Λε-

309 783 406 837 γειὺν
431 785 472 825 δὲ
493 782 512 825 ὃ
538 783 654 837 λόχος
673 785 950 838 ἐπωνομάζετο.
1017 784 1190 826 ἐνταῦθά
1209 802 1262 837 πη
1289 784 1414 838 ἔρυμα
1438 784 1478 823 ἐν
1495 781 1722 838 τετραγώνῳ

309 851 371 890 ἐπὶ
389 850 527 905 χώρας
546 850 686 900 ὑπτίας
704 853 900 904 ἕδείμαντο
924 853 963 892 ἐν
986 859 1067 900 τοῖς
1086 851 1165 893 ἄνω
1182 850 1340 906 χρόνοις
1354 848 1551 901 Ῥωμαῖοι,
1579 855 1659 898 τοῖς
1681 865 1722 890 τε
1735 851 1776 882 10

309 916 567 972 στρατιώταις
591 917 851 974 ἀποχρώντως
880 920 919 967 ἐς
947 917 1176 967 καταλύσεις
1198 918 1285 970 ἕχον
1313 919 1378 958 καὶ
1404 915 1509 964 ὅπως
1538 916 1650 971 σφίσι
1673 915 1725 956 τὰ

309 991 451 1036 σημεῖα
470 987 561 1039 τῇδε
579 986 902 1026 ε’ναποκείσονται.
967 985 1066 1038 μετὰ
1087 986 1129 1025 δὲ
1149 988 1335 1040 Τραϊανῷ
1358 987 1412 1038 τῷ
1429 981 1631 1035 Ῥωμαίων
1653 981 1725 1023 αὗ-

169 1055 200 1087 V
221 1055 288 1091 432
310 1050 518 1105 τοκράτορι
547 1053 796 1105 δεδογμένον,
832 1054 870 1100 ἒς
891 1050 1039 1100 πόλεώς
1056 1069 1095 1092 τε
1119 1052 1270 1103 ἀξίωμα
1294 1049 1314 1091 ὅ
1330 1055 1461 1105 χῶρος
1477 1050 1639 1104 ἀφῖκται
1659 1049 1726 1089 καὶ

255 1122 285 1155 C
308 1116 548 1171 μητρόπολις
568 1109 732 1170 κατέστη
759 1122 816 1173 τῷ
844 1117 961 1158 ἔθνει.
1028 1117 1228 1172 προϊόντος
1255 1119 1296 1158 δὲ
1319 1121 1390 1158 τοῦ
1408 1114 1553 1172 χρόνου
1577 1116 1721 1170 ἐγένετο

183 1190 219 1224 Η
240 1189 284 1223 30
306 1182 331 1236 ἦ
351 1188 428 1224 τῶν
444 1186 678 1236 Μελιτηνῶν
698 1182 810 1232 πόλις
828 1182 976 1237 μεγάλη
1000 1186 1064 1223 καὶ
1085 1183 1408 1238 πολυάνθρωπος.
1475 1184 1558 1223 ε’πεί
1573 1198 1615 1223 τε
1633 1180 1724 1236 3915-
1735 1185 1777 1219 15

305 1267 431 1303 ματος
452 1251 559 1298 ἕντὸς
578 1249 858 1303 ἓνοικήσασθαι
881 1251 1006 1291 οὐκέτι
1027 1249 1128 1302 εἶχον
1155 1251 1212 1302 (ἐς
1239 1250 1314 1304 γὰρ
1340 1251 1469 1303 ὀλίγον
1492 1248 1576 1289 τινὰ
1599 1247 1726 1302 ξυνῄει

302 1321 457 1371 χίδρον,
491 1311 588 1371 ᾗπέρ
605 1334 674 1369 μοι
697 1318 862 1371 εἴρηται)
886 1316 1094 1372 ἱδρύσαντο
1119 1318 1158 1356 ἐν
1180 1321 1236 1370 τῷ
1254 1315 1397 1368 ταύτης
1419 1316 1559 1371 πεδίῳ,
1590 1315 1657 1355 ἵνα
1674 1314 1720 1355 δι’

306 1385 356 1425 τὰ
377 1383 462 1438 ἱερὰ
482 1385 594 1439 σφίσι
613 1386 817 1436 πεποιήται
843 1386 907 1424 καὶ
932 1383 981 1423 τὰ
1006 1387 1082 1424 τῶν
1111 1384 1241 1438 άρχιῦν
1266 1380 1488 1435 καταγώγια
1508 1383 1573 1422 καὶ
1592 1380 1665 1434 τήν
1684 1397 1726 1422 τε

307 1451 475 1505 ἀγορὰν,
506 1450 581 1491 ὅσα
608 1467 648 1491 τε
681 1450 782 1491 ἄλλα
810 1448 1095 1502 ε’μπολημάτων
1115 1447 1343 1503 πωλητήριά
1367 1451 1470 1498 ἐστι,
1503 1446 1575 1497 τάς
1594 1465 1634 1490 τε
1656 1451 1726 1500 τῆς

304 1516 454 1566 πόλεως
476 1517 615 1570 ἀγυιὰς
639 1515 770 1564 πάσας
793 1519 858 1557 καὶ
887 1516 1007 1564 στοὰς
1029 1518 1092 1557 καὶ
1112 1520 1303 1567 βαλανεῖα
1331 1517 1396 1557 καὶ
1418 1515 1574 1570 θέατρα
1600 1515 1666 1556 καὶ
1692 1514 1779 1555 εἴέθ

304 1601 342 1624 τι
368 1583 462 1624 ἄλλο
485 1582 634 1632 πόλεως
654 1582 826 1637 μεγάλης
852 1584 890 1632 ἐς
915 1582 1062 1634 κόσμον
1088 1581 1222 1635 διήκει.
1289 1587 1343 1637 τῷ
1370 1598 1411 1624 τε
1441 1579 1574 1636 τρόπῳ
1600 1579 1726 1636 τούτῳ

303 1651 533 1703 Μελιτηνὴν
554 1650 804 1704 ἀστυγείτονα
826 1652 866 1692 ἐκ
890 1654 958 1690 τοῦ
981 1651 1221 1692 ἐπιπλεΐστον
1239 1650 1457 1699 ξυνέβαινεν
1479 1645 1586 1689 εἶναι.
1613 1647 1726 1690 Ἀνα-

302 1716 463 1765 στάσιος
480 1718 551 1768 μὲν
575 1712 644 1757 οἷν
666 1717 852 1768 βασιλεὺς
882 1716 1003 1768 αὐτὴν
1022 1714 1230 1767 ξύμπασαν
1246 1716 1360 1767 τείχει
1386 1717 1604 1769 περιβαλεῖν
1621 1715 1727 1768 ἔγκε-

299 1786 491 1839 χείρηκεν.
559 1782 667 1824 οὔπω
695 1784 828 1835 μέντοι
853 1783 897 1824 τὸ
919 1781 1121 1834 βούλευμα
1141 1780 1376 1830 ὗποτελέσας
1401 1781 1468 1822 τὸν
1492 1782 1580 1834 βίον
1612 1797 1725 1822 συνε-

303 1848 538 1906 μετρήσατο.
604 1849 791 1903 βασιλεὺς
819 1850 861 1892 δὲ
886 1849 1156 1900 Ἰουστινιανὸς
1175 1846 1424 1902 πανταχόθεν
1451 1847 1572 1902 αὐτὴν
1602 1852 1778 1892 κατα-25

303 2031 343 2053 ac
367 2019 566 2053 monasteria
591 2019 624 2053 in
646 2021 736 2060 loco,
761 2020 813 2053 cui
838 2031 954 2053 nomen
979 2019 1127 2060 Petrics,
1158 2020 1192 2052 et
1219 2018 1371 2051 eucarici
1398 2016 1527 2051 refecit.
1571 2015 1726 2061 Nicopoli

304 2070 489 2097 sanctorum
515 2064 734 2108 quadraginta
761 2065 902 2107 quinque
929 2063 1177 2102 monasterium,
1202 2067 1236 2095 et
1259 2063 1389 2096 Bizanis
1414 2061 1561 2104 Georgio
1586 2061 1725 2104 martyri

302 2109 458 2152 templum
475 2109 626 2144 condidit.
669 2109 826 2142 Proxime
841 2109 1120 2152 Theodosiopolin
1135 2107 1351 2151 quadraginta
1369 2110 1547 2151 martyrum
1560 2111 1728 2140 monaste-

301 2153 383 2187 rium
402 2153 610 2188 instauravit.

391 2198 427 2229 In
444 2198 599 2230 Armenia
617 2197 779 2240 quondam
794 2197 908 2230 minori
924 2196 1029 2238 dicta,
1053 2208 1118 2232 non
1134 2196 1246 2241 procul
1260 2207 1279 2229 a
1294 2195 1426 2228 flumine
1439 2195 1634 2238 Euphrate,
1656 2194 1727 2227 col-

303 2243 403 2275 locati
422 2243 550 2275 fuerant
567 2242 704 2274 Romani
725 2242 840 2274 milites
857 2242 1055 2274 stationarii:
1079 2252 1118 2274 ac
1134 2242 1238 2274 locum
1251 2240 1379 2284 quidem
1395 2240 1591 2280 Melitenen,
1614 2249 1725 2272 eorum

303 2298 383 2320 vero
405 2287 539 2319 militum
565 2298 731 2319 numerum
747 2287 923 2329 Legionem
948 2287 1119 2319 vocabant.
1165 2286 1231 2319 Hic
1255 2285 1392 2318 Romani
1411 2284 1618 2318 munitionem
1642 2294 1725 2326 qua-

303 2332 431 2364 dratam
448 2331 519 2364 olim
539 2331 720 2364 eduxerant
735 2331 832 2374 plano
850 2331 882 2364 in
898 2341 1012 2375 campo
1023 2357 1033 2372 ‚
1057 2331 1165 2365 sedem
1183 2329 1339 2363 militibus
1355 2329 1521 2372 signisque
1534 2327 1726 2362 militaribus

301 2377 383 2410 satis
406 2376 617 2410 commodam.
663 2376 768 2417 Post,
791 2376 834 2408 de
850 2375 989 2408 Traiani
1003 2378 1089 2417 Aug.
1105 2375 1287 2415 sententia,
1309 2373 1400 2407 urbis
1421 2373 1609 2416 dignitatem
1633 2372 1725 2407 locus

303 2421 463 2462 obtinuit,
487 2421 659 2463 evasitque
674 2421 780 2462 gentis
797 2420 1000 2464 metropolis,
1045 2420 1212 2463 Tempore
1226 2419 1443 2463 procedente,
1467 2428 1538 2450 cum
1554 2421 1589 2450 et
1607 2417 1725 2460 ampli-

301 2465 416 2498 tudine
431 2470 465 2498 et
480 2465 640 2498 hominum
655 2465 841 2508 frequentia
857 2465 1018 2498 crevisset
1032 2466 1111 2498 urbs
1125 2464 1304 2503 Melitene,
1328 2473 1389 2495 nec
1403 2462 1466 2495 iam
1480 2462 1603 2496 incolas
1619 2461 1724 2496 muni-

301 2511 349 2543 tio
374 2515 526 2554 caperet,
549 2509 672 2553 quippe
694 2510 883 2551 angustior,
911 2509 956 2541 uti
976 2509 1062 2551 dixi,
1083 2509 1115 2541 in
1133 2508 1202 2541 eius
1217 2507 1321 2551 gradu
1338 2506 1502 2540 domicilia
1519 2510 1723 2541 statuerunt:

303 2555 361 2588 ubi
388 2561 422 2587 et
447 2554 567 2598 templa
591 2555 719 2596 fecere,
748 2559 781 2586 et
804 2553 1054 2595 magistratuum
1081 2553 1216 2593 domos,
1249 2556 1283 2584 et
1304 2552 1412 2585 forum
1435 2555 1470 2584 et
1498 2551 1563 2585 alia
1587 2551 1724 2595 quaevis

303 2599 469 2632 venalium
494 2599 583 2632 loca:
606 2597 739 2641 insuper
764 2598 925 2642 compita,
954 2598 1118 2641 porticus,
1153 2597 1306 2636 balneas,
1338 2596 1488 2638 theatra,
1525 2599 1560 2629 et
1589 2595 1619 2629 si
1645 2595 1723 2639 quid

303 2644 392 2677 aliud
418 2645 458 2677 ad
485 2643 574 2677 urbis
608 2653 743 2685 magnae
767 2642 969 2686 splendorem
995 2642 1159 2685 pertinet:
1191 2641 1305 2684 itaque
1337 2641 1525 2674 suburbana
1558 2643 1630 2674 erat
1654 2650 1721 2674 ma-

305 2689 392 2722 xima
415 2700 471 2732 pas
489 2688 673 2721 Melitenes.
718 2687 809 2720 Illam
825 2685 1017 2720 Anastasius
1033 2687 1119 2729 Aug.
1143 2685 1244 2719 muris
1268 2684 1410 2728 undique
1432 2685 1564 2727 cingere
1587 2693 1722 2727 aggres-

303 2744 380 2777 sus,
411 2735 504 2779 prius
521 2733 611 2767 vitae
633 2742 730 2777 quam
755 2731 884 2766 consilii
910 2732 1006 2765 finem
1032 2730 1164 2775 reperit.
1209 2731 1392 2775 Imperator
1421 2741 1501 2764 vero
1524 2729 1722 2765 lastinianus
