1800 3126
313 159 411 204 380
762 161 820 203 IN
853 161 995 202 HIST.
1027 161 1281 205 ARGANAM

419 269 464 305 P.
490 269 564 316 60,
595 267 634 310 5.
692 269 801 306 Inter
831 267 1080 318 prostibulas
1107 267 1296 321 habetur]
1334 269 1538 311 Aimoinus
1566 272 1596 310 l.
1624 275 1652 314 2
1687 271 1736 311 de

311 324 418 362 Gest.
447 326 584 362 Frauc.
614 338 648 361 c.
679 323 704 363 5
735 322 969 360 Theodorae
995 326 1260 362 meretricium
1287 328 1426 376 refert3
1456 335 1495 365 at
1521 327 1566 365 id
1591 329 1736 378 ipsum,

310 386 426 430 atque
453 387 576 417 totam
606 379 654 416 de
679 380 908 426 Iustiniano,
940 379 1142 427 Belisario,
1174 393 1384 433 eorumque
1413 385 1642 434 coniugibus
1671 383 1737 421 hi-

309 437 468 472 storiam
495 442 578 472 tam
605 434 827 485 prodigiose
854 440 1004 481 narrat,
1037 441 1081 471 ut
1112 437 1242 485 potius
1272 449 1323 473 ex
1351 439 1516 476 aliorum
1543 453 1735 488 sermone,

311 504 354 527 ac
381 492 460 527 levi
487 492 674 541 tenuique
702 490 809 526 fama
838 503 922 526 rem
954 491 1146 540 accepisse
1174 490 1370 540 videatur,
1401 506 1519 545 quam
1547 508 1599 532 ex
1626 508 1737 533 com-

308 545 493 582 mendata
529 547 668 582 litteris
707 544 882 582 historia.
940 545 1215 594 lastinianus,
1253 548 1400 598 inquit,
1439 556 1476 585 et
1508 551 1738 587 Belieariue
1791 542 1794 548 ⁴

309 600 489 651 quadam
527 600 591 637 die
628 614 718 637 cum
757 602 1015 652 coaequaevis
1050 602 1128 638 sthi
1168 602 1340 651 lupanar
1375 605 1542 654 ingressi
1578 608 1738 656 conspi-

307 659 420 692 ciunt
456 656 560 693 duas
589 657 848 693 mulierculae
875 669 918 693 ex
942 663 1056 707 gente
1082 657 1330 694 Amazonum
1356 665 1458 695 corte
1491 662 1739 710 captivitatis·

307 710 506 747 abductas
543 711 645 748 inibi
683 725 763 749 esee
792 716 1059 763 prostituta85
1101 727 1169 749 eae
1205 713 1270 749 illi
1304 715 1489 764 rapiunt,
1527 722 1646 766 atque
1681 715 1742 752 ad

300 768 492 816 propriae
520 765 658 804 domos·
685 766 898 808 deducunt.
964 768 1041 804 Um·
1067 782 1201 805 eorum
1228 781 1366 806 nomen
1402 767 1621 819 Theodora,
1650 772 1739 808 alia

306 821 528 859 vocabatur
545 823 767 862 Antonina.
823 825 879 860 Et
909 822 1148 862 Theodoram
1176 823 1335 875 quidem
1353 824 1623 875 Iustiniana-5,
1647 825 1740 863 An-

307 878 487 914 toninam
516 892 605 915 vero
634 879 864 915 Belisarius
893 880 1052 929 accepit.

418 935 464 969 P.
489 935 553 980 60,
581 936 620 974 8.
679 935 818 971 Mimis
846 935 888 970 in
916 934 1091 984 tlieatro]
1132 936 1177 970 In
1214 947 1350 971 eormn
1377 935 1597 986 spectacula
1624 948 1740 987 saepe

308 995 438 1036 patres
479 987 740 1037 invehuntur3
783 991 908 1026 acrius
949 991 1113 1026 Ioannes
1153 987 1477 1040 Chrysostomus:
1521 1003 1568 1027 ea
1607 997 1741 1028 tamen

308 1045 514 1080 Iustiniani
541 1046 782 1095 temporibus
809 1046 984 1081 maxime
1013 1045 1210 1094 vigebant.
1264 1047 1365 1082 Nam
1393 1059 1446 1083 ex
1472 1053 1622 1096 septem
1647 1057 1740 1084 inu-⁴

307 1100 490 1146 neribus,
540 1112 640 1150 quae
683 1112 707 1136 a
744 1100 969 1138 consulibus
1013 1101 1159 1150 populo
1197 1102 1403 1151 quotannis
1442 1100 1756 1150 exhibebantur‚'

308 1155 493 1204 quintum
528 1153 604 1192 hoc
642 1161 744 1202 erat,
784 1156 962 1205 Por-nae,
1004 1161 1210 1203 vocatum,
1253 1155 1302 1192 de
1345 1169 1422 1207 quo
1462 1157 1620 1194 novella
1647 1157 1742 1197 105.

310 1211 508 1258 Quintum
537 1224 693 1261 quoque
715 1210 850 1260 faciet
870 1224 1120 1260 processum,
1165 1209 1275 1260 quod
1307 1211 1364 1247 ad
1390 1212 1589 1249 theatrum
1615 1211 1742 1261 ducit,

306 1279 422 1315 quem
440 1267 600 1302 Pornas
627 1273 796 1304 vocant.-
825 1266 895 1302 ubi
922 1268 965 1303 in
993 1279 1110 1303 scena
1136 1266 1401 1303 ridiculorum
1429 1274 1486 1303 eet
1512 1267 1624 1304 locus
1653 1274 1743 1304 tra-

300 1320 454 1369 goedis,
484 1328 519 1357 et
550 1321 788 1371 leymelicis
816 1321 959 1368 chori-9,
990 1328 1027 1358 et
1053 1321 1291 1372 spectaculi-5
1321 1323 1530 1371 universis,
1556 1329 1593 1359 et
1620 1321 1744 1360 audi-

304 1375 452 1413 bilibus
481 1384 663 1426 apertum
691 1383 747 1413 est
775 1376 987 1415 theatrum.

415 1434 461 1468 P.
487 1433 562 1479 60,
594 1434 659 1472 13.
716 1433 903 1482 Inflictas·
932 1432 1078 1482 alapas
1113 1432 1355 1469 tumentibus
1381 1434 1496 1484 geni-5
1524 1433 1742 1484 excipiens]

303 1490 388 1524 Hoc
417 1489 629 1538 spectaculi
667 1500 792 1538 genus
825 1488 996 1524 camnine
1026 1488 1234 1537 Gregorius
1262 1489 1530 1527 Nazianzenus
1559 1491 1742 1541 exposuit

303 1543 347 1582 ἐν
375 1546 430 1597 τῷ
461 1539 715 1595 Νικοβουλου
743 1540 840 1594 πρός
867 1540 935 1582 τὸν
961 1541 1120 1592 πατέρα.

834 1595 995 1650 υβρεσιν
1025 1595 1134 1637 ἄλλοι

416 1650 600 1706 ἀνδρῶν,
630 1653 876 1705 θηλυτέρων,
905 1651 1160 1704 πολυκαμπέα
1186 1651 1328 1703 τέρψιν
1357 1652 1518 1715 ἔχοντες,

416 1708 485 1748 καὶ
514 1710 644 1760 μίμων
673 1713 860 1761 σκιεροῖσι
889 1709 1151 1775 ῥαπίσμασιν,
1184 1704 1290 1755 οἷς
1271 1705 1351 1748 ν’πο
1379 1704 1507 1761 κόρῤη

415 1768 634 1817 γυμνοῦται
661 1767 873 1815 ψοφὲοιυσα
899 1764 1070 1816 γελοίϊον
1100 1759 1188 1802 ἀντὶ
1214 1759 1336 1815 γόοιο.

418 1821 540 1856 Nunc
567 1822 611 1856 in
626 1820 862 1870 foemineis,
891 1832 997 1856 nunc
1026 1821 1068 1856 in
1088 1818 1326 1869 probrisque
1352 1819 1533 1857 virorum

415 1877 533 1912 Dum
561 1877 695 1912 vario-s·
722 1877 852 1912 animi
880 1876 1018 1922 lusus,
1045 1881 1082 1911 et
1106 1873 1268 1925 gaudia
1295 1881 1494 1925 quaerunt

415 1932 682 1981 Pro-spiciunt
709 1930 825 1969 avidi
853 1930 1167 1980 colaphismata5
1197 1931 1311 1980 quei-9
1337 1930 1415 1967 sibi
1441 1929 1574 1966 mala-s·

415 1987 530 2023 Dum
558 1994 738 2037 retegunt
766 1988 851 2032 illi,
880 1987 1037 2024 conitus
1064 1987 1313 2036 crepitusque
1339 1987 1478 2033 cietur,

414 2043 479 2078 Ex
508 2056 586 2092 quo
610 2056 686 2092 pro
716 2043 906 2092 lacrymis
934 2043 1066 2078 oritur
1088 2043 1317 2092 gemituque
1345 2040 1579 2077 cachinnus.

306 2099 356 2134 Et
386 2095 436 2133 ad
453 2098 679 2145 Seleucum,
708 2102 820 2148 μῖμοι
848 2098 1009 2148 γελοίων
1036 2093 1244 2142 κονδύλοις
1270 2095 1503 2147 εἰθισμένοι.
1561 2095 1744 2144 Scurrae,

306 2152 454 2202 quihus
472 2152 598 2202 feriri
626 2166 711 2189 mos
733 2166 964 2203 pugnorum
993 2151 1151 2189 ictibus.
1207 2153 1378 2188 Tertull.
1406 2151 1476 2188 lib.
1505 2149 1554 2187 de
1582 2157 1745 2200 spectat.

310 2207 573 2244 Contumelii-s·
601 2208 819 2258 alaparum
849 2208 909 2244 sic
937 2206 1092 2258 obiicit,
1123 2208 1250 2258 'quasi
1278 2205 1326 2244 de
1356 2213 1566 2258 praecepto
1593 2204 1746 2243 domini

306 2261 461 2354 ludati’.
484 2317 556 2364 63,
585 2315 626 2356 4.
683 2318 730 2355 In
759 2317 1016 2354 mulierculae
1047 2315 1222 2354 eiusdem
1250 2317 1416 2365 theatri]
1453 2318 1518 2353 Ex
1545 2317 1743 2366 Byzantiis

303 2373 573 2410 meretricibus
603 2372 699 2411 duas
729 2379 883 2410 tantum
910 2371 1048 2410 habuit
1073 2374 1218 2410 amicas
1237 2371 1461 2419 Theodora,
1491 2370 1744 2422 Chrysomal-

303 2430 385 2465 lam
415 2435 452 2465 et
480 2427 686 2475 Indaram3
725 2442 821 2480 quas
850 2435 939 2478 post
968 2435 1172 2478 acceptum
1201 2429 1411 2478 imperium
1435 2429 1476 2463 in
1504 2429 1612 2476 regia
1639 2425 1744 2477 apud

304 2483 411 2534 apud
438 2497 480 2521 se
506 2486 706 2531 continuit,
739 2491 776 2520 et
804 2486 929 2522 socias
957 2483 1096 2521 habuit
1125 2485 1389 2521 consiliorum.
1448 2481 1604 2528 Suidas,
1636 2485 1744 2534 Χρυ-

306 2535 485 2590 σομαλλῶ
516 2537 642 2590 ὄνομα
674 2536 943 2592 ὀρχηστρίδος,
973 2536 1054 2579 εἶτα
1080 2539 1243 2591 ἑταίρας.
1301 2536 1471 2590 ’ἤκμαζεν
1500 2537 1566 2576 ἐπὶ
1590 2534 1743 2577 Ἰουστι-

304 2597 447 2634 mecvm?
474 2593 541 2634 καὶ
572 2592 789 2644 Θεοδώρας.
849 2595 1147 2644 Clzrysomalla,
1185 2607 1324 2631 nomen
1360 2600 1418 2630 est
1450 2592 1741 2639 saltatriculae,

305 2664 355 2687 ac
376 2648 628 2701 postmodum
647 2651 871 2697 meretricis,
902 2664 1004 2700 quae
1024 2650 1183 2686 celebris
1198 2651 1294 2699 fuit
1308 2650 1530 2686 Iustiniani
1556 2655 1594 2684 et
1620 2647 1741 2684 Theo-

305 2704 427 2743 dorae
448 2706 699 2756 temporibus.
754 2707 887 2742 Inuuit
915 2705 1033 2742 huius
1057 2703 1242 2743 historiae
1270 2706 1402 2742 locum
1428 2704 1530 2740 iufra
1557 2717 1598 2754 p.
1618 2703 1686 2743 78.

414 2764 461 2799 Ρ.
483 2764 549 2811 63,
579 2761 620 2803 5.
678 2762 908 2813 Pentapolis
928 2762 1146 2814 praefecto]
1186 2763 1286 2799 Eam
1311 2761 1518 2812 intelligit,
1554 2770 1654 2812 quae
1682 2764 1740 2795 est
