1754 3132
545 124 811 169 HISTORIA
843 123 1052 167 ARCANA
1088 124 1131 168 3.
1299 164 1301 166 .
1506 123 1570 169 27

117 245 202 289 τοῖς
221 237 329 288 ὄνοις
350 235 580 291 εἰκάζεσθαι
601 237 623 281 ὅ
645 256 682 280 τι
705 237 763 294 μὴ
784 241 1039 295 βρωμᾶσθαι
1068 235 1282 279 ἐλέλειπτο.
1351 232 1498 291 χρόνος
1527 237 1573 278 δὲ

115 310 174 366 τῷ
201 303 412 366 ἀνθρώπῳ
441 306 516 362 οὐχ
541 305 680 362 ἥσσων
700 306 725 362 ἢ
747 310 888 362 μηνῶν
919 302 1128 363 τεσσάρων
1151 303 1192 347 ἔν
1212 301 1342 361 ταύτῃ
1362 307 1414 361 τῇ
1437 305 1572 361 διαίτῃ

116 374 281 431 ἓτρίβη,
330 375 404 426 ἕως
441 377 710 431 μελαγχολίας
750 372 859 433 νόσῳ
898 372 1022 424 ἁλοὺς
1050 374 1192 429 μανείς
1222 390 1265 416 τε
1295 370 1476 422 ἐκτόπως
1505 373 1572 414 καὶ

115 441 224 486 οὕτω
245 443 294 499 δὴ
313 441 467 499 ταύτης
485 448 559 498 τῆς
579 445 736 500 εἱρκτῆς
757 442 928 500 ἀφεθεὶς
955 441 1039 486 εἶτα
1064 442 1282 484 ἀπέθανεν.
1353 442 1419 482 καὶ
1451 443 1574 483 Βελι-

81 508 258 568 5σοῖριον
288 511 338 554 οὔ
367 529 405 554 τι
433 510 616 555 ἑκούσιον
629 513 845 569 Ἀντωνίνῃ
867 515 916 568 τῇ
936 512 1092 567 γυναικὶ
1115 513 1419 565 καταλλαγῆναι
1448 506 1576 565 ἠνάγ-

112 594 226 624 κασε.
298 579 461 624 Φώτιον
497 582 542 624 δὲ
570 583 771 635 αἶκισμοΐς
798 597 839 622 τε
871 579 1010 629 ἄλλοις
1038 575 1374 635 ἀνδραποδώδεσι
1403 582 1576 635 περιβα-

112 651 245 691 λοῦσα
264 650 330 690 καὶ
353 646 511 699 ξάνασα
532 647 637 691 κατά
658 666 700 691 τε
722 653 794 691 τοῦ
814 645 947 690 νώτου
972 650 1037 690 καὶ
1058 652 1139 690 τῶν
1161 646 1283 701 ὤμων
1304 646 1473 699 πολλὰς,
1508 646 1574 688 ἒκ-
1597 652 1629 686 Α
1654 651 1698 688 14

111 715 237 773 λέγειν
267 716 442 760 ἐκέλευεν
465 716 556 760 ὅποι
578 718 676 760 ποτὲ
704 721 777 772 γῆς
802 714 1024 766 Θεοδόσιός
1046 733 1088 758 τε
1109 717 1174 758 καὶ
1195 713 1215 758 ὃ
1240 715 1480 771 προαγωγὸς
1499 715 1573 769 εἴη.
1596 720 1630 755 D

111 781 134 826 ὅ
155 785 200 827 δὲ
219 786 360 842 καίπερ
380 783 459 829 ὕπὸ
481 790 556 841 τῆς
575 782 763 839 βασάνου
782 782 1115 839 κατατεινόμενος
1133 783 1184 826 τὰ
1206 783 1483 838 ὂμωμοσμένα
1504 784 1577 837 ε’,ιι-

58 859 102 894 10
112 855 262 896 πεδοῦν
281 852 395 910 ἴγνω,
434 853 538 910 ἀνὴρ
557 851 744 909 νοσώδης
760 854 834 908 μὲν
855 855 921 896 καὶ
944 852 1150 908 ἀνειμένος
1168 851 1342 908 γεγονώς
1362 850 1576 908 πρότερον,

112 921 155 971 ἔς
172 922 218 964 δὲ
236 921 310 976 τὴν
334 921 441 979 ἀμφὶ
459 922 506 964 τὸ
526 926 647 976 σῶμα
667 922 893 977 θεραπείαν
916 920 1196 972 ἐσπουδακώς,
1227 917 1387 975 ὕβρεώς
1406 937 1447 963 τε
1464 918 1579 976 γενό-

111 988 276 1045 μενοςῆ
299 991 579 1047 ταλαιπωρίας
595 990 705 1040 τινὸς
727 989 905 1047 ἄπειρος.
977 989 1094 1033 οὐδὲν
1119 993 1217 1044 γοῦν
1241 988 1367 1038 αὐτὸς
1389 992 1472 1031 τῶν
1493 991 1575 1030 Βε-

68 1089 73 1093 .
111 1059 299 1114 λισαρίου
330 1058 612 1116 κεκρυμμένων
639 1059 803 1109 ἐξεῖπεν.
873 1058 1046 1115 ὕστερον
1063 1058 1202 1112 μέντοι
1224 1055 1387 1099 ἅπαντα
1405 1056 1456 1099 τὰ
1477 1057 1577 1107 τέως

110 1123 324 1184 ἀπόρρητα
360 1128 402 1177 ἐς
430 1132 519 1185 φῶς
549 1125 753 1183 ἐληλύθει.
828 1129 895 1170 καὶ
916 1128 1171 1182 Καλλίγονον
1194 1126 1268 1181 μὲν
1289 1124 1362 1179 ἥδ’
1386 1126 1571 1168 ἐνταῦθα
1595 1128 1628 1162 V
1652 1129 1720 1164 286

56 1193 288 1252 15εῧροῦσα
324 1198 420 1253 τῇδε
455 1196 688 1253 παρέδωκε,
738 1195 810 1239 τὸν
850 1196 895 1238 δὲ
926 1194 1147 1239 Θεοδόσιον
1191 1194 1504 1248 μετακαλέσασα
1536 1195 1578 1244 ἐς

108 1260 357 1317 Βυζάντιον,
395 1264 530 1320 ἐπειδὴ
562 1264 753 1321 ἀφίκετο,
790 1263 916 1314 εὗθύς
936 1265 1010 1318 μὲν
1030 1261 1194 1320 κρύπτει
1214 1263 1256 1304 ἐν
1277 1263 1488 1321 παλατίῳ,
1527 1267 1580 1319 τῇ

110 1333 156 1374 δὲ
172 1330 368 1392 ὖστεραία
386 1332 740 1387 μεταπεμψαμένη
756 1332 1014 1385 Ἀντωνίναν,
1052 1327 1134 1384 „³52
1154 1328 1331 1387 φιλτάτη
1350 1332 1580 1386 πατρικιά“

109 1398 189 1456 ἔφη
217 1400 467 1458 ,μιάργαρον
498 1402 538 1450 ἒς
562 1408 704 1456 χεῖρας
733 1401 808 1450 τὰς
837 1401 938 1455 ε’μὰς
964 1404 1015 1458 τῇ
1042 1400 1266 1458 προτεραίᾳ
1302 1398 1576 1453 ἐμπέπτωκεν,

110 1466 197 1511 οἷον
226 1468 359 1519 οὐδείς
386 1468 484 1515 ποτ’
514 1466 752 1525 ἀνθρώπων
784 1467 900 1515 εἶδεν.
972 1469 1044 1511 καί
1071 1483 1135 1510 σοι
1164 1467 1395 1524 βουλομένῃ
1426 1467 1500 1510 οὐκ
1530 1467 1580 1510 ἂν

52 1534 369 1595 Ξθφθονήσαιμι
400 1541 475 1580 τοῦ
508 1535 724 1592 θεάματος
754 1535 928 1591 τούτου,
965 1535 1061 1579 ἀλλ’
1098 1535 1294 1586 ἐπιδείξω.
1363 1538 1430 1578 καὶ
1452 1534 1478 1591 ἡ
1500 1537 1575 1591 μὲν
1599 1538 1629 1574 Ρ
1655 1541 1697 1575 11

109 1605 159 1648 οὖ
188 1607 365 1656 ξυνιεΐσα
393 1609 468 1648 τοῦ
497 1605 786 1661 πρασσομένου
818 1606 865 1649 τὸ
899 1602 1113 1660 μάργαρόν
1146 1604 1185 1646 οἳ
1216 1605 1411 1654 ἐπιδεῖξαι
1444 1605 1580 1647 πολλὰ

108 1671 299 1732 ἐλιπάρει.
371 1672 396 1728 ἡ
427 1675 472 1717 δὲ
499 1674 571 1717 τὸν
595 1672 818 1718 Θεοδόσιον
853 1676 895 1726 ἐξ
927 1674 1097 1718 οἷκιὸιόυ
1134 1677 1214 1715 τῶν
1239 1689 1349 1722 τινος
1375 1671 1578 1728 εὐνούχων

200 1797 235 1831 7.
267 1796 338 1831 τοῦ
365 1793 488 1829 νώτου
518 1794 582 1829 καὶ
612 1795 687 1828 τῶν
711 1793 822 1838 ὤμων
845 1795 927 1829 vat.
975 1795 1049 1829 τῶν
1074 1790 1186 1836 ὤμων
1209 1792 1273 1828 καὶ
1294 1793 1362 1829 τοῦ
1386 1793 1510 1830 ’νώτου
1536 1795 1578 1829 Ρ.

199 1843 277 1876 τῶν
300 1839 425 1884 νόμων
448 1841 511 1876 καὶ
534 1842 603 1876 τοῦ
627 1841 742 1876 νότου
767 1843 808 1875 Α.
955 1843 991 1876 9.
1026 1837 1300 1884 ὄμωμοσμένα]
1331 1837 1525 1885 ὀμωσμένα
1548 1843 1579 1875 Α

200 1887 259 1922 hic
282 1893 318 1921 et
339 1888 438 1920 infra.
578 1889 634 1923 12.
660 1884 815 1932 ἄπειρος
836 1887 916 1920 vat.
934 1887 977 1921 P.
1026 1885 1197 1931 ἔμπειρος
1220 1889 1263 1920 Α.
1404 1888 1460 1923 15.
1487 1888 1579 1923 Θεο-

201 1932 330 1970 δόσιον
353 1932 488 1968 addidit
511 1933 584 1966 Pm.

110 2034 166 2070 eui
189 2034 323 2081 quidem
347 2039 385 2070 ut
408 2035 537 2070 asinum
559 2037 732 2076 referret,
764 2035 847 2070 nihil
882 2037 1015 2071 omnino
1044 2035 1112 2070 nisi
1145 2033 1272 2070 rudere
1303 2034 1578 2080 relinquebatur.

110 2081 300 2123 Quaternis
323 2082 405 2116 totis
429 2083 600 2116 mensibus
625 2094 698 2116 eam
723 2082 819 2116 homo
844 2082 947 2117 vitam
973 2083 1110 2126 exegit,
1135 2093 1210 2116 cum
1234 2081 1268 2114 in
1293 2082 1442 2115 furorem
1466 2088 1579 2124 actus,

110 2139 319 2173 prorsusque
343 2139 364 2161 a
387 2135 499 2162 mente
523 2128 709 2170 alienatus,
735 2139 876 2162 carcere
899 2129 979 2163 dein
1005 2129 1162 2168 emissus,
1195 2139 1272 2160 mox
1297 2127 1435 2161 interiit.
1484 2128 1578 2162 Beli-

107 2174 234 2208 sarium
259 2174 314 2207 vel
338 2173 479 2208 invitum
504 2186 545 2208 ac
568 2175 772 2208 renitentem
796 2174 832 2208 in
856 2175 1033 2218 pristinam
1059 2185 1134 2207 cum
1159 2173 1326 2206 Antonina
1352 2173 1497 2218 coniuge
1520 2186 1579 2208 re-

109 2220 188 2253 dire
213 2220 360 2263 gratiam
386 2219 515 2264 adegit.
564 2221 722 2254 Photium
748 2221 896 2254 humeris
920 2233 961 2255 ac
985 2221 1086 2254 dorso
1111 2231 1172 2253 ceu
1198 2218 1419 2264 mancipium,
1456 2221 1577 2264 flagel-

108 2265 153 2299 {is
183 2265 269 2299 maie
293 2270 468 2311 acceptum
492 2266 628 2300 edicere
652 2265 768 2307 iussit,
803 2267 937 2301 ubinam
964 2265 1183 2300 Theodosius
1213 2270 1357 2308 ageret,
1390 2266 1448 2299 ubi
1473 2266 1582 2299 leno?

109 2311 173 2345 Ille
196 2311 367 2356 suppiicio
393 2311 468 2345 dire
491 2313 666 2345 confectus
689 2312 790 2353 licet,
814 2312 940 2354 (homo
963 2312 1094 2357 quippe
1117 2310 1399 2347 valetudinarius,
1425 2316 1461 2345 et
1484 2311 1582 2345 iufir-

109 2356 173 2390 mis
196 2363 299 2390 antea
322 2356 476 2399 viribus,
509 2369 680 2401 curaeque
706 2358 861 2403 corporis
882 2359 1045 2398 studens,
1077 2362 1113 2391 et
1138 2357 1281 2390 omnium
1306 2356 1501 2391 iniuriarum
1526 2357 1581 2390 in-

109 2402 224 2436 solens
257 2408 360 2447 atque
394 2403 650 2447 calamitatum)
685 2410 796 2437 tamen
822 2404 1051 2438 iusiurandum
1076 2414 1283 2436 conservare
1309 2402 1446 2445 maluit,
1481 2415 1580 2448 quam

109 2459 235 2482 arcana
262 2448 418 2482 Belisarii
442 2450 609 2493 prodere3
634 2461 823 2494 quanquam
848 2451 933 2484 haec
957 2449 1069 2484 omnia
1092 2448 1126 2482 in
1152 2448 1257 2482 lucem
1284 2449 1418 2482 tandem
1438 2461 1576 2482 venere.

110 2493 200 2528 Nam
228 2494 416 2528 Theodora
441 2495 654 2539 Calligonum
681 2501 782 2529 nacta
810 2496 964 2530 restituit
986 2495 1202 2534 Antoninae3
1237 2494 1471 2528 Theodosium
1496 2506 1582 2527 vero

110 2539 315 2583 Byzantium
349 2547 546 2580 evocatum,
579 2542 613 2574 in
648 2541 744 2584 regia
776 2542 907 2576 occulte
940 2541 1085 2580 habuit3
1121 2540 1232 2574 accita
1265 2546 1375 2574 autern
1413 2539 1580 2581 postridie

111 2585 302 2619 Antonine:
339 2586 370 2619 Ο
382 2587 592 2621 amicissima
609 2587 790 2629 Patricia,
814 2587 927 2632 inquit
940 2613 949 2630 ,
974 2597 1113 2631 gemma
1131 2586 1169 2619 in
1187 2598 1310 2619 manus
1327 2586 1449 2618 incidit
1466 2586 1583 2630 pridie

111 2630 218 2671 uru'lu',
246 2631 382 2675 qualem
411 2633 539 2667 vidisse
570 2634 738 2667 neminem
763 2638 848 2677 puto
876 2634 1104 2672 mortalium5
1126 2633 1156 2665 si
1174 2633 1250 2665 ulla
1270 2637 1303 2665 te
1322 2633 1393 2665 eius
1412 2632 1584 2665 videndae

113 2675 286 2720 cupiditas
306 2679 443 2722 tangit,
469 2680 531 2713 hoc
549 2679 611 2713 tibi
626 2681 856 2724 spectaculum
875 2691 940 2725 ego
962 2691 1030 2713 ποη
1053 2678 1255 2718 inciderim,
1279 2678 1337 2710 sed
1358 2679 1450 2710 ultro
1468 2682 1578 2711 osten—

112 2722 236 2756 derim.
284 2724 452 2758 Antonina
485 2736 555 2759 rem
587 2737 652 2759 non
682 2731 863 2766 assecuta,
895 2737 1027 2770 gemma
1051 2730 1091 2758 ut
1115 2724 1181 2757 sibi
1216 2723 1446 2764 indicaretur,
1478 2723 1582 2756 etiam

115 2774 222 2813 atque
243 2767 346 2803 etiam
369 2768 563 2815 flagitabat.
609 2771 673 2805 Illa
697 2782 740 2805 ex
764 2771 938 2807 cuiusdam
964 2769 1111 2806 eunuchi
1147 2768 1299 2804 cubiculo
1331 2769 1580 2814 apprehensum
