1800 3126
469 141 531 186 IN
557 140 765 186 LIBROS
789 139 910 185 VIII.
978 138 1055 183 DE
1079 135 1288 181 BELLIS.

194 251 251 288 13.
273 250 352 292 238,
365 249 399 284 4.
423 248 494 284 eius
518 248 720 284 dominatum
745 249 854 283 affec-

191 301 267 332 tant
280 295 400 330 Franci
413 296 458 337 ΙΙ,
479 296 560 336 261,
590 297 646 330 11.
669 300 706 329 et
722 299 854 341 partem

190 341 366 377 maximam
376 341 529 375 obtinent
543 341 587 383 11,
604 341 684 386 585,
699 343 756 376 20.
778 339 856 375 Itali

191 387 440 423 'theodoricum
470 391 625 421 amarunt
653 387 699 431 ΙΙ,
734 388 790 430 11,
821 387 855 421 1.

193 433 298 468 odere
314 433 464 467 Gottbos
481 433 523 474 ΙΙ,
545 433 600 470 39,
628 435 658 466 1.
690 431 742 466 his
775 431 856 465 data

191 489 346 560 pusaeo.
360 479 437 523 lege
461 483 499 512 ut
520 489 563 512 ex
586 477 687 513 Italia
715 477 858 522 migrent

214 525 241 567 Ι,
300 525 334 567 2,
354 526 408 559 15.

147 570 221 606 Iter
235 570 333 650 unigs
348 569 416 604 diei
438 573 520 615 quot
542 568 662 605 stadiis
677 571 812 605 constet
828 568 859 612 Ι,

195 617 273 658 312,
315 642 324 651 .

149 662 267 697 Ithaca
280 661 327 703 ΙΙ,
344 661 422 706 575,
441 662 494 697 18.

149 708 231 742 luca
245 707 279 741 in
297 706 416 741 Africa
431 707 460 749 1,
473 707 552 751 374,
571 707 603 742 1.

149 753 279 788 Iudaea
300 752 335 786 in
367 752 537 786 Christum
556 752 691 796 ingrata
721 751 751 796 Ι,
780 751 862 794 208,

198 800 254 834 11.
278 797 395 832 Iudaei
419 797 622 832 Homeritae
651 797 862 832 Christianos

172 847 174 850 '
199 844 394 890 opprimunt
408 843 437 887 I,
455 843 532 886 104,
550 845 604 878 13.
644 842 864 888 Neapolitani

199 893 405 924 commeatus
418 888 617 934 promittunt
634 889 782 923 obsessis
812 888 863 922 ci-

198 935 298 970 vibus
312 935 359 975 11,
375 935 431 976 44,
448 935 502 969 18.
525 935 610 968 urbe
633 940 735 979 capta
758 934 863 968 resis-

199 985 278 1015 tunt
292 980 339 1023 11,
352 980 408 1022 53,
419 981 452 1014 2.
476 980 592 1015 Iudaei
603 980 771 1014 cuiusdam
783 991 863 1013 con-

201 1026 309 1061 silium
325 1025 416 1060 circa
439 1026 556 1072 templi
571 1037 656 1060 vasa
676 1026 704 1068 1,
728 1026 807 1066 446,
830 1026 864 1060 3.

202 1072 289 1106 alius
303 1083 365 1117 per
382 1083 501 1117 porcos
525 1071 653 1105 divinat
668 1071 749 1106 belli
772 1072 865 1105 Got-

202 1117 430 1198 {hiet-exitum
450 1118 506 1161 11,
521 1118 585 1162 45,
605 1118 660 1153 15.
693 1118 774 1152 vide
790 1118 866 1151 He-

229 1174 309 1197 raon.

158 1208 196 1242 S.
206 1207 327 1243 Iuliani
341 1207 500 1253 templum
508 1208 736 1243 suburbanum
744 1207 866 1242 Antio-

204 1254 300 1288 chiae
315 1253 343 1295 Ι,
362 1255 438 1295 196,
453 1254 487 1288 5.

157 1300 308 1336 Iulianus
323 1299 432 1333 frater
446 1299 573 1333 Summi
588 1299 615 1342 Ι,
633 1299 711 1343 155,
728 1299 762 1334 7.
803 1298 871 1333 Im-

204 1345 357 1426 pfratori
373 1356 393 1379 a
411 1345 554 1379 secretis
577 1345 612 1387 I,
642 1346 717 1387 182,
742 1346 796 1380 18.
828 1344 871 1378 ad

246 1391 406 1424 omeritas
422 1395 458 1424 et
484 1391 671 1435 Aethiopes
692 1391 824 1434 legatus
841 1390 872 1432 Ι,

210 1438 288 1479 106,
310 1435 343 1474 5.
369 1441 404 1470 et
419 1436 462 1470 ad
479 1437 665 1470 chosroem
682 1437 710 1477 Ι,
726 1437 802 1478 182,
818 1437 872 1471 18.

160 1482 267 1518 Iulius
282 1483 404 1516 mensis
421 1482 580 1522 Quintilis
595 1482 641 1526 ΙΙ,
664 1483 740 1525 118,
766 1484 795 1516 1.

159 1528 342 1574 Iuphrutes
357 1528 551 1562 Maurorum
568 1527 724 1573 princeps
742 1527 777 1561 in
800 1527 876 1561 Ro-

205 1584 323 1607 manos
339 1573 476 1607 rebellis
493 1574 520 1614 1,
537 1573 617 1618 448,
638 1575 693 1607 12.

160 1618 292 1666 Iupiter
304 1619 424 1654 Casius
442 1619 500 1652 ubi
525 1618 636 1652 cultus
659 1619 713 1658 11,
731 1618 820 1660 576,
843 1619 877 1652 2.

208 1665 301 1700 lovis
319 1665 499 1710 Capitolini
510 1664 669 1710 templum
679 1664 799 1710 diripit
811 1663 879 1697 Gi-

208 1711 341 1744 zen-icus
359 1711 388 1752 l,
403 1711 483 1752 332,
499 1710 552 1744 13.

162 1756 395 1790 Iusiurandum
407 1781 416 1796 ,
437 1766 598 1790 summum
615 1754 695 1788 fidei
714 1754 835 1800 pignus
846 1755 875 1797 Ῐ,

213 1803 291 1846 196,
310 1802 363 1836 13.
382 1812 444 1847 per
459 1801 652 1844 Evangelia
667 1801 695 1843 1,
719 1802 799 1842 509,
822 1802 878 1836 18.

210 1859 271 1892 per
286 1848 387 1880 salem
406 1848 432 1886 l,
449 1847 505 1888 20,
525 1849 576 1880 14.

165 1893 383 1929 Iustinianaei
399 1893 455 1925 vel
483 1890 656 1925 lustiniani
679 1890 759 1924 dicti
785 1891 879 1924 Van-

212 1939 289 1978 dali,
307 1938 363 1982 qui
380 1939 552 1972 Romanae
578 1937 715 1971 militiae
740 1936 881 1981 ascripti

211 1985 310 2018 suere
324 1985 351 2027 Ι,
373 1985 453 2026 471,
477 1984 527 2020 14.

167 2029 375 2063 Iustinianus
392 2028 513 2062 Iustini
530 2029 616 2072 Aug.
634 2041 675 2062 ex
692 2038 808 2061 sorore
822 2039 882 2060 ne-

214 2086 278 2121 pos
294 2075 322 2118 1,
343 2076 398 2115 51,
421 2075 477 2108 22.
505 2074 708 2118 vigilantiae
723 2074 832 2106 frater
848 2077 884 2106 et

215 2120 419 2155 Praeiectae
435 2120 621 2153 avunculus
639 2121 666 2160 Ι,
678 2119 758 2161 513,
780 2118 831 2152 14.
849 2125 885 2151 et

215 2165 372 2200 Marcelli
388 2166 416 2207 l,
433 2166 513 2209 280,
531 2166 584 2200 18.
603 2171 744 2210 patruus
760 2164 884 2198 Borai-

216 2212 271 2245 dis
295 2222 338 2246 ac
362 2211 447 2245 Iusti
467 2212 493 2252 l,
529 2213 605 2246 128.
637 2211 694 2246 23.
723 2215 758 2244 et
792 2211 886 2243 Ger-

218 2256 308 2292 mani
326 2257 354 2299 Ι,
378 2257 458 2299 482,
483 2257 536 2291 19.
561 2257 778 2290 Theodoram
804 2267 887 2288 con-

218 2303 332 2347 iugem
343 2314 470 2336 summe
483 2307 574 2335 amat
591 2303 616 2343 l,
634 2303 712 2342 130,
733 2304 788 2336 11.
810 2302 888 2335 Ma-

218 2348 329 2393 gister
359 2348 499 2381 militum
518 2348 542 2388 l,
573 2348 629 2387 52,
659 2348 714 2381 21.
740 2348 797 2388 59,
830 2349 887 2382 11.

219 2404 294 2428 cum
322 2393 449 2427 Iustino
474 2393 641 2427 avunculo
663 2403 800 2426 consors
825 2393 889 2425 im-

219 2439 306 2486 perii
322 2439 350 2480 1,
364 2440 420 2480 59,
439 2441 494 2474 11.
517 2438 552 2472 id
569 2450 630 2484 pro
648 2438 789 2472 arbitrio
816 2449 890 2472 mo·-

221 2485 361 2518 deratur
377 2485 404 2524 Ι,
421 2485 500 2526 350,
523 2485 556 2519 6.
580 2485 673 2518 solus
697 2483 839 2528 imperat
858 2483 887 2521 Ι.

222 2531 280 2572 60,
305 2531 339 2569 5.
361 2530 559 2564 Belisarium
583 2530 786 2573 Magistrum
818 2529 890 2564 mil.

225 2575 377 2609 Orientis
409 2582 524 2617 creat,
554 2587 593 2609 ac
628 2576 716 2609 bello
748 2575 889 2609 Persico

222 2620 380 2667 praeficit
393 2621 422 2662 1,
440 2623 494 2663 61,
511 2622 546 2656 3.
566 2622 719 2655 Arethan
745 2622 891 2655 Sarace-

227 2676 346 2699 norum
354 2677 469 2710 regem
492 2667 669 2701 constituit
678 2678 766 2700 novo
778 2678 892 2700 exem-

225 2710 285 2756 plo
301 2711 331 2753 Ι,
349 2713 407 2753 89,
422 2713 458 2746 9.
483 2712 590 2746 everti
606 2713 700 2746 iubet
719 2713 892 2747 Philarum

226 2757 354 2800 templa
369 2757 398 2798 Ι,
418 2755 495 2800 104,
509 2757 543 2792 4.
566 2758 766 2802 legationem
789 2758 894 2792 mittit

227 2801 272 2837 ad
285 2802 474 2848 Aethiopes
489 2807 525 2837 et
539 2803 738 2840 Homeritas
766 2804 798 2850 1,
814 2805 893 2848 106,

1508 133 1604 180 505

942 248 977 283 3.
1000 245 1194 280 Belisarium
1217 246 1359 278 revocat
1383 254 1425 277 ex
1451 243 1609 287 Oriente,

945 304 1055 338 eoque
1071 292 1192 326 Sittam
1209 290 1310 324 mittit
1325 290 1353 330 I,
1371 291 1448 331 107,
1467 291 1521 324 16.
1545 300 1610 334 pa·-

942 340 1017 373 ''cem
1032 348 1105 371 cum
1115 337 1270 371 Chosroe
1286 340 1485 382 perpetuam
1499 335 1611 370 sancit

944 385 974 429 I,
993 384 1068 426 113,
1087 385 1140 418 17.
1162 382 1242 424 353,
1260 383 1314 417 10.
1339 382 1496 415 fervente
1521 380 1613 415 sedi-

946 431 1039 465 tione
1055 441 1093 463 se
1104 427 1190 462 domi
1206 431 1300 462 tenet
1315 426 1344 470 Ι,
1362 428 1440 469 121,
1466 427 1519 461 19.
1556 437 1614 459 se-

947 477 1087 510 ditiosos
1105 475 1240 520 placare
1265 473 1381 508 studet
1403 473 1432 516 1,
1458 472 1536 515 123,
1559 471 1617 506 15.

949 523 993 557 ab
1015 521 1171 566 Hypatio
1187 519 1252 553 sibi
1268 519 1364 553 timet
1384 519 1413 562 Ι,
1447 518 1524 559 123,
1554 516 1608 551 15.

948 579 1042 614 spem
1066 567 1169 600 habet
1189 565 1224 599 in
1244 564 1407 598 Belisario
1429 576 1470 599 ac
1488 563 1616 597 Mundo

951 615 980 656 1,
1001 614 1078 654 126,
1098 613 1149 647 19.
1170 611 1299 655 ingenti
1322 612 1412 644 facta
1437 609 1619 644 seditioso-

951 671 1025 694 rum
1035 658 1151 699 caede,
1170 657 1357 702 Hypatium
1372 661 1406 690 et
1421 655 1619 701 Pompeium

952 709 1063 740 morte
1073 703 1179 737 afficit
1192 703 1220 744 Ι,
1239 703 1316 744 129,
1333 704 1388 737 11.
1435 702 1622 736 Senatores

953 752 1127 785 damnatos
1150 748 1310 783 restituit.
1346 749 1430 782 ibid.
1461 747 1623 785 Ioannem

956 795 1194 842 Cappadocem
1206 821 1217 837 ,
1249 795 1412 828 nefarium
1445 793 1626 834 hominem,

952 840 1279 924 {¹32⁶}⁵2³⁰⁵{2¹2⁰.i12}

954 913 1120 981 pert’rahit
1135 932 1182 974 ΙΙ,
1199 933 1279 972 204,
1299 935 1329 966 1.
1354 936 1388 965 et
1404 931 1558 975 Abasgos
1575 929 1623 972 11,

953 981 1033 1023 472,
1051 978 1105 1013 13.
1131 984 1167 1011 et
1190 977 1328 1011 Tzanos
1347 978 1374 1018 I,
1391 978 1446 1018 79,
1464 978 1498 1010 9.
1529 975 1622 1009 Ilde-

954 1025 1018 1060 rici
1042 1023 1270 1058 Vandalorum
1304 1023 1393 1066 regis
1433 1022 1559 1056 amicus
1592 1021 1622 1062 Ι,

955 1071 1034 1112 350,
1050 1069 1084 1104 4.
1109 1069 1152 1103 ad
1162 1069 1365 1103 Gelimerem
1383 1068 1502 1102 scribit
1517 1068 1623 1112 ipsius

955 1116 1068 1161 gratia
1084 1116 1111 1156 Ι,
1127 1116 1207 1156 351,
1235 1116 1289 1149 11.
1314 1115 1356 1148 de
1381 1114 1468 1148 bello
1487 1114 1626 1147 Vanda-

955 1163 1023 1196 lico
1040 1161 1210 1195 deliberat
1224 1160 1252 1201 Ι,
1269 1161 1349 1202 353,
1369 1161 1421 1194 12.
1449 1159 1560 1193 divino
1587 1158 1624 1192 id

960 1207 1089 1243 monitu
1104 1205 1245 1251 suscipit
1261 1206 1288 1247 Ι,
1306 1206 1384 1248 356,
1404 1207 1457 1240 18.
1469 1205 1626 1250 Tripolin

960 1253 1084 1297 recipit
1100 1253 1129 1296 Ι,
1145 1253 1224 1293 356,
1240 1253 1296 1287 21.
1322 1251 1510 1286 Sardiniam
1521 1252 1628 1284 affec-

962 1304 1018 1334 tat
1034 1300 1061 1337 Ι,
1079 1299 1159 1341 358,
1184 1298 1237 1333 15.
1263 1298 1387 1331 bellum
1407 1297 1630 1331 Vandalicum

962 1346 1022 1379 dat
1041 1343 1205 1378 Belisario
1222 1343 1250 1386 Ι,
1266 1345 1347 1386 360,
1371 1343 1426 1378 19.
1464 1354 1531 1377 vox
1558 1343 1632 1376 eius

964 1391 1114 1425 ominosa
1133 1390 1161 1431 1,
1174 1389 1254 1431 361,
1270 1391 1324 1423 21.
1342 1388 1463 1422 foedus
1480 1388 1542 1422 init
1558 1399 1633 1421 cum

964 1436 1206 1472 Amalasuntha
1224 1435 1252 1477 Ι,
1269 1436 1346 1476 370,
1363 1435 1415 1470 13.
1435 1434 1478 1467 ad
1490 1434 1631 1468 Vanda-

964 1484 1071 1518 lorum
1088 1492 1249 1526 proceres
1277 1481 1397 1514 scribit
1413 1480 1441 1523 Ι,
1467 1480 1547 1522 380,
1576 1481 1633 1515 20.

966 1528 1087 1562 victori
1109 1526 1272 1560 Belisario
1301 1526 1471 1571 optionem
1494 1526 1553 1559 dat
1579 1537 1638 1559 re·-

968 1573 1092 1608 deundi
1117 1572 1330 1616 Byzantium,
1359 1572 1413 1605 vel
1434 1570 1583 1604 morandi
1605 1570 1640 1603 in

968 1619 1086 1655 Africa
1099 1619 1126 1662 Ι,
1141 1618 1221 1660 442,
1248 1620 1278 1652 1.
1305 1616 1466 1650 adoratur
1491 1628 1512 1650 a
1540 1616 1641 1650 Geli-

969 1676 1062 1700 mere
1074 1663 1208 1709 captivo
1219 1663 1248 1707 Ι,
1263 1663 1342 1703 446,
1358 1665 1412 1699 20.
1430 1663 1508 1696 huic
1522 1661 1638 1695 Patri-

972 1711 1095 1744 ciatum
1126 1713 1242 1753 negat,
1274 1709 1318 1742 ob
1352 1708 1576 1754 pervicaciam
1604 1708 1640 1741 in

967 1755 1097 1791 haeresi
1111 1755 1139 1799 Ι,
1156 1755 1236 1797 447,
1260 1754 1293 1788 5.
1319 1754 1489 1787 Vandalos
1502 1754 1641 1788 militiae

968 1803 1068 1836 Rom.
1088 1800 1254 1844 ascriptos
1278 1800 1480 1834 Iustinianos
1497 1805 1599 1832 vocat
1612 1799 1640 1842 Ι,

970 1849 1051 1890 471,
1069 1846 1121 1880 14.
1146 1847 1329 1887 Armenos,
1362 1846 1499 1879 Tzanos
1514 1857 1555 1879 ac
1571 1845 1641 1879 La-

972 1905 1030 1926 zos
1048 1891 1134 1925 male
1151 1892 1254 1924 habet
1279 1892 1306 1933 1,
1338 1892 1413 1932 164,
1442 1894 1495 1927 10.
1524 1892 1643 1924 urbem

972 1939 1110 1972 Petram
1128 1937 1241 1970 condit
1257 1937 1291 1970 in
1308 1936 1434 1970 Lazica
1452 1937 1477 1977 1,
1504 1938 1582 1978 218,
1607 1937 1641 1970 4.

973 1984 1161 2018 Chosroem
1179 1982 1321 2027 pecunia
1329 1982 1434 2015 donat
1449 1982 1476 2026 Ι,
1497 1983 1574 2023 137,
1588 1982 1641 2016 15.

973 2028 1234 2064 Amalasunthae
1255 2028 1368 2073 parari
1390 2027 1521 2061 domum
1548 2027 1644 2070 Dyr-

975 2074 1104 2109 rhachii
1119 2074 1213 2107 iubet
1229 2074 1274 2115 ll,
1303 2074 1356 2118 15,
1384 2074 1437 2108 13.
1478 2074 1644 2117 Legatum

977 2120 1020 2154 ad
1038 2119 1177 2153 eandem
1192 2119 1298 2152 mittit
1317 2120 1359 2163 ΙΙ,
1378 2120 1432 2159 19,
1443 2118 1477 2154 5.
1498 2125 1575 2164 post
1590 2119 1645 2164 ip-

976 2167 1045 2200 sius
1063 2176 1189 2205 necem,
1205 2165 1346 2199 Gotthis
1379 2165 1502 2198 bellum
1528 2165 1647 2198 indicit

977 2212 1024 2252 ΙΙ,
1049 2211 1105 2252 25,
1135 2213 1188 2246 17.
1220 2218 1255 2244 et
1279 2210 1422 2255 suscipit
1450 2210 1496 2249 ΙΙ,
1526 2211 1581 2251 26,
1611 2211 1646 2244 2.

979 2257 1142 2291 Mundum
1158 2257 1191 2289 in
1207 2257 1419 2300 Dalmatiam,
1444 2255 1646 2290 Belisarium

979 2303 1014 2337 in
1027 2302 1175 2336 Siciliam
1188 2303 1301 2337 mittit.
1321 2303 1404 2336 ibid.
1439 2302 1648 2337 Francorum

980 2360 1082 2392 reges
1109 2349 1152 2382 ad
1189 2349 1266 2381 belli
1303 2348 1497 2381 societatem
1529 2347 1652 2380 invitat

980 2395 1027 2436 ΙΙ,
1045 2394 1102 2438 27,
1114 2397 1147 2430 9.
1172 2393 1422 2427 scribitltaliae
1441 2393 1515 2437 regi
1534 2393 1654 2426 Theo-

981 2440 1074 2474 dato.
1095 2440 1140 2480 ll,
1159 2441 1214 2479 32.
1231 2442 1264 2475 8.
1291 2445 1325 2473 et
1341 2439 1547 2472 Gotthorum
1573 2450 1653 2482 pro-

984 2485 1118 2519 ceribus
1134 2485 1179 2518 ΙΙ.
1197 2486 1255 2529 35,
1271 2486 1303 2519 4.
1332 2485 1374 2518 de
1399 2484 1516 2517 Strata
1542 2484 1656 2517 consi-

982 2531 1061 2566 lium
1086 2531 1188 2564 habet
1210 2532 1236 2573 Ι,
1265 2531 1341 2573 155,
1372 2530 1406 2564 3.
1440 2536 1618 2563 accusatus
1634 2540 1656 2562 a

985 2578 1140 2610 Chosroe
1157 2577 1247 2621 quod
1267 2575 1526 2610 Alamundarum
1554 2576 1655 2608 Hun-

983 2634 1127 2703 ῗὲΞἾῚΞ
1145 2622 1237 2702 ³265?
1242 2632 1403 2702 ⁶13³⁵19⁵÷²
1406 2620 1601 2701 ¹¹1i3³¹²³v⁶⁶³
1626 2621 1653 2665 ¹’

1055 2694 1065 2710 ,
1129 2693 1138 2701 .
1231 2694 1238 2709 ,
1302 2692 1310 2700 .
1400 2692 1409 2707 ,
1468 2693 1476 2701 .
1501 2677 1576 2700 eum
1618 2678 1655 2700 er

985 2714 1104 2748 literas
1121 2725 1142 2747 a
1157 2713 1246 2746 bello
1262 2712 1462 2745 dehortatur
1478 2712 1506 2754 1,
1524 2677 1614 2755 169?
1622 2713 1655 2747 7.

987 2760 1194 2792 Germanum
1210 2759 1244 2791 in
1261 2758 1385 2791 Persas
1402 2757 1504 2790 mittit
1521 2758 1549 2798 Ι,
1578 2758 1655 2802 178,

988 2807 1023 2842 1.
1043 2804 1227 2840 Callinicus
1242 2804 1449 2838 acclamatur
1463 2803 1492 2847 1,
1510 2805 1656 2848 190,15.
