1754 3132
527 131 794 176 HISTORIA
827 130 1007 174 ARCAN
1009 130 1044 172 A
1079 130 1126 176 9.
1498 130 1563 176 59

99 252 311 306 Κομιτοῧς
329 265 373 291 τε
397 249 464 291 καὶ
489 244 712 304 Θεοδῶρας
741 247 807 289 καὶ
821 245 1092 294 Ἀναστασιάς
1102 277 1116 298 ‚
1153 238 1209 288 ὧν
1237 241 1264 300 ἦ
1301 241 1566 300 πρεσβυτάτη

99 318 215 363 οὔπω
235 316 432 373 ἑπταέτης
449 323 635 373 γεγονυῖα
658 313 881 371 ἐτύγχανεν.
950 312 978 370 ἦ
998 315 1043 357 δέ
1062 313 1164 370 γυνὴ
1187 315 1414 356 ἐκπεσοῦσα
1443 310 1567 372 ἑτέρῳ
1588 329 1622 363 Ῑ)

101 387 221 444 ἀνδρὶ
251 387 293 438 ἐς
321 387 460 442 κοίτην
489 381 641 440 ἦλθεν,
680 383 726 434 ὃς
755 383 806 439 δὴ
839 383 910 434 ξὺν
933 383 1039 440 αὐτῇ
1056 388 1139 426 τῶν
1160 400 1203 426 τε
1222 382 1328 426 κατὰ
1349 381 1424 437 τὴν
1440 384 1571 425 οἰκίαν

102 458 172 500 καὶ
191 459 267 499 τοῦ
288 454 405 512 ἴργου
426 452 576 497 τούτου
599 450 917 508 ἐπιμελήσεσθαι
935 452 982 495 τὸ
1003 452 1145 496 λοιπὸν
1165 451 1341 508 ἔμελλεν,
1379 449 1400 493 ὃ
1422 452 1467 493 δέ
1486 455 1571 493 τῶν

69 525 312 583 ὅπρασίνων
339 523 545 580 ὀρχηστὴς
567 522 773 579 Ἀστέριος
801 520 933 574 ὄνομα
957 519 1143 577 χρήμασι
1171 521 1276 578 πρὸς
1308 519 1448 577 ἐτέρου
1469 519 1573 562 ἀνα-

102 594 287 643 πεισθεὶς
314 591 488 642 τούτους
514 592 589 647 μέν
613 595 688 646 τῆς
715 594 835 645 τιμῆς
858 587 1013 645 ταύτης
1034 590 1260 646 ἀπέστησε,
1297 589 1371 633 τὸν
1392 589 1440 631 δέ
1457 589 1497 631 οἶ
1517 589 1568 631 τὰ
1594 598 1625 633 Α
1650 597 1694 633 41

99 660 297 719 χρήματα
319 658 446 705 δόντα
467 661 508 711 ἐς
531 659 659 715 αὐτὴν
681 658 1019 714 ἀντικατέστησεν
1040 659 1172 702 οὐδενὶ
1193 657 1322 718 πόνῳ.
1390 665 1477 707 τοῖς
1496 657 1576 716 γὰρ

42 755 45 758 <
102 731 324 787 ὀρχησταῖς
354 730 408 772 τὰ
435 733 607 772 τοιαῦτα
632 730 724 783 ἐξῆν
745 730 988 771 διοικεῖσθαι
1009 727 1108 770 κατ’
1131 729 1318 779 ἐξουσίαν
1335 720 1362 784 ᾗ
1381 725 1576 781 βούλοιν-

104 817 168 844 το.
232 798 314 842 ἐπεὶ
337 799 381 842 δέ
399 798 470 842 τὸν
491 800 623 854 δῆμον
644 795 861 850 ξύμπαντα
879 794 905 851 ἢ
927 796 1029 853 γυνὴ
1050 797 1092 838 ἐν
1109 797 1333 856 κυνηγεσίῳ
1351 795 1576 853 ἀγηγερμέ-

51 880 177 914 1ονον
198 866 278 911 εἶδε
300 867 515 923 στέμματα
535 872 626 915 ταῖς
645 867 783 908 παισὶν
805 865 847 908 ἕν
868 882 910 908 τε
931 869 1088 924 κεφαλῇ
1112 868 1180 908 καὶ
1204 864 1460 922 ἀμφοτέραις
1485 871 1578 915 ταῖς

104 939 242 994 χερσὶν
265 937 462 991 ἐνθεμένη
490 936 532 985 ἐς
557 935 632 990 τὴν
653 935 821 977 ἱκετείαν
841 932 1044 979 ἐκάθισεν.
1112 934 1211 978 ἀλλ’
1236 935 1276 977 οἶ
1294 932 1484 992 πράσινοι
1503 934 1578 987 μὲν

106 1006 354 1063 προσίεσθαι
380 1004 464 1059 τὴν
484 1004 652 1047 ἷκετείαν
676 1003 838 1058 οὐδαμῆ
858 1002 1039 1060 ἔγνωσαν
1051 1037 1065 1057 ,
1103 1004 1270 1046 Βένετοι
1292 1004 1338 1046 δὲ
1360 1002 1492 1052 αὐτὰς
1511 1003 1575 1044 ἐπὶ
1596 1005 1626 1040 P
1649 1006 1695 1042 28

59 1083 64 1086 “
106 1073 263 1130 ταύτης
291 1073 342 1129 δὴ
363 1070 666 1128 κατεστήσαντο
685 1076 760 1127 τῆς
776 1076 919 1127 τιμῆς,
953 1073 1035 1115 ἐπεὶ
1054 1071 1075 1115 ὃ
1095 1070 1351 1130 θηριοκόμος
1375 1073 1577 1114 ἐτετελευ-

105 1141 218 1198 τήκει
237 1143 304 1186 καὶ
327 1142 467 1192 αὐτοῖς
485 1141 663 1198 ἔναγχος.
713 1141 796 1184 ἐπεὶ
817 1142 861 1183 δὲ
878 1141 930 1184 τὰ
949 1142 1092 1184 παιδία
1111 1147 1246 1184 ταῦτα
1267 1140 1307 1191 ἔς
1325 1139 1434 1197 ἥβην
1451 1136 1574 1196 ἦλθε,

53 1223 96 1258 15
109 1215 290 1267 καθῆκεν
313 1210 418 1254 αὐτὰ
439 1212 502 1253 ἐπὶ
521 1215 597 1264 τῆς
618 1211 805 1252 ἐνταῦθα
826 1214 978 1265 σκηνῆς
994 1210 1141 1253 αὐτίκα
1162 1209 1186 1265 ἡ
1208 1207 1370 1267 μήτηρ,
1406 1210 1490 1252 ἐπεὶ
1511 1208 1580 1251 εὖ-

107 1287 272 1337 πρεπεΐς
293 1279 369 1334 τὴν
387 1278 486 1333 ὄψιν
505 1274 608 1333 ἦσαν
618 1311 631 1333 ,
666 1278 713 1321 οὔ
733 1277 871 1333 μέντοι
888 1277 968 1322 ὖπό
986 1276 1137 1336 χρόνον
1157 1279 1228 1322 τὸν
1248 1278 1375 1321 αὐτὸν
1395 1276 1576 1333 ἁπάσας,

105 1348 205 1393 ὄλλ’
231 1346 288 1398 ὧς
309 1345 460 1403 ἑκάστη
482 1346 619 1399 ἔδοξέν
636 1347 676 1390 οἳ
703 1348 743 1397 ἐς
761 1347 809 1390 τὸ
830 1346 946 1404 ἔργον
964 1351 1087 1390 τοῦτο
1116 1345 1250 1404 ὡραία
1275 1345 1387 1392 εἶναι.
1456 1345 1483 1401 ἦ
1505 1347 1580 1401 μὲν

109 1413 184 1461 οὗν
202 1415 344 1475 πρώτη
364 1416 537 1472 Κομιτώ
558 1415 636 1472 ἤδη
656 1416 698 1458 ἐν
715 1422 807 1466 ταῖς
825 1415 930 1459 καθ’
954 1414 1085 1470 αὖτὴν
1105 1414 1287 1474 ἑταίραις
1304 1416 1476 1473 λαμπρὰ
1496 1416 1584 1472 ἐγε-

108 1484 240 1543 γόνει·
278 1483 479 1541 Θεοδῶρα
509 1483 602 1539 δέἧ
632 1484 727 1539 μετ’
748 1486 901 1540 ἐκείνην
925 1487 1167 1540 χιτωνίσκον
1191 1484 1430 1541 χειριδωτὸν
1452 1484 1584 1539 ἀμπε-

54 1554 261 1611 Ξοχομένη
283 1551 417 1612 δούλῳ
435 1555 550 1596 παιδὶ
571 1553 780 1609 πρέποντα
801 1551 853 1596 τά
875 1570 918 1596 τε
944 1552 1050 1596 ἄλλα
1076 1552 1340 1610 ὑπηρετοῦσα
1363 1554 1495 1596 εἵπετο
1515 1553 1585 1595 καὶ

110 1623 161 1667 τὸ
188 1621 356 1680 βάθρον
380 1623 445 1665 ἐπὶ
468 1626 551 1665 τῶν
572 1622 696 1676 ὤμων
724 1621 786 1665 ἀεὶ
807 1621 970 1679 ἔφερεν,
1007 1621 1083 1678 ἐφ’
1113 1617 1238 1679 οὗπερ
1269 1623 1397 1677 ἐκείνη
1428 1623 1471 1665 ἐν
1499 1628 1586 1671 τοῖς

111 1689 322 1748 ξυλλόγοις
334 1695 554 1745 καθῆσθαι
570 1689 721 1734 εῗώθει.
758 1690 860 1741 τέως
874 1692 949 1745 μὲν
969 1685 1042 1735 οὖν
1059 1690 1196 1748 ἄωρος
1216 1686 1322 1735 οὖσα
1338 1689 1365 1747 ἦ
1384 1688 1586 1749 Θεοδώρα

112 1762 156 1812 ἐς
174 1761 314 1816 κοίτην
334 1759 454 1817 ἀνδρὶ
472 1760 646 1811 ξυνιέναι
667 1759 832 1816 οὐδαμῆ
857 1758 958 1815 εἶχεν
965 1793 979 1814 ,
1013 1759 1109 1803 οὐδὲ
1128 1758 1195 1804 οἷα
1211 1760 1313 1817 γυνὴ
1332 1761 1585 1816 μίγνυσθαι·

115 1852 118 1854 v
207 1872 242 1907 1.
274 1869 487 1915 Κομιτοῦς]
518 1869 719 1914 Κομητοῦς
744 1873 780 1903 et
801 1868 894 1903 infra
916 1866 1081 1913 Κομητοὶ
1104 1869 1225 1906 Reisk.
1363 1870 1398 1905 8.
1431 1864 1455 1916 ᾖ
1480 1869 1586 1904 Alem.

207 1917 246 1952 εἰ
270 1916 344 1951 ΑΡ.
506 1917 561 1952 19.
595 1916 812 1960 χιτωνίσκον
841 1933 888 1940 -
917 1915 1130 1959 πρέποντα]
1167 1915 1295 1950 Suidas
1328 1926 1357 1950 s.
1390 1928 1428 1953 v,
1458 1916 1586 1961 χιτών.

206 1964 265 2000 22.
287 1961 378 2003 τέως
398 1959 467 2008 μὲν
488 1981 533 1988 -
557 1961 752 2009 διατριβήν
775 1959 869 2007 εἶχεν
892 1961 974 1997 Vat.
997 1962 1111 1997 Med.=
1136 1973 1200 1996 om.
1222 1962 1292 1997 AP.

117 2055 205 2090 dora
238 2057 275 2089 et
308 2054 510 2096 Anastasia,
544 2065 685 2099 quarum
719 2058 803 2089 natu
836 2053 944 2088 maior
966 2053 1027 2088 vix
1050 2052 1229 2099 septimum
1253 2063 1376 2088 annum
1406 2053 1587 2099 attigerat.

115 2101 234 2136 Mater
264 2101 387 2135 orbata
418 2100 512 2142 viro,
545 2100 687 2134 alterius
709 2104 820 2135 torum
845 2099 1037 2145 quaesivit,
1070 2099 1128 2144 qui
1151 2110 1267 2133 secum
1290 2099 1327 2134 in
1350 2105 1526 2145 posterum
1552 2104 1588 2135 et

119 2146 363 2188 domesticam,
399 2150 435 2180 et
458 2146 606 2181 eiusdem
630 2146 780 2181 muueris
805 2157 921 2180 curam
944 2146 1148 2190 susciperet.
1195 2146 1325 2179 Verum
1346 2146 1505 2181 Asterius
1529 2158 1590 2181 or-

118 2194 276 2227 chestrae
306 2192 518 2238 prasinorum
542 2192 708 2236 magister
740 2193 783 2226 ab
814 2192 882 2226 alio
913 2192 1062 2237 pecunia
1091 2196 1375 2237 praeoccupatus
1399 2193 1462 2227 hos
1485 2205 1592 2227 exce-

120 2239 207 2272 dere
229 2238 345 2273 officio
369 2238 501 2281 voluit,
536 2238 627 2273 aeris
654 2239 822 2283 largitore
845 2238 881 2272 in
903 2238 1014 2272 locum
1038 2238 1128 2272 nullo
1153 2237 1251 2272 obice
1275 2243 1450 2283 cooptato.
1498 2239 1591 2274 Nam

118 2284 255 2320 isthaec
285 2285 536 2319 orchestrarum
565 2284 739 2328 magistris
762 2295 825 2328 pro
847 2284 1020 2318 arbitratu
1042 2284 1226 2328 disponere
1250 2284 1388 2319 licebat.
1437 2286 1484 2319 At
1518 2297 1592 2320 ma-

118 2335 177 2366 ter
208 2329 268 2364 ubi
300 2331 514 2376 frequentem
545 2331 709 2376 populum
731 2331 777 2365 ad
800 2329 1000 2364 venationes
1032 2330 1218 2374 aliquando
1242 2331 1467 2365 confluentem
1491 2331 1593 2373 vidit,

119 2376 292 2422 impositis
325 2376 514 2422 puellarum
545 2376 719 2421 capitibus
749 2377 974 2422 manibusque
1007 2375 1141 2410 coronis
1164 2387 1223 2410 eas
1247 2376 1386 2421 publice
1417 2377 1596 2422 supplica-

120 2426 218 2457 turas
257 2423 428 2468 exposuit.
477 2422 614 2456 Prasini
653 2422 879 2456 abiiciendam
919 2422 1022 2467 plane
1063 2422 1349 2468 supplicationem
1388 2423 1594 2457 decernunt.

122 2467 250 2503 veneti
271 2479 382 2514 nuper
404 2472 442 2504 et
470 2468 537 2514 ipsi
561 2468 747 2503 bestiarum
782 2469 893 2502 altore
928 2467 1088 2502 destituti
1117 2479 1178 2502 eas
1210 2468 1341 2502 muneri
1376 2469 1596 2514 praeficiunt.

124 2514 223 2555 Quas
246 2518 374 2556 mater,
406 2518 447 2549 ut
469 2519 546 2550 erat
569 2525 728 2560 quaeque
750 2514 962 2560 viripotens,
993 2525 1108 2548 omnes
1132 2515 1262 2559 alioqui
1284 2515 1395 2549 forma
1418 2515 1597 2559 elegantes

123 2559 330 2594 immittebat
350 2559 386 2594 in
409 2571 568 2603 scenam,
590 2572 658 2595 non
680 2561 817 2606 quidem
841 2561 902 2595 sub
927 2560 1015 2594 idem
1039 2564 1191 2606 tempus,
1214 2561 1277 2595 sed
1301 2565 1342 2594 ut
1362 2561 1518 2606 singulae
1540 2559 1600 2594 rei

125 2605 334 2641 videbantur
367 2611 595 2651 opportunae.
642 2606 823 2642 Comitona
852 2611 936 2641 natu
958 2606 1068 2640 maior
1090 2606 1234 2651 insignis
1257 2607 1324 2640 iam
1348 2606 1442 2640 inter
1465 2617 1598 2650 aequa-

126 2650 179 2685 les
211 2654 288 2686 erat
323 2652 541 2697 prostibulas.
589 2652 776 2688 Theodora
811 2663 899 2697 quae
929 2653 1023 2686 illam
1054 2656 1172 2687 aetate
1195 2652 1352 2698 proxime
1374 2652 1598 2696 sequebatur,

128 2696 345 2739 manuleata,
367 2702 408 2732 ut
429 2699 586 2734 servulae
609 2698 743 2742 solent,
764 2698 885 2733 induta
905 2698 1062 2733 tunicula
1085 2698 1118 2733 ei
1141 2698 1253 2733 omnia
1276 2697 1505 2739 ministravit,
1530 2698 1598 2732 hu-

129 2742 215 2776 meri
258 2753 302 2777 ue
323 2743 516 2779 subsellium
540 2745 663 2779 detulit
685 2745 742 2779 cui
764 2745 825 2780 illa
846 2744 1012 2779 insideret
1034 2744 1070 2778 in
1093 2744 1242 2778 circulis.
1281 2743 1349 2777 Per
1372 2743 1408 2777 id
1432 2743 1598 2790 temporis

131 2787 234 2823 Theo
259 2799 321 2823 ora
353 2788 465 2826 adhuc
485 2790 731 2838 intempestiva
751 2794 828 2827 toro
851 2790 1014 2836 coniungi
1035 2789 1111 2826 viro
1135 2794 1171 2826 et
1193 2789 1394 2826 feminarum
1417 2789 1488 2824 ritu
1512 2800 1596 2824 con-
