1800 3126
599 128 788 172 NOTAE
821 126 1119 173 ALEMANNI.
1487 124 1586 173 421

129 241 232 280 nulli
261 238 392 278 eidem
418 237 594 275 fuerunt.
652 237 789 276 Sancti
810 237 939 276 Sabae
965 237 1146 289 precibus
1171 247 1222 274 ne
1251 236 1317 275 vel
1344 249 1472 275 umun
1494 238 1587 290 qui-

129 298 241 346 dem,
271 303 314 334 ut
340 296 444 333 infra
474 293 673 343 dicemus,
707 296 920 346 impetrare
948 295 1077 346 potuit
1105 306 1258 331 marem
1286 295 1400 345 regni
1429 307 1588 333 succes-

126 367 270 394 sorem.
326 354 386 389 Ea
412 353 498 403 ipsa
522 352 698 388 ioemina
726 359 976 403 praemature
1006 351 1114 400 obiit,
1144 357 1263 403 atque
1296 352 1417 388 etiam
1444 349 1587 389 Theo-

127 410 222 449 dora
250 404 375 447 vitam
403 409 536 446 amisit
566 409 838 460 quinquennio
869 416 1083 460 autequam
1113 409 1251 460 quinta
1279 406 1456 459 synodus
1478 409 1587 445 Con-

125 466 381 517 stantinopoli
418 465 702 513 celebraretur,
744 466 855 503 cuius
894 472 1026 516 patres
1066 478 1089 503 a
1127 463 1475 515 Pseudogordiano
1513 464 1585 501 illo

124 525 249 561 vitam
282 520 521 560 Theodorae
563 522 780 574 liberisque
820 523 904 559 eius
945 528 1151 572 precantes
1188 520 1446 559 inducuntur.
1503 519 1587 559 Sed

123 580 227 618 infra
254 580 370 631 plura
398 578 447 616 de
475 579 636 615 illarum
666 578 925 629 epistolarum
952 580 1187 630 impostura.

232 637 279 673 P.
308 636 386 684 81,
416 637 456 676 6.
515 635 772 672 Monachum
805 633 876 671 deo
915 636 1129 686 insigniter
1161 633 1355 686 gratum]
1399 633 1586 671 Zosimus

122 692 183 729 vir
209 693 388 741 eximus,
425 693 536 729 cuius
565 689 722 729 diversa
751 692 968 729 sanctitatis
996 698 1255 729 monumenta
1285 691 1451 742 exponit
1478 691 1588 727 Eva-

121 750 230 800 grius
259 749 288 786 1.
318 746 346 788 4
375 762 409 786 c.
437 750 464 788 7
502 761 523 785 e
551 749 675 799 Lycia
708 746 928 785 destinatus
966 755 1024 785 est
1055 746 1106 784 ad
1134 749 1420 794 Iusfinianum,
1460 752 1505 783 ut
1542 747 1587 783 in

119 806 269 843 novell.
301 804 326 845 5
357 818 391 842 c.
420 805 462 844 2.
522 804 647 842 Sabas
675 802 798 842 homo
829 804 994 841 celebris
1023 805 1310 842 sanctimoniae
1340 817 1362 840 a
1390 803 1588 840 Palaesti—

120 863 183 899 nis
214 860 266 899 ad
294 860 468 899 eundem
496 867 556 898 est
583 861 797 911 allegatus,
836 867 881 897 ut
922 860 1056 898 scribit
1085 861 1258 912 Cyrillus
1288 858 1588 911 Scythopolita—

120 929 220 955 nus:
259 919 360 955 item
396 918 479 954 alii.
535 916 802 968 Euthymius,
843 915 1120 965 Theodosius,
1160 918 1309 969 aliique
1347 916 1588 954 sanctissimi

118 973 307 1012 monachi
334 974 407 1012 sub
431 974 650 1012 Iustiniano
673 974 909 1012 floruerunt:
939 974 1088 1012 nullius
1118 980 1253 1011 tamen
1280 973 1410 1010 fixum
1437 984 1588 1010 nomen

119 1032 316 1082 expressit
344 1031 576 1081 Procopius.

119 1089 123 1092 ’
230 1089 278 1125 Ρ.
306 1087 373 1135 83,
400 1090 442 1128 7.
498 1087 878 1124 Mansuetissimum
914 1085 1094 1123 hominis
1131 1083 1369 1137 ingenium]
1415 1085 1518 1122 Cum
1546 1085 1592 1121 in

118 1142 282 1196 reliquis
312 1142 598 1195 pertractandis
625 1144 809 1194 negotiis,
839 1150 927 1180 tum
955 1143 1134 1179 maxime
1163 1143 1205 1179 in
1237 1140 1587 1192 disputationibus,

117 1200 278 1252 quando
305 1207 526 1251 temperare
556 1201 731 1237 calorem
756 1201 920 1250 ingenii,
950 1200 1148 1251 impetum
1168 1199 1398 1249 reprimere,
1429 1198 1586 1249 sibique

115 1257 311 1308 imperare
349 1269 544 1308 perquam
581 1255 743 1293 difficile
783 1263 855 1294 est.
914 1258 1005 1308 Ipse
1039 1255 1089 1292 de
1126 1269 1169 1293 se
1201 1256 1443 1292 Iustinianus
1480 1251 1588 1305 apud

113 1314 392 1351 Innocentium
410 1313 688 1351 Maronianum
709 1313 918 1364 aequalem
947 1325 1080 1350 suum.
1142 1311 1411 1363 Cognovi-etis,
1439 1311 1586 1362 inquit,

114 1371 284 1421 quantis
306 1369 657 1421 propositionibus
685 1369 1028 1420 rationabilibus,
1072 1374 1109 1405 et
1134 1369 1322 1420 pacificis
1353 1381 1446 1404 cum
1476 1367 1587 1404 omni

113 1425 424 1464 mansuetudine
458 1433 493 1463 et
524 1427 734 1478 patientia
754 1426 933 1477 prolatis
971 1440 999 1463 a
1027 1424 1146 1462 nobis
1177 1426 1409 1476 Episcopus
1437 1423 1585 1461 Philo-

112 1496 240 1520 xenus
269 1496 498 1534 persuasus
533 1490 602 1522 est.
661 1483 746 1528 Qua
783 1480 1092 1521 mansuetudine
1132 1480 1230 1519 adeo
1268 1487 1467 1532 praestare
1507 1480 1586 1517 sibi

114 1540 199 1590 ipse
229 1539 457 1588 videbatur,
497 1546 542 1576 ut
576 1540 797 1590 Episcopos
835 1540 941 1576 inter
970 1537 1256 1589 disputandum
1286 1537 1337 1574 ad
1368 1550 1458 1574 eam
1485 1534 1585 1573 hor-

114 1597 188 1633 tari
213 1598 361 1634 veritus
390 1609 472 1634 non
500 1597 574 1643 sit3
606 1594 715 1648 quod
742 1593 852 1632 idem
880 1595 1136 1633 Maronianus
1166 1595 1388 1645 Episcopus
1416 1593 1552 1630 refert.

223 1654 270 1690 P.
300 1653 368 1701 83,
402 1655 468 1694 10.
527 1650 817 1690 Sacerdotibus
846 1650 1114 1703 indulgebat]
1158 1652 1245 1688 Non
1285 1651 1417 1688 solum
1453 1650 1590 1686 aliena

113 1709 419 1760 occupantibus,
451 1715 496 1746 ut
523 1706 592 1746 hic
618 1715 776 1756 narrat,
808 1715 846 1745 et
874 1709 979 1745 infra
1007 1709 1321 1745 Emessenorum
1351 1706 1586 1744 clericorum

112 1765 302 1817 exemplo
343 1765 539 1817 explicat:
587 1764 659 1802 sed
699 1766 821 1802 etiam
859 1765 1309 1815 Constantinopolitanis
1348 1760 1585 1814 patriarchis

116 1822 371 1871 oecumenici
406 1834 555 1859 nomen
582 1834 654 1872 per
682 1834 883 1860 summam
911 1823 1186 1859 Romanorum
1211 1819 1446 1871 pontificum
1474 1820 1584 1855 iniu-

111 1879 213 1916 riam
245 1878 546 1930 aucupantibus.
604 1876 720 1925 Quod
752 1891 843 1914 cum
880 1879 1033 1929 primus
1061 1879 1230 1914 Ioannes
1260 1875 1480 1927 Cappadox
1508 1888 1586 1912 au-

111 1947 180 1973 sus
209 1935 374 1983 fuisset,
410 1935 496 1986 ipse
528 1934 598 1986 qui
633 1941 722 1971 rum
748 1935 900 1972 Iustino
944 1934 1146 1972 avunculo
1176 1935 1387 1984 superstite
1416 1944 1582 1982 rempu-

111 1991 260 2028 blicam
303 1990 605 2029 administrabat
649 2003 777 2043 aequo
822 1992 956 2028 animo
1006 1990 1127 2038 tulit,
1180 1987 1326 2026 deinde
1367 1989 1583 2039 imperium

110 2046 292 2100 adeptus,
323 2055 454 2085 ratum
479 2054 717 2099 gratumque
745 2046 908 2095 habuit,
939 2046 1101 2098 suisque
1129 2046 1286 2097 legibus
1313 2046 1582 2096 perniciosum

109 2114 259 2142 nomen
287 2105 502 2155 inscripsit.
560 2106 688 2151 Quare
716 2103 986 2142 iurisconsulti
1014 2103 1153 2140 multis
1183 2109 1348 2154 parcant
1383 2103 1580 2152 interpre-
1603 2104 1633 2139 A
1655 2105 1699 2139 71

109 2161 338 2209 tentionibus,
369 2174 463 2198 cum
486 2161 741 2200 oecumenici
767 2173 915 2199 nomen
942 2160 1382 2211 Constantinopolitano
1410 2159 1581 2209 patriar-

110 2215 209 2255 chae
237 2218 483 2258 attributum.
541 2219 589 2256 In
617 2219 828 2255 Iustiniani
856 2216 1201 2254 constitutionibus
1231 2213 1453 2254 offendunt.

219 2275 267 2312 P.
296 2276 373 2322 83,
409 2276 474 2315 12.
533 2275 580 2312 Si
616 2272 781 2325 quando
820 2272 1062 2312 huiusmodi
1103 2286 1256 2310 causas
1299 2269 1578 2325 cognosceret]
1603 2275 1719 2310 P141

110 2328 264 2368 Eadem
302 2330 466 2368 licentia
512 2343 650 2368 causas
696 2331 1054 2369 ecclesiasticorum
1092 2330 1336 2368 Iustinianus
1378 2328 1576 2379 coguovit,

111 2398 191 2438 qua
225 2385 371 2426 iisdem
410 2387 522 2438 leges
561 2387 828 2439 praescribere
868 2399 988 2426 ausus
1028 2393 1111 2436 est3
1159 2399 1234 2424 nec
1270 2387 1401 2424 solum
1441 2385 1577 2422 civiles

110 2454 273 2492 causas,
301 2442 373 2482 sed
402 2445 525 2481 etiam
553 2445 758 2496 religionis
788 2450 827 2482 et
857 2445 1142 2483 controversias
1173 2442 1223 2481 de
1251 2442 1329 2480 fide
1359 2442 1435 2480 sibi
1463 2453 1575 2479 sum-

109 2500 201 2550 psit,
226 2499 526 2552 gaudebatque,
555 2508 601 2538 ut
627 2501 837 2539 Liberatus
866 2502 933 2549 ait,
963 2514 1005 2538 se
1033 2499 1082 2538 de
1110 2500 1267 2538 talibus
1295 2500 1432 2537 causis
1461 2495 1575 2534 iudi-

111 2555 222 2593 cium
237 2556 369 2608 serre,-
399 2557 499 2596 adeo
525 2564 571 2595 ut
601 2558 649 2594 ab
680 2558 874 2609 episcopis
904 2570 1191 2610 saepenumero
1221 2557 1389 2606 scriptis,
1420 2554 1574 2605 gravis-

112 2612 303 2664 simisque
335 2615 489 2664 verbis,
534 2621 572 2652 et
601 2615 774 2652 aliorum
803 2616 1018 2653 Caesarum
1047 2615 1234 2665 exemplo
1265 2613 1442 2650 monitus
1471 2607 1574 2646 nihil

112 2670 286 2707 cesserit.
351 2670 561 2709 Facundus
598 2673 942 2710 Herminianensis
982 2670 1268 2710 duodecimum
1309 2670 1392 2706 eius
1442 2666 1572 2718 operis

110 2724 258 2762 librum
287 2725 395 2777 quod
423 2726 472 2765 de
501 2728 626 2766 tribus
657 2729 850 2780 capitibus
879 2729 1100 2767 Iustiniano
1129 2726 1392 2777 mmcupavit,
1423 2723 1466 2760 iu
1494 2720 1574 2760 hoc

113 2789 390 2832 argumentum
419 2785 595 2824 insumit.
654 2787 719 2823 Ex
745 2799 824 2838 quo
853 2786 954 2824 libro
983 2785 1155 2837 paucula
1186 2782 1360 2821 delibare
1389 2778 1442 2818 ad
1469 2777 1572 2818 hanc
