1754 3132
184 182 206 225 1
216 181 244 225 8
766 180 1028 224 PROCOPII

181 290 252 340 ξὺν
284 293 334 347 τῇ
363 289 495 347 διαίτῃ
525 289 565 339 ἒς
588 286 736 345 τρόπον
752 293 1043 344 μεταβαλοῦσα
1064 290 1134 331 τὸν
1154 288 1349 343 πένθιμον
1370 286 1516 345 περιῄει
1535 304 1609 331 συ-

179 357 255 411 χνὰ
276 357 378 398 κατὰ
397 357 469 410 τὴν
489 357 615 398 οἲκιάν
633 355 857 408 κωκύουσα,
895 357 1064 411 ὀλολυγῇ
1082 373 1123 397 τε
1144 356 1359 410 κεχρημένη
1379 354 1608 411 ὠλοφύρετο

130 430 161 463 D
184 423 258 466 οὐκ
290 423 622 476 ἀπολελειμμένου
652 423 848 477 τάνδρὸς,
885 421 1022 464 ὁποῖον
1048 421 1150 477 αὐτῇ
1171 421 1327 475 ἀγαθὸν
1348 420 1519 473 ὠλώλει,
1555 420 1610 470 ὥς
1663 455 1671 463 .

182 490 348 542 πιστὸν,
385 488 438 538 ὥς
469 489 652 544 εὔχαριν,
685 488 739 539 ὥς
759 489 957 540 εὐνοϊκὸν,
988 486 1042 537 ὥς
1064 486 1318 543 δραστήριον.
1386 492 1609 530 τελευτῶσα

182 557 226 597 δὲ
246 558 311 597 καὶ
329 555 398 598 τὸν
422 555 551 610 ἄνδρα
573 556 613 603 ἐς
630 554 782 604 ταύτας
805 555 854 609 δὴ
872 554 1143 609 ἒπαγαγομένη
1166 554 1239 602 τὰς
1260 552 1495 610 ὀλοφύρσεις
1517 552 1642 596 ἑκά-5

182 627 312 664 θισεν.
381 622 501 673 ἔκαμε
527 625 623 675 γοῦν
654 621 674 664 ὃ
707 622 960 676 ταλαίπωρος
978 621 1048 663 τὸν
1067 619 1257 662 ποθεινὸν
1275 619 1485 662 ἀνακαλῶν
1507 622 1612 663 Θεο-

180 685 330 731 δόσιον.
397 686 567 742 ὕστερον
588 689 653 729 καὶ
676 688 717 737 ἐς
734 687 902 742 ΙΒασιλέα
923 687 1076 739 ἐλθὼν,
1110 684 1234 728 αὐτόν
1254 703 1295 727 τε
1314 687 1379 728 καὶ
1398 687 1470 740 τὴν
1490 691 1612 740 βασι-

178 755 270 796 alda
302 751 483 795 ἱκετεύων
492 785 504 804 ,
534 753 711 796 ἀνέπεισε
743 752 960 796 Θεοδόσιον
989 753 1337 807 μεταπέμψασθαι
1346 784 1360 804 ,
1391 752 1461 794 ἅτε
1487 753 1612 807 ἄναγ-

179 827 292 862 καΐον
313 819 427 876 αὐτῷ
450 819 552 860 κατὰ
576 819 648 873 τὴν
669 822 797 862 οἲκιάν
822 819 919 862 ὄντα
944 836 986 861 τε
1004 822 1069 861 καὶ
1100 818 1300 872 ἐσόμενον.
1370 818 1474 860 ἀλλὰ
1506 821 1609 861 Θεο·

179 884 315 934 δόσιος
341 885 480 927 ἀπεῖπε
508 888 678 940 μηδαμῆ
707 887 865 928 ἐνθένδε
893 886 1013 937 ἰέναι,
1048 884 1102 935 ὥς
1122 885 1408 940 ἀσφαλέστατα
1429 883 1608 937 ἓμπεδῶ-
1621 893 1664 926 10

179 969 260 994 σειν
289 950 593 1007 ἴσχυρισάμενος
619 953 665 994 τὸ
697 957 776 996 τῶν
802 957 990 1006 μοναχῶν
1020 950 1276 1006 ἐπιτήδευμα.
1348 947 1394 1004 ἦν
1419 953 1463 994 δὲ
1485 949 1608 1006 ἅραὸ

178 1016 294 1073 λόγος
311 1017 607 1070 κατάπλαστος,
641 1017 749 1068 ὅπως
768 1020 924 1060 ἐπειδὰν
943 1017 1113 1073 τάχιστα
1131 1015 1368 1073 Βελισάριος
1386 1019 1429 1060 ἐκ
1449 1020 1610 1068 Βυζαν-

177 1086 264 1126 τίου
294 1084 548 1138 ἀποδημοίη,
583 1085 706 1135 αὐτὸς
742 1085 851 1141 παρὰ
880 1085 954 1140 τὴν
975 1085 1214 1128 Ἀντωνίναν
1240 1085 1431 1141 ἀφίκηται
1455 1082 1606 1141 λάθρα.

176 1150 274 1208 ὅπερ
297 1146 368 1194 οὖν
388 1152 454 1192 καὶ
476 1151 638 1204 ἐγένετο.

83 1221 112 1255 Ρ
135 1223 159 1255 6
312 1215 367 1269 β’.
436 1216 598 1258 Αὐτίκα
625 1213 863 1272 Βελισάριος
890 1217 964 1268 μὲν
997 1214 1050 1265 ὥς
1077 1214 1248 1273 Χοσρόῃ
1276 1214 1512 1270 πολεμήσων
1540 1215 1610 1266 ξὺν
1622 1226 1663 1261 15

177 1287 235 1340 τῷ
263 1283 410 1340 Φωτίῳ
434 1282 660 1333 ἐστέλλετο,
689 1283 903 1325 Ἀντωνίνα
930 1283 975 1323 δὲ
1003 1282 1129 1325 αὐτοῦ
1156 1282 1324 1336 ἔμεινεν,
1362 1282 1435 1325 οὐκ
1465 1282 1611 1331 εῗωθὸς

176 1349 280 1405 αὐτῇ
309 1347 503 1404 πρότερον
530 1347 653 1390 τοῦτό
683 1367 738 1404 γε.
808 1353 880 1390 τοῦ
901 1349 977 1404 γὰρ
999 1349 1056 1402 μὴ
1080 1349 1183 1391 κατὰ
1203 1347 1333 1402 μόνας
1355 1349 1425 1391 τὸν
1444 1348 1610 1404 ἅνθρω-

175 1433 254 1458 πον
285 1413 582 1467 καθιστάμενον
612 1416 653 1457 ἓν
686 1415 796 1473 αὖτῷ
827 1432 869 1456 τε
899 1415 1083 1469 γενέσθαι
1104 1418 1170 1458 καὶ
1191 1419 1272 1458 τῶν
1289 1416 1436 1470 ἐκείνης
1452 1432 1610 1470 μαγγα-

178 1480 386 1536 νευμάτων
429 1481 700 1536 ὀλιγωροῦντα
736 1482 940 1538 φρονῆσαί
965 1498 1002 1523 τι
1034 1481 1141 1538 ἀμφ’
1176 1481 1280 1538 αὐτῇ
1307 1486 1388 1524 τῶν
1420 1481 1606 1533 δεόντων,

178 1546 408 1602 πανταχόσε
437 1552 509 1601 τῆς
537 1552 609 1602 γῆς
638 1549 710 1598 ξῦν
747 1548 857 1605 αὐτῷ
895 1548 1134 1590 στέλλεσθαι
1173 1548 1349 1602 ἐπιμελές
1377 1549 1416 1591 οἶ
1443 1548 1664 1603 {stateram

176 1614 284 1664 ὅπως
307 1616 351 1656 δὲ
375 1615 440 1656 καὶ
458 1610 582 1663 αὖθις
605 1616 811 1672 Θεοδοσίῳ
830 1614 941 1670 παρὰ
955 1613 1191 1658 Ἀντωνίναν
1210 1614 1373 1669 ἔσιτητὰ
1391 1610 1450 1670 εἴη
1460 1647 1473 1666 ,
1513 1613 1611 1656 Φώ-

79 1682 110 1715 A
132 1682 154 1716 7
177 1698 263 1725 τιον
291 1678 470 1723 ἐκποδών
501 1681 539 1723 οἶ
565 1682 753 1735 γενέσθαι
771 1682 813 1724 ἐν
832 1685 962 1737 βουλῇ
982 1682 1161 1724 ἐποιεῖτο.
1228 1683 1358 1724 πείθει
1374 1683 1509 1724 τοίνυν
1529 1685 1610 1723 τῶν

260 1820 295 1854 3.
319 1815 386 1853 οὐκ
409 1815 730 1866 ἀπολελειμμένου]
755 1816 823 1855 οὐκ
845 1816 1124 1864 οἷπολελειμμένη
1147 1819 1266 1855 Reisk.
1385 1820 1470 1854 ibid.
1492 1818 1609 1866 αὐτῇ]

263 1862 357 1908 αὐτὴ
380 1863 496 1901 ΚεὶεΙε.
630 1867 687 1901 20.
710 1864 872 1910 ἐγένετο]
897 1864 1030 1910 ἐγίνετο
1051 1865 1154 1900 Alem.

174 1989 246 2027 ste,
270 1986 449 2030 victusque
471 1985 602 2020 ratione
625 1998 706 2032 prae
730 1998 767 2022 se
788 1988 880 2021 ferre
903 1986 1116 2029 moestitiam,
1141 1984 1322 2020 identidem
1345 1984 1524 2020 circumire
1547 1987 1606 2020 do-

176 2043 260 2064 mum
291 2031 485 2070 lacrimans,
515 2031 725 2075 efflansque,
759 2033 839 2065 illud
872 2032 1047 2065 lamentari
1070 2031 1189 2065 marito
1216 2030 1389 2063 etiamnum
1413 2031 1607 2075 superstite,

173 2077 326 2109 amissam
348 2075 412 2107 viri
434 2075 550 2118 optimi
573 2077 694 2116 fidem,
717 2076 879 2119 gratiam,
906 2076 1188 2115 benevolentiam,
1210 2075 1427 2115 industriam3
1460 2075 1607 2118 denique

174 2121 346 2163 coniugem
370 2119 475 2163 ipsum
500 2120 534 2152 in
557 2120 690 2153 easdem
713 2121 763 2154 ita
786 2121 984 2165 pertrahere
1006 2119 1278 2159 lamentationes,
1311 2124 1349 2152 ut
1378 2119 1522 2164 impigre
1549 2120 1606 2153 ine

174 2165 307 2208 quidem
331 2164 532 2203 elaboraret,
556 2175 621 2208 quo
646 2165 818 2199 adamatus
842 2170 1058 2198 revocaretur
1081 2164 1303 2199 Theodosius.
1340 2165 1494 2198 Tandem
1518 2165 1607 2198 Cae-

174 2220 282 2242 sarem
315 2208 407 2248 adit,
443 2214 479 2241 et
509 2211 710 2251 Augustam,
743 2221 764 2243 a
794 2209 915 2254 quibus
947 2214 984 2242 ut
1015 2209 1071 2243 ille
1098 2214 1290 2242 accersatur
1311 2209 1455 2252 supplex
1477 2209 1605 2243 demum

174 2253 353 2297 impetrat,
389 2253 516 2296 quippe
538 2254 595 2296 qui
618 2254 684 2286 sibi
708 2265 772 2287 non
795 2255 829 2286 in
858 2254 1053 2299 praesentia
1075 2255 1200 2293 solum,
1237 2253 1296 2286 sed
1321 2258 1357 2286 et
1378 2253 1413 2286 in
1436 2258 1605 2298 posterum

173 2298 263 2331 domi
296 2298 427 2330 futurus
451 2302 543 2330 esset
566 2299 848 2341 pernecessarius.
896 2301 942 2332 At
970 2299 1048 2332 inde
1070 2302 1174 2342 negat
1195 2308 1232 2330 se
1253 2298 1419 2331 abiturum
1444 2298 1606 2332 Theodo-

173 2342 265 2381 sius,
309 2343 522 2386 affirmatque
556 2353 631 2375 esse
661 2342 725 2376 iam
763 2343 871 2376 animo
907 2342 951 2375 ad
983 2345 1214 2376 monachorum
1253 2342 1438 2376 institutum
1473 2342 1605 2387 penitus

174 2387 378 2420 confirmato.
427 2387 523 2419 Haec
543 2391 655 2421 tamen
675 2388 726 2420 ita
748 2386 934 2427 simulavit,
971 2394 1009 2422 ut
1043 2399 1115 2421 cum
1148 2387 1286 2431 primum
1308 2386 1473 2431 Byzantio
1496 2387 1606 2422 disce-

173 2431 271 2466 deret
292 2430 497 2471 nonarius,
524 2431 598 2474 ipse
621 2432 705 2465 clam
729 2432 792 2474 (ut
814 2436 850 2465 et
872 2433 998 2466 factum
1021 2433 1099 2475 est)
1124 2431 1322 2465 Antoninum
1347 2430 1551 2466 conveniret.

228 2506 229 2509 ,
262 2478 296 2510 2.
343 2475 478 2508 Interea
513 2486 585 2508 cum
617 2477 739 2510 Photio
770 2476 953 2510 Belisarius
985 2477 1145 2510 adversus
1175 2476 1357 2509 chosroem
1398 2475 1540 2509 mittitur
1568 2477 1603 2510 in

174 2520 442 2564 expeditionem3
473 2521 658 2560 Antonine,
692 2526 829 2564 praeter
859 2531 980 2554 morem
1015 2521 1211 2565 pristinum,
1239 2520 1399 2564 Byzantii
1429 2521 1603 2554 subsistit:

173 2576 381 2609 summopere
410 2563 495 2597 enim
527 2565 660 2598 curavit
689 2565 853 2598 Belisario
884 2576 923 2598 se
951 2566 1104 2599 comitem
1135 2564 1398 2607 adiungendam,
1437 2575 1505 2609 quo
1545 2565 1602 2599 ine

173 2621 304 2653 cunque
334 2613 498 2643 terrarum
526 2613 704 2653 pergeret,
738 2611 848 2642 verita
880 2621 923 2643 ne
955 2610 1013 2642 ubi
1040 2610 1129 2643 solus
1159 2614 1266 2648 esset,
1299 2608 1342 2641 ad
1366 2615 1506 2643 mentem
1529 2609 1602 2654 ipse

173 2655 322 2695 rediret,
353 2654 490 2696 suisque
520 2654 683 2696 neglectis
711 2653 924 2698 praestigiis,
955 2653 998 2686 de
1031 2665 1068 2687 se
1101 2658 1323 2698 opportunum
1346 2653 1482 2698 aliquod
1499 2653 1602 2688 iniret

172 2699 356 2733 consilium.
401 2697 511 2741 Igitur
543 2698 737 2731 Theodosio
775 2702 813 2731 ut
852 2698 895 2731 ad
926 2709 963 2731 se
993 2698 1150 2732 veniendi
1181 2697 1285 2731 omnis
1314 2701 1447 2742 pateret
1477 2698 1599 2739 aditus,

172 2743 328 2778 Photium
358 2743 401 2776 de
429 2742 539 2777 medio
563 2742 682 2777 tollere
711 2743 866 2784 molitur,
899 2743 1085 2788 suadetque
1107 2742 1272 2777 nonnullis
1293 2753 1335 2776 ex
1358 2742 1516 2776 Belisarii
1537 2743 1598 2776 sti·
