1800 3126
582 120 773 164 NOTAE
805 119 1100 164 ALEMANNI.
1320 97 1322 99 ’
1475 118 1570 164 387

115 231 170 273 ad
195 232 399 284 episcopos
435 230 479 268 in
517 229 686 268 eandem
723 230 963 269 sententiam
991 229 1105 280 dato,
1142 235 1188 267 ut
1221 239 1322 266 mox
1350 226 1576 265 declarabo.

114 291 363 341 Quamquam
390 301 483 325 vero
507 289 650 325 Iustini
678 289 927 335 constitutio,
968 289 1078 325 cuius
1116 284 1183 324 hic
1210 286 1395 322 meminit
1426 286 1576 322 Proco-

114 347 228 399 pius,
263 351 358 382 nota
387 345 560 383 consulis
590 350 720 382 careat
748 357 829 382 non
859 344 991 382 solum
1023 345 1066 381 in
1094 343 1295 394 impressis
1325 341 1461 389 libris,
1504 339 1578 378 sed

114 403 234 441 etiam
269 402 312 439 in
353 403 515 453 antiquo
558 400 693 439 codice
728 402 940 449 Vatican03
984 408 1121 438 tamen
1163 412 1217 437 ex
1257 399 1447 449 inscripto
1491 398 1578 434 De·-

112 456 332 498 mosthenis
358 460 541 506 nomine,
570 457 866 510 promulgatam
895 470 984 494 eam
1013 470 1093 495 non
1125 455 1352 494 dubitamus
1380 461 1471 506 post
1501 467 1579 491 an-

113 527 213 553 num
239 516 382 552 Iustini
407 517 584 563 tertium,
613 515 678 552 vel
703 513 857 552 duobus
887 514 1166 566 sequentibus,
1200 511 1358 565 quando
1387 510 1577 563 praetorii

113 572 404 624 praefecturam
424 569 714 609 Demosthenes
739 569 1043 619 administravit,
1072 577 1117 608 ut
1147 583 1199 607 ex
1220 575 1449 621 praetorum
1477 568 1578 605 serie
1603 565 1635 602 V
1655 564 1726 601 354

115 626 171 666 ad
208 629 419 666 consulum
457 635 616 679 tempus
652 641 675 665 a
709 627 824 667 nobis
865 634 1045 664 revocata
1081 625 1217 664 videre
1257 626 1351 663 licet
1387 625 1490 662 infra
1530 622 1582 663 ad

116 697 160 736 p.
194 686 264 725 92.
331 687 464 736 Ipsam
498 685 640 723 Iustini
677 685 1020 731 constitutionem,
1067 682 1176 735 quod
1214 681 1265 720 ad
1304 680 1583 720 illustrandam

117 748 272 792 partem
301 739 421 779 huius
449 740 635 779 historiae
663 742 921 792 praecipuam
947 741 1163 791 pertineat,
1193 737 1260 776 hic
1283 740 1480 789 integram
1510 737 1584 775 da—

117 810 224 836 mus.
280 799 328 834 In
367 811 446 850 qua
485 797 563 836 duo
605 798 729 835 velim
763 796 1070 835 animadvertas.
1126 797 1224 833 Post
1259 795 1393 846 legem
1422 795 1582 844 Iuliam,

119 854 512 902 Constantinianum,
563 861 603 891 et
643 855 882 891 Martianam
929 852 978 891 de
1027 859 1256 891 senatorum
1303 853 1583 900 matrimoniis,

118 912 296 962 primum
335 911 407 948 snb
436 912 588 948 Iustino
628 918 666 948 et
703 912 923 948 Iustiniano
963 908 1141 946 auditam
1176 922 1262 947 esse
1299 909 1343 945 in
1380 908 1474 946 orbe
1500 910 1585 945 Ro-

118 979 239 1004 mano
268 969 513 1005 sanctionem
543 966 592 1004 de
631 975 859 1005 senatorum
891 967 1040 1017 nuptiis
1072 979 1164 1003 cum
1193 965 1354 1003 abiectis
1389 965 1586 1016 personis.

113 1021 274 1060 Deinde
301 1024 397 1061 licet
425 1025 469 1060 in
498 1025 780 1062 Constantiana
808 1024 897 1074 lege
934 1036 1007 1074 per
1035 1021 1138 1060 hanc
1166 1023 1369 1073 antiquata
1398 1022 1586 1059 nomina·-

118 1080 195 1117 tim
221 1086 409 1118 notentur
436 1081 631 1128 ancillae,
661 1081 845 1131 libertae,
875 1081 1071 1127 scenicae,
1102 1078 1368 1128 tabernariae,
1398 1077 1588 1116 lenonum

119 1143 158 1173 et
185 1139 466 1174 arenariorum
476 1137 612 1188 filiae,
643 1151 824 1188 quaeque
851 1137 1122 1174 mercimoniis·
1134 1134 1300 1186 publice
1310 1135 1589 1185 praefuerint5

119 1198 256 1230 tamen
284 1199 329 1230 ut
356 1194 475 1244 plane
503 1194 817 1244 intelligeremus
842 1188 913 1244 pro
932 1190 1146 1231 Theodora
1175 1192 1367 1228 sancitam
1395 1189 1498 1228 hanc
1524 1190 1587 1227 le-

120 1261 216 1300 gem
242 1249 379 1297 fuisse,
413 1251 613 1287 Iustinum
641 1251 745 1288 solas
774 1249 839 1288 hic
867 1250 1073 1287 nominare
1101 1248 1290 1285 mulieres
1309 1248 1505 1298 scenicae,
1533 1258 1587 1284 ex

121 1317 202 1358 qua
228 1307 424 1344 nimirum
451 1306 562 1344 faece
591 1305 808 1345 Theodora
835 1306 980 1344 fuerat.

345 1416 494 1463 IMP.
574 1416 878 1465 IUST.
959 1418 1369 1463 AUGUSTUS

435 1498 716 1535 DEMOSTHEM
746 1508 984 1534 PRAEFECTO
1014 1508 1274 1534 PRAETORIO.

235 1585 458 1637 Imperialis
489 1587 789 1624 benevolentiae
818 1587 1024 1637 proprIum
1051 1583 1127 1623 hoc
1158 1598 1243 1623 esse
1273 1582 1513 1631 iudicantes,
1543 1588 1589 1619 ut

125 1641 237 1678 omni
270 1648 450 1694 tempore
490 1643 758 1681 subiectorum
797 1641 1007 1680 commoda
1044 1648 1127 1679 tam
1165 1642 1426 1691 investigare,
1468 1651 1589 1691 quam

125 1699 186 1734 eis
222 1697 375 1736 mederi
413 1711 691 1750 procuremus:
731 1700 866 1750 lapsus
905 1712 1063 1751 quoque
1100 1699 1338 1745 mulierum,
1379 1710 1450 1748 per
1490 1709 1590 1747 quos

125 1752 334 1804 indignam
363 1753 513 1793 honore
546 1758 888 1794 conversationem
923 1755 1196 1792 imbecillitate
1231 1767 1351 1791 sexus
1383 1754 1589 1803 elegerint,

126 1813 368 1862 competenti
395 1811 666 1850 moderatione
703 1810 966 1850 sublevandos
1004 1824 1089 1849 esse
1129 1821 1361 1848 censemus:
1400 1811 1591 1846 minime-

127 1878 206 1918 que
237 1869 292 1906 eis
322 1881 436 1919 spem
463 1869 640 1906 melioris
670 1867 907 1906 conditionis
948 1867 1146 1916 adimere,
1186 1874 1231 1904 ut
1264 1865 1315 1903 ad
1346 1879 1436 1903 eam
1464 1866 1592 1915 respi-

127 1924 298 1972 cientes,
340 1925 607 1976 improvidam
647 1932 686 1963 et
727 1927 861 1962 miuus
906 1923 1118 1962 honestam
1161 1924 1396 1960 electionem
1434 1922 1591 1958 facilius

128 1977 418 2032 derelinquant.
476 1984 579 2019 Nam
615 1982 671 2019 ita
709 1981 906 2018 credimus
948 1980 1013 2018 dei
1040 1980 1383 2026 benevolentiam,
1423 1985 1461 2015 et
1490 1979 1593 2014 circa

128 2047 254 2087 genus
279 2035 501 2075 humanum
524 2040 693 2075 nimiam
718 2039 984 2086 clementiam,
1017 2044 1211 2089 quantum
1238 2042 1397 2073 nostrae
1425 2041 1589 2071 naturae
1614 2035 1644 2070 Α
1666 2035 1712 2071 39

127 2093 317 2144 possibile
347 2100 428 2142 est,
457 2095 628 2143 imitari,
655 2096 724 2147 qui
754 2093 961 2132 cotidianis
990 2092 1201 2131 hominum
1229 2093 1402 2143 peccatis
1435 2104 1594 2141 semper

127 2149 334 2199 ignoscere
366 2149 574 2201 dignatur,
618 2158 658 2188 et
685 2151 973 2202 poenitentiam
1002 2152 1201 2201 suscipere
1229 2156 1430 2196 nostram,
1474 2154 1513 2184 et
1541 2145 1594 2184 ad

129 2206 337 2245 meliorem
372 2220 463 2244 eam
499 2214 647 2246 statum
680 2207 889 2245 deducere.
947 2205 1062 2253 Quod
1099 2208 1134 2244 si
1169 2207 1272 2243 circa
1308 2211 1465 2242 nostros
1495 2203 1594 2241 sub—

129 2261 252 2301 iectos
279 2265 448 2314 imperio
476 2277 550 2302 nos
590 2266 710 2301 etiam
737 2264 867 2302 facere
898 2262 1147 2311 differamus,
1188 2262 1302 2299 nulla
1334 2262 1451 2299 venia
1482 2259 1594 2311 digni

118 2329 218 2357 tesse
246 2319 485 2358 videbimur.
542 2322 681 2373 Itaque
710 2334 801 2358 cum
836 2322 1031 2358 iniustum
1065 2321 1139 2368 sit,
1181 2331 1316 2356 servos
1346 2316 1511 2369 quidem
1539 2317 1594 2353 li-

130 2373 280 2413 ben-tate
311 2375 490 2425 donatos,
518 2391 636 2429 posse
663 2391 735 2429 per
761 2376 937 2415 divinam
963 2375 1255 2427 indulgentiam
1282 2374 1479 2411 natalibus
1510 2373 1592 2410 suis

133 2432 307 2482 restitui,
335 2440 548 2486 postquam
578 2432 811 2472 huiusmodi
837 2434 1054 2485 principale
1083 2432 1319 2470 beneficium
1348 2432 1403 2467 ita
1433 2428 1589 2479 degere,
1612 2431 1642 2465 P
1663 2431 1729 2466 118

132 2489 248 2538 quasi
281 2502 488 2542 nunquam
516 2492 749 2539 servissent,
795 2489 867 2528 sed
904 2491 1068 2540 ingenui
1095 2490 1179 2527 nati
1209 2494 1361 2527 essent:
1406 2486 1593 2522 mulieres

135 2549 291 2592 numm,
331 2559 432 2599 quae
472 2549 638 2586 scenicis
680 2546 844 2600 quidem
883 2547 989 2598 lupis
1026 2559 1114 2584 sese
1151 2552 1241 2582 ante
1278 2544 1592 2589 immiscuerunt,

136 2606 274 2652 postea
315 2615 408 2641 vero
457 2612 587 2656 spreta
627 2605 735 2642 mala
774 2602 999 2643 conditione
1037 2602 1089 2640 ad
1126 2602 1336 2639 meliorem
1372 2599 1594 2648 migravere

136 2658 391 2707 sententiam,
437 2667 476 2698 et
517 2660 771 2699 inhonestam
810 2661 1100 2713 professionem
1148 2658 1391 2708 effugerunt,
1439 2654 1594 2691 nullam

138 2727 254 2765 spem
291 2716 516 2767 principalis
550 2716 696 2755 habere
725 2718 930 2766 beneficii,
967 2715 1078 2769 quod
1114 2728 1180 2753 eas
1218 2713 1270 2751 ad
1305 2712 1422 2749 illum
1448 2717 1595 2748 statum

139 2769 355 2820 reduceret,
382 2773 426 2810 in
455 2785 533 2825 quo
563 2775 598 2812 si
624 2773 727 2811 nihil
754 2773 955 2813 inhonesti
982 2778 1190 2824 peccatum
1214 2776 1330 2817 esset,
1359 2768 1595 2807 commorari
